2952 4988
270 344 308 402 a,
327 341 414 400 cua.
519 339 657 400 anouu
682 338 922 400 rasuconuu
1025 342 1091 400 sos.
1180 322 1254 396 209

209 485 382 562 Alscrrruur
405 503 630 546 snrnsscarrrs
652 483 813 546 Centrum
834 505 873 544 nr
895 503 1002 544 sonuu
1024 503 1150 546 rnxrus.

507 602 563 664 De
583 620 662 682 paee
683 598 853 660 seruando.

200 708 226 770 l.
268 708 318 770 De
336 725 429 790 pace,
453 714 490 767 nt
510 727 620 768 omnes
640 703 697 789 qui
718 725 779 788 per
798 703 906 789 aliqua
925 705 1050 769 scelera
1068 707 1099 770 ei
1117 707 1258 774 rebelles
1288 759 1291 786 3

117 799 206 870 sunt,
228 791 502 873 constringantur.
888 823 891 828 -
1104 818 1108 823 ·

461 899 516 998 pe
544 897 674 958 iustitiis
695 895 906 990 generalibus.

201 1004 243 1065 ll.
285 1004 335 1066 De
351 1003 482 1066 iustitiis
501 1003 722 1082 Ecclesiarnm
735 1002 1010 1084 Dei,viduarnn1‚
1030 1001 1261 1088 orphanorum,

95 1087 333 1188 ¹pupillorum.
853 1091 857 1106 '
933 1099 935 1102 '
1191 1105 1192 1112 ¹

227 1193 271 1255 Ut
289 1191 408 1254 viduae
417 1171 433 1266 ,‘
453 1193 602 1278 orphani,
629 1205 659 1254 et
677 1213 834 1278 pauperes
851 1214 915 1254 non
933 1191 1160 1275 despiciantur.

205 1297 269 1362 Ill.
312 1303 355 1362 Ut
385 1300 420 1362 in
460 1298 602 1383 puhlicis
631 1299 763 1360 iustitiis
790 1317 855 1360 non
887 1297 1107 1381 despiciuntur
1132 1301 1263 1381 viduae,

122 1380 273 1466 orphani,
293 1391 327 1444 et
345 1404 505 1468 pauperes
525 1384 711 1460 clamantes,
732 1382 789 1443 sed
802 1381 982 1466 diligenter
1001 1379 1175 1447 audiantur
1193 1386 1264 1470 pri-

122 1487 176 1528 mo
196 1465 342 1528 omnium
361 1487 474 1530 eorum
496 1465 627 1550 negotia
646 1473 678 1526 et
698 1485 822 1529 causae.

413 1599 468 1662 De
484 1597 607 1660 iustitia
617 1596 744 1658 Domni
758 1594 976 1679 Imperatoris.

207 1705 265 1770 lv.
306 1706 356 1768 De
377 1693 634 1768 iustitiaDomni
658 1702 885 1786 Imperatoris,
920 1711 957 1764 ut
975 1702 1120 1787 pleniter
1138 1703 1194 1766 flu
1214 1703 1268 1764 in·
1298 1709 1303 1720 ‘

126 1798 256 1874 qurstta.
620 1859 624 1868 ,
664 1849 669 1854 ,
789 1843 792 1852 ,

214 1895 217 1902 ’
294 1870 344 1932 De
360 1868 474 1954 sance,
502 1867 610 1943 elude,
628 1882 660 1931 et
674 1868 871 1954 pestilentia,
899 1870 928 1929 si
946 1871 1099 1931 evenerit.
1162 1931 1163 1936 ,

208 1977 249 2042 V.
290 1967 340 2041 De
357 1977 421 2039 lroc
438 1978 527 2060 quod
545 1977 573 2040 si
594 1977 743 2040 evenerit
760 1977 878 2053 fames,
899 1975 1018 2052 clades,
1037 1986 1094 2038 ant
1111 1975 1269 2056 inaequa-

127 2058 203 2120 litas
222 2059 323 2139 neris,
347 2063 400 2124 vel
418 2063 481 2123 alia
501 2081 718 2144 quaecunque
735 2059 923 2137 tribulatio,
946 2067 1063 2119 utnon
1080 2067 1272 2141 expectetur
1325 2077 1331 2094 ·

129 2141 274 2287 pdicturlp
294 2155 459 2224 nostrum,
487 2145 544 2208 sed
562 2145 668 2207 statim
684 2143 747 2206 Dei
772 2141 994 2204 misericordia
1018 2142 1213 2226 deprecetur
1234 2140 1270 2200 in

145 2244 203 2286 oco
223 2248 244 2286 u
269 2226 352 2289 isit.

221 2333 271 2394 De
293 2332 490 2396 sublevando
511 2335 696 2394 necessitate
715 2329 892 2418 pauperum
912 2344 1053 2416 tempore
1065 2329 1180 2412 sumis.

211 2441 269 2503 Vl.
309 2442 355 2503 Et
371 2440 406 2502 in
425 2439 592 2524 praesenti
614 2461 699 2502 anno
719 2440 759 2502 de
778 2438 871 2500 famis
891 2438 1013 2519 inopia,
1034 2447 1070 2496 nt
1088 2459 1162 2499 snos
1179 2438 1272 2521 quis·

128 2544 194 2606 qne
210 2523 353 2602 adiuvet,
368 2534 400 2584 et
412 2546 502 2586 sunm
518 2545 680 2584 annonam
698 2543 763 2583 non
783 2521 879 2582 nimis
895 2523 970 2583 care
990 2520 1124 2582 vendat.
1163 2521 1206 2584 Es
1229 2543 1272 2586 nc

127 2603 209 2670 forls
226 2607 400 2692 imperium
420 2616 567 2668 nostrum
582 2606 747 2670 vendatur
767 2604 894 2688 aliquid
909 2603 1089 2666 alimoniae.

476 2737 528 2799 De
544 2739 640 2799 armis
660 2759 724 2800 non
741 2737 920 2822 portandis.
960 2765 962 2768 ·

212 2843 285 2908 Vll.
327 2845 376 2920 De
398 2844 493 2906 armis
510 2845 597 2909 inira
612 2844 748 2928 patriam
768 2842 1037 2926 conponendis,
1060 2842 1095 2906 id
1114 2855 1178 2924 est,
1201 2867 1272 2910 seu·

127 2925 169 2990 tis
186 2935 219 2989 ct
235 2926 357 2988 lanceis
381 2936 414 2988 et
434 2927 556 2990 loricis.
598 2928 632 2990 Si
646 2925 788 2990 faidosus
807 2929 879 3008 quis
898 2927 956 3005 sit,
979 2927 1171 2990 discutiatur
1190 2939 1271 2994 tnnc

128 3009 202 3092 'quis
221 3009 238 3070 ὁ
256 3009 382 3076 duobus
404 3010 586 3073 contrarius
611 3010 652 3076 sit
677 3019 713 3070 ut
738 3009 851 3092 pacatis
868 3010 953 3080 sint;
980 3019 1014 3072 et
1035 3010 1272 3094 distringantur

128 3093 170 3154 ad
209 3113 317 3170 acem,
352 3091 476 3154 etiamsi
498 3093 675 3164 noluerint.
723 3091 819 3170 Etsi
840 3091 935 3179 aliter
979 3091 1120 3154 acilicari
1140 3094 1270 3174 nolunt,

128 3174 169 3235 ad
194 3184 333 3237 ucantnr
352 3173 386 3234 in
407 3185 550 3238 nostram
563 3175 788 3260 praesentiam.
830 3176 872 3236 Et
889 3175 916 3236 si
935 3114 1053 3259 aliquis
1068 3184 1140 3258 post
1156 3177 1270 3260 pacifi-

127 3256 289 3318 cationem
306 3257 444 3322 alterum
460 3259 629 3338 occiderit,
651 3266 822 3340 componat
836 3257 948 3336 illum,
975 3267 1007 3338 et
1022 3279 1153 3319 manum
1172 3281 1270 3344 qnam

126 3339 308 3423 periuravit
327 3342 453 3426 perdat,
476 3351 509 3404 ct
528 3342 664 3426 insuper
680 3340 825 3401 hunnum
842 3340 1042 3403 dominicum
1056 3342 1171 3405 solvat.

318 3469 360 3532 Ut
380 3468 421 3532 cle
447 3469 617 3533 duodecim
639 3469 757 3530 mansis
783 3468 897 3530 brunia
917 3469 1079 3532 habemur.

209 3577 298 3639 VIII.
339 3577 388 3637 De
413 3577 508 3639 armis
528 3578 561 3640 iu
584 3575 749 3654 exercitu,
777 3576 861 3636 sicut
882 3576 975 3637 autel
994 3576 1028 3635 in
1049 3576 1113 3640 alio
1131 3578 1269 3662 Capitu-

128 3657 190 3719 lari
211 3659 453 3736 mandavimus,
481 3660 526 3722 ita
552 3669 711 3722 servetur.
752 3659 795 3722 Et
815 3659 948 3738 insuper
977 3660 1081 3722 omnis
1108 3660 1206 3723 homo
1225 3665 1266 3725 de

129 3741 302 3802 duodecim
323 3741 440 3820 mansis
455 3741 606 3804 bruniam
624 3742 749 3802 habeat.
784 3739 858 3824 ’Qui
879 3763 958 3802 vero
971 3741 1121 3804 bruniam
1142 3743 1266 3807 habens

128 3844 241 3968 szcrffi
257 3823 289 3884 in
309 3823 456 3886 exercitu
477 3845 543 3887 non
563 3825 694 3900 tulerit,
722 3845 818 3885 omne
839 3823 1035 3888 heneficium
1054 3825 1266 3902 sumbresia

125 3927 148 3990 p
299 4065 303 4074 ι
338 3988 387 4049 De
406 3988 665 4074 negotiatoribus,
686 4009 847 4079 quousque
866 3989 1053 4074 procedunt.

210 4096 282 4156 tx.—
305 4097 355 4156 De
376 4080 629 4177 negotiatoribus
651 4096 709 4178 qui
730 4095 874 4179 partibus
889 4096 1079 4162 Sclavorum
1100 4095 1265 4162 etAvarc·

126 4200 201 4242 rum
214 4186 367 4264 pergunt,
385 4199 555 4259 quousque
574 4179 751 4264 procedere
767 4200 850 4240 ‘cum
868 4179 935 4240 suis
957 4180 1094 4262 negotiis
1110 4179 1261 4260 debeant,

126 4263 163 4326 id
176 4260 411 4348 est‚.·partibns
429 4259 589 4326 saxoniae
607 4282 710 4346 usque
724 4253 765 4323 iul
785 4261 1034 4342 Bardenuvihc,
1053 4263 1118 4327 ¹ubi
1131 4261 1261 4350 praevi·

920 4375 972 4465 14
