2958 4986
211 349 283 427 182
452 367 486 425 s.
506 365 594 426 can.
698 363 956 426 carnonensi
1059 365 1121 426 soe

339 509 388 572 De
403 510 528 572 bomine
550 511 584 570 in
611 505 767 571 iudicium
786 529 850 572 non
867 507 1024 572 mittendo
1047 511 1115 572 sine
1131 530 1236 573 causa.

291 621 348 684 xl.
364 620 407 680 Ut
423 617 535 680 nullus
551 625 732 702 praesumat
746 614 912 679 hominem
924 616 959 678 in
974 616 1130 680 iudicium
1151 617 1280 682 mittere
1293 631 1358 696 w),

210 705 275 769 uisi
295 703 473 767 iudicatum
492 702 602 763 luerit.
623 709 663 773 r)

468 809 540 873 ¹De
571 815 777 873 conversione
802 809 897 873 liberi
915 806 1059 874 bominis.

291 921 365 984 XII.
405 922 449 981 Ut
471 919 554 979 liber
576 917 674 980 bomo
694 916 751 1000 qui
774 919 807 980 in
834 916 1029 980 monasterio
1059 915 1200 1000 regulari
1223 939 1360 982 comam

211 1003 409 1088 deposuerit,
436 1011 468 1064 et
485 1021 536 1064 res
559 1023 629 1063 suas
651 1001 771 1062 ibidem
801 1000 1012 1085 delegaverit,
1024 999 1271 1086 promissionem
1284 1005 1359 1066 lac-

208 1097 275 1150 tum
288 1087 469 1150 secundum
491 1086 636 1168 regulam
651 1083 788 1148 firmiter
807 1091 927 1147 teneat.
1454 1127 1461 1172 4

508 1194 557 1254 De
578 1195 627 1253 bis
642 1213 720 1278 quae
736 1192 878 1254 wadiari
890 1191 1015 1255 debent.

290 1301 380 1364 XIII.
424 1301 468 1361 ot
489 1298 597 1361 omnia
616 1319 700 1381 quae
726 1297 858 1361 wadiari
883 1297 1015 1378 dehent,
1032 1297 1123 1362 iuxta
1139 1298 1227 1384 quod
1245 1298 1280 1358 in
1301 1297 1357 1360 le-

234 1407 251 1446 e
286 1383 486 1460 continetur,
514 1381 658 1465 pleniter
686 1382 868 1444 secundum
895 1381 1001 1465 legem
1040 1385 1141 1466 ipsam
1177 1381 1356 1444 inwadiata

209 1406 297 1528 liant.
339 1467 381 1528 Et
402 1465 654 1549 inpostmodum
676 1466 728 1526 vel
748 1469 894 1528 Domuus
915 1467 996 1546 Rex,
1021 1468 1074 1529 vel
1097 1467 1153 1528 ille
1168 1466 1261 1530 euius
1277 1487 1356 1528 oau—
1460 1489 1461 1544 t

208 1572 243 1612 sa
259 1558 317 1628 est,
333 1547 421 1610 iaxta
439 1549 528 1630 quod
552 1549 583 1609 ei
599 1548 771 1632 placuerit,
786 1547 1041 1612 misericordiam
1064 1549 1172 1614 faciat.

333 1658 382 1717 De
402 1658 451 1716 bis
470 1659 526 1739 qrri
542 1653 587 1714 ad
604 1656 757 1740 placitum
774 1657 982 1742 Imperatoris
996 1677 1059 1718 non
1066 1653 1217 1738 suerunt.¹

289 1764 378 1826 xlv.
418 1763 467 1824 De
481 1761 663 1846 Episcopis,
683 1761 871 1840 Abbatihus,
891 1761 1073 1826 Comitibus
1092 1762 1149 1846 qui
1177 1763 1217 1826 ad
1240 1763 1352 1850 placi·
1460 1801 1461 1810 κ

207 1855 277 1908 tum
298 1853 444 1906 nostrum
466 1865 532 1905 non
556 1853 719 1906 venerunt
733 1851 780 1924 y).

208 1953 256 2016 De
276 1973 371 2014 causa
385 1951 467 2014 ebrii
483 1953 631 2024 bominis,
650 1965 681 2011 et
700 1949 744 2094 dg
757 1952 1028 2049 eiusutestimonio.
1069 1947 1113 2016 Et
1158 1953 1199 2016 de
1220 1954 1347 2039 placito
1460 2011 1461 2038 ,

741 2048 857 2095 omrtrs.

289 2117 361 2180 XV.
402 2119 446 2177 Ut
469 2117 580 2178 nullus
604 2116 713 2178 ebrius
735 2139 825 2178 suam
839 2139 966 2182 causam
980 2119 1080 2204 possit
1094 2117 1290 2201 conquirere
1307 2118 1342 2180 in

207 2201 316 2276 mallo,
338 2221 399 2261 nec
413 2200 635 2262 testimonium
650 2201 768 2262 dicere.
809 2201 922 2285 Neque
941 2203 1055 2267 Comes
1072 2201 1228 2290 placitum
1246 2201 1345 2264 hetbe-

207 2293 250 2361 at,
275 2283 339 2346 nisi
357 2282 495 2346 ieiunus.

565 2399 614 2460 De
637 2420 700 2460 non
716 2399 855 2480 cogendo
876 2401 992 2463 bibere.

289 2510 379 2572 XVI.
406 2510 450 2570 Ut
472 2505 596 2568 nemini
612 2505 708 2567 liceat
726 2505 824 2566 alium
840 2527 956 2590 cogere
971 2507 1201 2571 adhibendum
1219 2519 1260 2583 z).

247 2617 297 2678 De
312 2617 422 2677 Missis
437 2615 605 2676 dominicis
620 2614 675 2676 vei
692 2616 824 2676 caeteris
846 2615 1023 2676 bominibus
1040 2615 1300 2678 discurrentibus.

289 2723 395 2784 XVII.
437 2725 486 2784 De
502 2721 607 2784 Missis
622 2721 740 2784 nostris
757 2721 1027 2801 discurrentibus,
1049 2721 1100 2784 rel
1125 2725 1263 2787 caeteris
1282 2724 1343 2786 ho-

207 2805 349 2868 minibus
372 2805 405 2864 in
425 2804 598 2866 utilitatem
615 2815 758 2866 nostram
773 2803 835 2866 iter
852 2806 1034 2887 agentibus,
1055 2813 1092 2866 ut
1117 2805 1229 2868 nullus
1249 2829 1342 2868 man·
1457 2767 1460 2928 ἡ

206 2890 332 2952 sionem
348 2888 572 2950 contradicere
593 2886 639 2949 eis
652 2895 845 2970 praesumat.

381 2995 430 3056 De
449 2997 577 3058 canibus
594 2991 700 3077 quiin
723 2993 839 3054 dextro
859 3013 947 3054 armo
971 2995 1055 3055 tonsi
1071 3009 1152 3058 sunt.

291 3102 415 3166 XVIII.
457 3105 506 3164 De
527 3102 662 3165 canibus
689 3102 746 3185 qui
769 3101 802 3161 iu
827 3101 941 3163 dextro
965 3125 1053 3164 arruo
1077 3105 1164 3167 tonsi
1189 3114 1277 3184 sunt,
1305 3115 1344 3168 ut

209 3190 305 3285 homo
329 3187 386 3330 quti
409 3207 484 3248 eum
506 3185 760 3266 habuerit-cum
780 3185 849 3268 ipso
868 3206 950 3247 cane
975 3185 1010 3246 in
1037 3189 1255 3272 praesentiam
1276 3190 1343 3253 lie-

209 3293 257 3357 grs
276 3290 394 3332 senta.

359 3379 406 3438 De
431 3375 584 3461 Capitulis
599 3396 679 3460 quoe
695 3377 729 3436 in
744 3375 810 3456 lege
837 3379 964 3440 nouiter
983 3375 1095 3462 addita
1113 3390 1194 3438 sunt.

293 3487 379 3547 XIX.
421 3488 465 3547 Ut
478 3485 619 3568 populns
636 3485 854 3568 interrogetur
868 3485 909 3548 de
926 3472 1078 3569 capitulis
1103 3503 1186 3567 quae
1208 3485 1240 3544 in
1271 3485 1345 3567 lege

211 3568 465 3664 noqiteraddita
486 3576 571 3629 sunt.
614 3567 656 3628 Et
674 3576 843 3664 postquam
863 3568 1234 3664 omnesflconsepserint,
1265 3570 1345 3664 sub·
1457 3591 1458 3618 ³

209 3660 404 3735 seraptrones
424 3660 457 3714 et
473 3649 769 3714 manufirmationes
788 3673 860 3716 suas
877 3653 911 3714 iu
932 3651 1009 3736 ipsrs
1037 3651 1187 3735 caprtults
1213 3652 1347 3712 sacrant.

217 3833 426 3852 *annun—u-

271 3971 426 4045 stscoiinus
455 3971 533 4038 fiores
551 3974 633 4027 micio
649 3974 756 4043 possint
838 3979 872 4042 tc)
889 3973 922 4025 al.
941 3990 1000 4028 mss.
1011 3974 1080 4049 fiat.

279 4043 371 4096 aliubi
387 4030 550 4096 traditionis
567 4044 677 4116 fhcerc.
714 4045 755 4096 ΑΙ.

284 4115 317 4165 Ut
335 4130 386 4166 nee
403 4115 518 4166 colonus
537 4131 586 4167 nee
596 4114 752 4188 fiscalinus

277 4185 384 4251 possint
401 4183 492 4236 aliubi
506 4186 585 4252 sorar
613 4186 684 4236 mitti
709 4185 757 4238 oet
841 4189 871 4249 z)
890 4182 923 4234 al.
942 4197 1000 4236 mss.
1026 4183 1151 4235 addunt:
1177 4185 1232 4234 nisi
1260 4203 1352 4250 quarr-

281 4244 565 4324 traditionessa'cere.
876 4265 931 4306 tum
949 4255 975 4305 ei
992 4253 1117 4326 sufficia·
1152 4255 1208 4305 nisi
1231 4253 1310 4324 qnod
1326 4257 1353 4308 ri

247 4328 287 4387 w)
304 4323 337 4376 al.
354 4341 413 4376 mss.
434 4325 556 4378 addunt:
582 4327 641 4380 rinc
659 4343 753 4379 causa.
872 4341 978 4380 rrressre
988 4324 1088 4398 suerit.

835 4084 872 4147 y)
892 4079 935 4132 ul.
953 4096 1011 4158 mse.
1031 4082 1170 4145 veniunt;
1185 4079 1318 4150 fiterunr.
