2958 4986
290 346 432 404 acar.
541 345 938 404 ascunvrraacoaun
1047 349 1107 406 sao.
1225 330 1294 404 149

145 491 177 555 si
192 486 337 572 aliquem
359 488 448 550 inter
467 509 522 551 ecs
537 487 590 550 rel
611 487 698 584 apud
712 510 768 551 ros
790 487 939 572 ignotum
962 487 1128 550 bominem
1149 489 1201 551 vel
1225 511 1295 552 me-

144 571 511 636 retricemilatitantem
527 571 679 636 invenire
700 572 834 654 possit.,‚
853 572 897 634 Et
911 572 937 634 si
953 572 1106 640 inventus
1124 571 1222 634 horno
1239 574 1296 648 ali-

145 658 224 740 quis
246 663 304 716 aut
320 655 442 716 femina
459 654 647 716 huiusmodi
669 655 783 733 fuerit,
806 656 1022 734 custodiatur,
1042 677 1083 716 ne
1097 657 1210 738 fugere
1224 679 1295 738 pos·

146 743 203 819 sit,
222 759 326 820 usque
345 741 423 802 dum
443 739 537 802 nobis
567 737 792 800 adnuntietur.
834 739 878 812 Et
902 737 959 800 ille
984 738 1082 800 horno
1108 740 1164 824 qui
1193 741 1295 800 talem

144 823 316 886 hominem
331 823 384 888 vel
404 823 504 888 talem
522 819 679 883 feminam
694 844 804 886 secum
818 821 945 900 habuit,
961 822 988 884 si
1006 844 1039 883 se
1052 823 1223 884 emendare
1238 846 1295 884 no·

144 907 261 982 luerit,
281 905 315 964 in
333 905 456 989 palatio
474 914 586 966 nostro
602 903 801 968 observetur.
846 905 1006 967 Similiter
1025 905 1175 966 volumus
1194 915 1232 966 ut
1249 908 1295 966 fa-

145 992 239 1052 ciant
252 987 484 1050 ministeriales
503 987 644 1050 dilectae
663 989 814 1072 coniugis
838 998 967 1050 nostrae
985 987 1038 1050 rel
1061 988 1202 1050 filioram
1222 1010 1295 1051 nos-

144 1081 284 1135 trorum.
510 1087 512 1091 ’

222 1181 272 1240 ll.
315 1183 358 1241 Ut
372 1181 544 1247 Ratbertns
567 1192 656 1246 actor
668 1203 730 1266 per
746 1203 841 1242 suam
861 1180 1095 1257 ministerium,
1110 1181 1217 1259 idest,
1235 1205 1294 1266 per

144 1265 260 1326 domos
280 1279 448 1326 servorum
469 1279 664 1344 nostrorum,
686 1275 752 1326 tam
774 1266 808 1325 in
830 1262 934 1346 Aquis
954 1285 1051 1346 quam
1080 1264 1114 1322 in
1137 1268 1293 1346 pronimis

144 1346 272 1409 villulis
291 1349 409 1410 nostris
430 1352 470 1412 ad
485 1353 588 1434 Aquis
604 1349 858 1433 pertinentibus,
877 1348 1017 1410 similem
1046 1347 1294 1428 inquisitionem

145 1431 257 1493 faeiat.
299 1430 418 1494 Petrus
436 1455 514 1496 vero
538 1443 572 1496 et
588 1437 705 1496 Gunzc
732 1453 793 1516 per
817 1453 925 1493 seruas
950 1439 984 1492 et
1006 1430 1084 1490 alias
1109 1433 1294 1496 mansiones

144 1533 316 1576 servorum
342 1525 528 1578 nostrorum
544 1518 696 1580 similiter
711 1516 843 1577 faciant.
885 1515 929 1576 Et
944 1512 1108 1574 Ernaldus
1121 1535 1182 1594 per
1199 1536 1293 1576 man-

143 1591 256 1659 sione's
271 1597 417 1670 omnium
433 1603 683 1684 negotiatorum,
702 1600 768 1660 sire
796 1599 828 1658 in
845 1605 999 1674 mercato,
1023 1595 1089 1658 sive
1114 1596 1215 1660 aliubi
1238 1621 1294 1660 ne·

144 1679 318 1763 gotientur
332 1701 393 1762 per
413 1684 674 1747 Christianorum
696 1683 749 1743 vel
772 1682 968 1742 ludaeorum
993 1679 1189 1740 mansionari
1205 1682 1293 1712 ****

145 1772 335 1906 neptrorum
355 1785 394 1824 eo
413 1775 558 1852 ternpore
581 1765 713 1850 quando
743 1764 795 1826 illi
814 1763 960 1826 seniores
986 1762 1020 1823 in
1049 1761 1127 1846 ipsis
1148 1765 1291 1827 mansio-

146 1846 185 1906 ni
210 1869 247 1906 us
264 1867 329 1906 non
351 1859 438 1910 sunt.

231 1952 287 2012 HI·
305 2009 310 2020 .
330 1955 490 2019 Volumus
509 1967 605 2040 atque
627 1958 778 2019 iubemus
801 1964 838 2017 ut
863 1955 974 2015 nullus
998 1953 1038 2015 de
1056 1952 1107 2014 his
1126 1953 1184 2036 qui
1198 1952 1292 2016 nobis

144 2034 184 2094 in
207 2043 317 2096 nostro
333 2039 454 2120 palatio
478 2041 678 2119 deserviunt,
707 2039 850 2122 aliquem
870 2037 1037 2100 hominem
1063 2047 1198 2119 propter
1219 2037 1293 2097 sur*

142 2126 230 2191 turn,
249 2127 305 2178 aut
330 2121 473 2206 aliquem
494 2121 776 2187 homicidium'vel
797 2122 1007 2193 adulterium,
1032 2121 1085 2180 rel
1112 2119 1202 2181 aliud
1229 2119 1291 2180 ali-

145 2199 239 2282 quod
256 2202 379 2262 crimen
396 2207 435 2266 ab
456 2207 525 2290 ipso
540 2215 775 2291 perpetratum,
793 2215 826 2268 et
839 2212 974 2288 propter
986 2203 1048 2264 hoc
1074 2203 1114 2265 ad
1134 2204 1292 2288 palatium

147 2292 297 2344 nostrum
308 2287 506 2366 venientem,
521 2300 617 2373 atque
632 2291 677 2351 ibi
693 2289 833 2365 latitare,
851 2291 1017 2350 volentem
1034 2287 1180 2372 recipere
1194 2307 1291 2368 prae-

142 2375 261 2427 sumat.
282 2369 325 2428 Et
338 2369 364 2430 si
385 2370 470 2432 liber
486 2373 583 2434 homo
603 2373 688 2435 hanc
711 2372 979 2434 constitutionem
995 2379 1211 2448 transgressus
1223 2369 1293 2428 fue-

141 2449 202 2525 rit,
219 2457 252 2508 fll
275 2451 374 2513 talem
388 2451 554 2516 hominem
558 2500 850 2518 .................
865 2453 977 2531 suerit,
993 2453 1026 2511 in
1045 2454 1132 2514 eollo
1148 2453 1188 2513 ad
1209 2473 1291 2512 mer-

142 2539 255 2592 catum
269 2542 399 2616 portare
418 2539 554 2603 debere.
568 2583 663 2600 ......
679 2539 799 2599 deinde
825 2537 864 2597 ad
886 2538 1018 2619 cippum
1039 2535 1072 2594 in
1090 2553 1188 2617 quem
1203 2536 1291 2596 idem

145 2615 340 2678 malefactor
354 2617 533 2682 mittendus
558 2631 617 2684 est.
660 2621 694 2683 si
725 2629 832 2680 autem
859 2621 969 2682 servus
998 2617 1100 2678 suerit
1122 2618 1179 2701 qui
1206 2617 1290 2678 hane

145 2706 290 2768 nostram
323 2700 500 2764 iussionem
534 2727 682 2772 severare
719 2702 974 2785 contempserit,
1011 2701 1165 2763 similiter
1195 2699 1292 2762 illum

142 2781 267 2840 malum
294 2783 452 2846 factorem
467 2788 501 2848 in
520 2788 607 2850 eollo
630 2809 689 2849 suo
718 2781 883 2868 usquead
910 2785 1040 2868 cippum
1065 2786 1226 2866 deportet,
1258 2791 1292 2843 et

142 2863 213 2945 ipse
233 2872 344 2946 postea
367 2867 401 2928 in
423 2879 601 2946 mereatum
621 2869 810 2944 adducatur,
835 2877 869 2929 et
899 2869 943 2929 ihi
970 2867 1148 2929 secundum
1173 2867 1291 2926 merita

140 2967 202 3007 sua
215 2946 409 3029 flagelletur.
453 2951 614 3015 Similiter
637 2952 677 3013 de
699 2950 865 3034 gadalibus
887 2961 920 3013 et
945 2951 1170 3011 meretricibus
1195 2950 1290 3009 rolu-

139 3049 214 3089 mus
235 3039 272 3108 ut
292 3031 377 3114 apud
398 3056 627 3118 quemcunque
648 3033 801 3095 inventae
818 3035 953 3110 fuerint,
966 3055 968 3059 ·
981 3033 1019 3092 ab
1044 3033 1091 3094 eis
1117 3041 1290 3115 portentru·

139 3133 246 3192 usque
263 3113 303 3173 ad
318 3127 508 3196 mercatum,
527 3119 582 3178 ubi
607 3119 695 3201 ipsae
716 3115 932 3196 flagellandae
958 3125 1044 3176 sunt.
1088 3115 1150 3177 Vel
1177 3115 1203 3174 si
1228 3136 1289 3174 no-

137 3193 253 3270 luerit,
274 3197 423 3261 volumus
440 3209 477 3259 ut
496 3201 604 3281 simul,
629 3223 703 3262 cum
728 3199 786 3258 illa
812 3200 846 3258 in
870 3200 985 3260 codem
1010 3199 1084 3260 loeo
1106 3197 1289 3282 vapuletur,

220 3323 282 3410 Ν
325 3328 523 3412 Quicunque
544 3330 692 3392 homines
711 3329 856 3389 rixantes
873 3330 907 3389 in
929 3327 1051 3412 palatio
1072 3323 1292 3406 inverierit,et

138 3425 196 3466 eos
211 3407 381 3488 pacificare
398 3414 544 3494 potuerit
560 3423 593 3475 et
616 3411 771 3489 noluerit,
801 3412 881 3472 sciat
908 3411 1061 3473 damnum
1090 3413 1178 3492 quod
1203 3412 1291 3471 inter

138 3509 196 3548 eos
219 3490 341 3551 factum
356 3495 468 3574 suerit,
489 3497 682 3580 participem
705 3514 773 3556 esse
802 3494 930 3555 dehere.
974 3495 1071 3570 Quod
1098 3494 1124 3554 si
1145 3495 1289 3555 rixantes

135 3569 270 3649 viderit,
289 3584 322 3635 et
344 3598 398 3638 eos
415 3575 585 3661 pacificare
605 3575 672 3640 non
690 3576 845 3659 potuerit,
864 3587 898 3637 et
921 3575 978 3658 qui
1000 3577 1066 3637 sint
1089 3575 1137 3636 illi
1160 3576 1216 3657 qui
1237 3576 1290 3634 in-

133 3661 191 3712 ter
207 3675 240 3715 se
256 3657 408 3720 rixantur
428 3683 626 3742 cognoscere
647 3659 794 3722 noluerit
815 3668 851 3718 ut
867 3659 926 3721 hos
940 3659 1086 3720 indicare
1107 3659 1219 3740 possit,
1243 3658 1289 3718 si-

134 3736 264 3796 militer
285 3740 434 3804 iuhemus
452 3741 489 3806 ut
507 3747 661 3806 damnum
682 3743 772 3824 qnod
796 3741 884 3801 inter
907 3764 960 3802 eos
985 3741 1192 3802 commissum
1213 3746 1286 3802 fue-

134 3818 193 3896 t'it,
218 3819 252 3879 in
279 3826 517 3909 compositione
541 3825 804 3889 communionem
830 3824 957 3884 habeat.

223 3925 263 3986 V.
306 3927 504 4013 Quicunque
526 3933 692 3994 hominem
711 3932 933 4014 undecunque
957 3930 996 3991 ad
1024 3932 1183 4014 palatium
1212 3955 1288 3992 nos-

132 4016 224 4067 trum
239 4009 429 4072 venientem
445 4017 609 4098 receperit
624 4019 691 4078 sive
709 4015 895 4091 adduxerit,
919 4017 980 4074 nec'
1005 4015 1171 4097 expellere
1192 4037 1288 4076 cura-

131 4091 231 4169 verit,
252 4092 406 4154 damnum
420 4098 509 4177 quod
523 4099 562 4158 ab
584 4122 623 4161 eo
640 4097 743 4160 fuerit
764 4099 797 4157 in
818 4096 940 4180 palatio
963 4107 1074 4158 nostro
1098 4098 1286 4159 factum...

217 4233 352 4294 Caetera
372 4238 418 4297 ita
441 4239 609 4300 obliterata
626 4253 655 4301 et
676 4237 921 4301 deterrentia
942 4237 1052 4301 codice
1066 4232 1069 4238 ’
1085 4258 1141 4298 ms.
1160 4250 1199 4298 ut
1228 4237 1290 4316 legi

135 4313 226 4375 nulld
242 4330 311 4376 arte
336 4323 507 4403 potuerint.
1038 4317 1041 4322 ¹
