2958 4986
271 375 424 432 amaa.
532 372 925 432 ascuaraaucoauu
1029 373 1090 448 aaa,
1206 349 1277 423 137

132 517 317 594 dolaturas,
330 537 471 594 secures,
488 517 522 577 id
540 528 597 596 est,
613 517 777 594 cuniadas,
792 515 999 594 terebrasuy,
1019 513 1053 575 id
1065 521 1111 574 est
1123 509 1279 587 taradros,

132 600 295 682 scalpros,
324 601 376 663 vel
395 600 502 660 omnia
525 602 677 662 utensilia
699 601 821 662 ibidem
841 599 999 677 habeant,
1029 596 1072 656 ita
1096 605 1216 656 utnon
1238 593 1280 654 sit

134 703 289 759 necesse,
309 682 410 743 aliubi
430 681 492 744 boc
508 704 676 764 quaerere,
699 692 755 744 aut
776 683 991 753 commodare,
1018 687 1050 740 et
1085 679 1280 760 ferramenta

135 765 234 846 quod
259 765 292 824 in
311 766 437 827 hostem
464 766 607 845 ducunt,
632 767 665 826 in
699 787 812 827 eorum
835 764 975 825 habeant
995 761 1104 844 plebio
1138 759 1281 841 qualiter

134 847 229 907 bona
254 848 335 928 sint,
368 857 400 915 et
429 849 546 915 iterum
587 849 719 932 quando
742 857 955 911 revertuntur
980 845 1014 906 in
1050 865 1176 906 camera
1204 843 1280 901 mit-

136 939 264 995 tantur.

225 1011 352 1074 XLIII.
384 1013 434 1075 Ad
461 1015 583 1096 genitia
611 1026 718 1078 nostra
745 1015 829 1077 sieut
855 1013 1039 1074 institutum
1064 1007 1280 1091 estaperaad

136 1107 270 1178 tempus
291 1097 365 1158 dare
384 1096 516 1175 faciant,
536 1098 570 1158 id
596 1109 644 1161 est
665 1101 780 1176 linum,
800 1099 917 1173 lanam,
934 1094 1065 1172 waisd0,
1087 1091 1279 1167 vermiculo,

135 1180 308 1256 warentia,
327 1180 474 1262 pectinos
494 1181 630 1258 laninas,
654 1183 820 1257 cardoneS,
845 1200 1015 1262 saponem,
1038 1186 1192 1252 unctum,
1222 1196 1280 1236 va-

136 1262 244 1337 scula,
270 1261 323 1325 vel
342 1263 470 1344 reliqua
484 1263 633 1340 minutia,
652 1286 735 1346 quae
754 1265 875 1325 ibidem
892 1260 1071 1323 necessaria
1091 1269 1176 1320 sunt.

223 1343 346 1406 XLIV.
373 1348 422 1406 De
439 1347 714 1429 quadragesimale
734 1349 817 1410 duae
842 1356 948 1428 partes
969 1343 1009 1404 ad
1027 1343 1197 1406 servitium
1219 1361 1280 1401 no-

135 1439 244 1490 strum
263 1428 397 1489 veniant
418 1450 479 1510 per
494 1429 640 1511 singulos
653 1453 772 1506 annos,
794 1441 859 1491 tam
878 1429 917 1490 de
941 1426 1160 1509 leguminibus
1183 1445 1281 1508 quam

137 1533 207 1594 que
227 1511 317 1572 etde
337 1511 470 1592 piscato,
489 1534 546 1572 seu
563 1514 742 1594 sormatIoo,
761 1513 917 1590 butirum,
938 1510 1013 1588 mel,
1029 1510 1151 1592 sinape,
1176 1515 1280 1583 aceto,

135 1593 245 1670 milio,
269 1594 410 1676 panicio,
437 1594 591 1656 herbulas
609 1597 726 1676 siccas,
757 1597 812 1660 vel
833 1595 972 1671 virides,
997 1593 1139 1668 radices,
1167 1611 1280 1674 napos,

137 1679 327 1758 insaporet
342 1687 482 1738 ceteram
498 1679 552 1738 vel
572 1701 727 1762 saponem
747 1691 844 1762 atque
864 1687 969 1742 cetera
986 1675 1124 1735 minutia
1139 1672 1170 1736 e't
1193 1672 1282 1755 quod

135 1759 306 1840 reliquum
321 1759 431 1836 fuerit,
455 1760 547 1822 nobis
564 1783 623 1844 per
634 1764 769 1826 brevem
785 1764 870 1825 sicut
889 1760 985 1842 suprb
1005 1759 1145 1818 diximus
1181 1757 1281 1816 inno·

139 1851 277 1918 tescant,
301 1852 333 1903 et
349 1843 537 1905 nullatenus
555 1843 618 1906 hoc
631 1848 891 1929 praetermittant
906 1852 946 1915 x)
967 1841 1052 1904 sicut
1068 1862 1170 1922 usque
1191 1857 1281 1900 nunc

138 1927 303 2002 fecerunt,
325 1925 402 2007 quia
423 1947 483 2008 per
499 1926 572 1987 illas
593 1929 672 1991 duas
694 1939 802 2015 partes
823 1929 975 1992 volumus
996 1945 1214 2008 cognoscere,
1242 1922 1283 1984 ‹le

141 2009 202 2068 illa
217 2008 312 2067 tertia
324 2027 407 2090 quae
429 2010 592 2072 remansit.

226 2091 323 2153 XLV.
364 2093 408 2150 Ut
435 2092 659 2175 unusquisque
688 2092 788 2155 iudex
820 2092 853 2152 in
884 2114 943 2154 suo
970 2091 1151 2162 ministerio
1179 2088 1281 2149 bonos

141 2173 261 2232 babeat
283 2173 441 2251 artifices,
470 2173 568 2236 idest
594 2177 701 2238 fabros
729 2176 900 2248 ferrarios,¹
914 2185 947 2237 et
962 2175 1121 2251 aurifices,
1148 2173 1202 2235 vel
1228 2194 1282 2232 ar-

143 2253 317 2338 gentariae,
340 2265 476 2334 sutores,
492 2266 684 2335 tornatores,
707 2258 935 2342 carpentarios,
947 2258 1115 2335 scutarios,
1141 2257 1282 2340 piscato-

139 2359 206 2416 res,
224 2337 392 2421 aucipites,
418 2338 521 2401 idest
543 2342 767 2415 aucellatores,
793 2341 991 2423 saponarios,
1018 2342 1213 2416 ficeratores,
1248 2337 1282 2398 id

141 2431 192 2484 est
210 2421 267 2502 qui
285 2421 442 2484 cervisam
459 2423 512 2486 vel
529 2424 717 2507 pomatium,
738 2424 805 2488 sive
818 2419 983 2507 piratium,
992 2425 1046 2487 vel
1064 2423 1154 2484 aliud
1174 2420 1282 2505 quod-

140 2525 281 2584 cumque
304 2504 470 2586 liquamen
498 2507 538 2568 ad
565 2507 745 2570 bibendum
773 2516 884 2591 aptum
907 2507 1008 2569 fuerit
1034 2509 1140 2568 facere
1167 2505 1281 2579 sciant,

139 2588 276 2670 pistores
296 2589 353 2668 qui
369 2587 506 2648 similam
520 2589 560 2651 ad
580 2613 660 2674 opus
682 2600 829 2652 nostrum
847 2590 991 2669 faciant,
1015 2591 1196 2665 retiatores,
1223 2587 1283 2670 qui

139 2669 223 2746 retia
238 2671 346 2731 facere
368 2669 452 2731 bene
470 2671 582 2750 sciant,
601 2682 667 2733 tam
687 2674 728 2735 ad
749 2675 944 2752 venandum,
969 2696 1067 2756 quam
1090 2672 1131 2733 ad
1157 2672 1283 2753 piscan-

140 2753 231 2830 dum,
248 2753 315 2814 sive
335 2754 376 2814 ad
398 2775 473 2815 aves
490 2755 698 2836 capiendum,
717 2778 846 2817 necnon
868 2767 900 2819 et
917 2758 1063 2840 reliquos
1084 2754 1283 2816 ministeria·

138 2835 189 2896 les
211 2857 292 2916 quos
311 2836 351 2895 ad
371 2838 608 2900 numerandum
624 2840 760 2923 longum
774 2848 833 2900 est.

224 2919 337 2981 XLVI.
380 2922 423 2979 Ut
439 2919 531 2981 lucos
550 2930 686 2999 nostros,
707 2943 789 3004 quos
806 2921 925 3004 vulgus
940 2922 1082 3005 brogilos
1108 2929 1212 2995 vocat,
1229 2920 1285 2988 bc·

141 3021 184 3060 ne
199 2999 361 3062 custodire
379 3001 511 3080 faciant,
530 3004 618 3065 etad
638 3014 764 3087 tempus
785 3023 912 3087 semper
926 3007 1111 3082 emendent,
1132 3014 1164 3065 et
1178 3001 1284 3062 nulla-

142 3082 238 3144 tenbs
258 3093 448 3166 exspectent
468 3094 505 3158 ut
525 3087 713 3148 accessesit
734 3087 752 3148 a
771 3108 858 3149 novo
879 3087 1106 3165 reaedificare,
1132 3084 1284 3154 similiter

141 3164 275 3243 faciant,
299 3175 331 3226 et
355 3166 395 3228 de
420 3167 508 3228 omni
531 3169 690 3231 aedificio.

145 3253 147 3258 '
223 3245 364 3310 XLVII.
400 3252 442 3311 Ut
458 3261 629 3313 venatores
648 3253 760 3331 nostri,
779 3261 812 3314 et
828 3251 999 3313 falconarii
1017 3251 1071 3313 vel
1088 3249 1209 3333 reliqui
1227 3250 1285 3310 mi-

143 3330 324 3393 nisteriales
344 3332 404 3414 qui
429 3333 521 3395 nobis
544 3333 578 3394 in
600 3335 719 3418 palatio
740 3334 873 3396 adsidue
895 3333 1084 3397 deserviunt
1111 3333 1286 3396 consilium

144 3415 179 3474 ln
203 3413 297 3474 villas
318 3424 442 3477 nostras
460 3415 601 3478 habeant
619 3418 800 3480 secandam
847 3418 913 3479 uod
934 3439 992 3478 nos
1013 3426 1069 3477 aut
1088 3417 1204 3499 regina
1224 3437 1285 3500 per

144 3496 266 3557 litteras
289 3509 413 3560 nostras
433 3499 631 3578 iusserimus,
660 3501 792 3583 quando
807 3439 847 3562 ad
866 3501 1008 3582 aliquam
1028 3499 1202 3560 utilitatem
1222 3519 1285 3560 uo·

144 3588 238 3640 stram
263 3601 317 3642 eos
337 3580 530 3660 miserimus,
550 3591 607 3642 aut
623 3583 825 3660 siniscalcus,
841 3593 873 3645 et
885 3582 1101 3646 buticularius
1117 3582 1157 3644 de
1174 3591 1284 3644 nostro

147 3661 245 3724 verbo
268 3663 313 3723 eis
334 3663 460 3746 aliquid
486 3667 592 3726 facere
609 3667 845 3750 praeceperint.

224 3743 384 3808 XLVIII.
418 3749 461 3807 Ut
487 3749 662 3809 torcularia
684 3750 718 3809 in
736 3749 828 3812 villis
855 3748 1078 3811 nostrisbene
1104 3745 1171 3816 sint
1193 3767 1286 3829 prae-

111 3871 116 3884 .
144 3835 261 3910 parata,
285 3837 317 3889 et
335 3827 399 3890 boc
414 3831 626 3912 praevideant
641 3832 775 3909 iudices,
802 3841 838 3892 ut
861 3830 1024 3896 vindemia
1039 3838 1148 3890 nostra
1172 3829 1285 3890 nullus

143 3909 278 3993 pedibus
292 3933 440 3994 premere
457 3923 651 3996 praesumat,
672 3915 729 3975 sed
745 3914 852 3975 omnia
868 3913 972 3974 nitida
987 3922 1019 3974 et
1037 3912 1175 3973 honesta
1191 3911 1265 3973 sint.

223 3993 347 4055 XLIX.
381 3998 424 4056 Ut
446 3995 568 4078 genitia
597 4005 706 4058 nostra
729 3997 814 4064 bene
835 3996 900 4058 sint
920 3995 1087 4072 ordinata,
1119 3993 1222 4056 idest
1245 3995 1285 4055 de

147 4074 234 4155 casis,
252 4077 355 4168 pislis,
373 4079 519 4164 teguriis,
537 4078 570 4141 id
586 4087 633 4144 est
649 4079 803 4159 screonis,
824 4087 857 4142 et
873 4100 964 4164 sepes
981 4078 1081 4140 bonas
1095 4075 1129 4138 in
1145 4077 1285 4140 circuitu

149 4233 379 4250 Ἥ

180 4341 218 4398 aa)
237 4351 282 4388 ms.
305 4337 432 4394 terebros.
652 4400 657 4410 ,
779 4341 812 4399 x)
830 4353 876 4402 nas.
895 4336 1063 4407 permittant.
