<?xml version="1.0" encoding="UTF-8"?>
<!DOCTYPE html PUBLIC "-//W3C//DTD XHTML 1.0 Transitional//EN"
    "http://www.w3.org/TR/xhtml1/DTD/xhtml1-transitional.dtd">
<html xmlns="http://www.w3.org/1999/xhtml" xml:lang="en" lang="en">
 <head>
  <title>
</title>
<meta http-equiv="Content-Type" content="text/html;charset=utf-8" />
  <meta name='ocr-system' content='tesseract 3.04.00' />
  <meta name='ocr-capabilities' content='ocr_page ocr_carea ocr_par ocr_line ocrx_word'/>
</head>
<body>
  <div class='ocr_page' id='page_1' title='image "./corpusiurisgerm05visigoog_0385.png"; bbox 0 0 2928 4986; ppageno 0'>
   <div class='ocr_carea' id='block_1_1' title="bbox 203 283 1160 356">
    <p class='ocr_par' dir='ltr' id='par_1_1' title="bbox 203 283 1160 356">
     <span class='ocr_line' id='line_1_1' title="bbox 203 283 1160 356; baseline -0.006 0"><span class='ocrx_word' id='word_1_1' title='bbox 203 283 275 356; x_wconf 80' lang='lat'><strong>³72</strong></span> <span class='ocrx_word' id='word_1_2' title='bbox 436 293 577 354; x_wconf 76' lang='lat' dir='ltr'><strong>ncne</strong></span> <span class='ocrx_word' id='word_1_3' title='bbox 685 290 942 350; x_wconf 71' lang='lat' dir='ltr'><strong>consumam</strong></span> <span class='ocrx_word' id='word_1_4' title='bbox 1045 293 1160 351; x_wconf 60' lang='lat' dir='ltr'><strong>sos.⁴</strong></span> 
     </span>
    </p>
   </div>
   <div class='ocr_carea' id='block_1_2' title="bbox 194 425 1439 2092">
    <p class='ocr_par' dir='ltr' id='par_1_2' title="bbox 194 425 1439 2092">
     <span class='ocr_line' id='line_1_2' title="bbox 203 425 1355 520; baseline -0.008 -20"><span class='ocrx_word' id='word_1_5' title='bbox 203 435 342 502; x_wconf 87' lang='lat' dir='ltr'><strong>Senonis</strong></span> <span class='ocrx_word' id='word_1_6' title='bbox 362 435 420 520; x_wconf 91' lang='lat' dir='ltr'><strong>qui</strong></span> <span class='ocrx_word' id='word_1_7' title='bbox 437 435 548 512; x_wconf 84' lang='lat' dir='ltr'><strong>luerit,</strong></span> <span class='ocrx_word' id='word_1_8' title='bbox 568 455 643 498; x_wconf 88' lang='lat' dir='ltr'><strong>cum</strong></span> <span class='ocrx_word' id='word_1_9' title='bbox 663 455 775 496; x_wconf 90' lang='lat' dir='ltr'><strong>eorum</strong></span> <span class='ocrx_word' id='word_1_10' title='bbox 796 433 1012 518; x_wconf 86' lang='lat' dir='ltr'><strong>suffraganeis.</strong></span> <span class='ocrx_word' id='word_1_11' title='bbox 1033 433 1071 492; x_wconf 91' lang='lat' dir='ltr'><strong>ln</strong></span> <span class='ocrx_word' id='word_1_12' title='bbox 1086 430 1260 515; x_wconf 88' lang='lat' dir='ltr'><strong>Lugduno</strong></span> <span class='ocrx_word' id='word_1_13' title='bbox 1272 425 1355 513; x_wconf 74' lang='lat' dir='ltr'><strong>Ago·</strong></span> 
     </span>
     <span class='ocr_line' id='line_1_3' title="bbox 200 515 1356 598; baseline -0.008 -14"><span class='ocrx_word' id='word_1_14' title='bbox 200 521 331 598; x_wconf 88' lang='lat' dir='ltr'><strong>bardus,</strong></span> <span class='ocrx_word' id='word_1_15' title='bbox 354 518 548 594; x_wconf 86' lang='lat' dir='ltr'><strong>Bernardns,</strong></span> <span class='ocrx_word' id='word_1_16' title='bbox 567 515 731 580; x_wconf 81' lang='lat' dir='ltr'><strong>Andraeas</strong></span> <span class='ocrx_word' id='word_1_17' title='bbox 756 519 962 590; x_wconf 83' lang='lat' dir='ltr'><strong>Benedictus,</strong></span> <span class='ocrx_word' id='word_1_18' title='bbox 983 517 1150 598; x_wconf 88' lang='lat' dir='ltr'><strong>Agaricus,</strong></span> <span class='ocrx_word' id='word_1_19' title='bbox 1183 537 1272 576; x_wconf 90' lang='lat' dir='ltr'><strong>cum</strong></span> <span class='ocrx_word' id='word_1_20' title='bbox 1298 534 1356 576; x_wconf 87' lang='lat' dir='ltr'><strong>eo·</strong></span> 
     </span>
     <span class='ocr_line' id='line_1_4' title="bbox 200 597 1357 686; baseline -0.008 -20"><span class='ocrx_word' id='word_1_21' title='bbox 200 625 274 666; x_wconf 89' lang='lat' dir='ltr'><strong>rum</strong></span> <span class='ocrx_word' id='word_1_22' title='bbox 296 601 513 686; x_wconf 79' lang='lat' dir='ltr'><strong>suffraganeis.</strong></span> <span class='ocrx_word' id='word_1_23' title='bbox 533 599 582 676; x_wconf 88' lang='lat' dir='ltr'><strong>(lu</strong></span> <span class='ocrx_word' id='word_1_24' title='bbox 601 599 719 662; x_wconf 85' lang='lat' dir='ltr'><strong>Tolosa</strong></span> <span class='ocrx_word' id='word_1_25' title='bbox 737 599 855 676; x_wconf 85' lang='lat' dir='ltr'><strong>Notbo,</strong></span> <span class='ocrx_word' id='word_1_26' title='bbox 870 599 1127 676; x_wconf 88' lang='lat' dir='ltr'><strong>Bartholomeus,</strong></span> <span class='ocrx_word' id='word_1_27' title='bbox 1141 597 1357 674; x_wconf 72' lang='lat' dir='ltr'><strong>adalelmus,</strong></span> 
     </span>
     <span class='ocr_line' id='line_1_5' title="bbox 200 681 1357 770; baseline -0.006 -23"><span class='ocrx_word' id='word_1_28' title='bbox 200 687 363 770; x_wconf 82' lang='lat' dir='ltr'><strong>Agiolsus,</strong></span> <span class='ocrx_word' id='word_1_29' title='bbox 379 706 453 746; x_wconf 88' lang='lat' dir='ltr'><strong>cum</strong></span> <span class='ocrx_word' id='word_1_30' title='bbox 474 703 587 746; x_wconf 88' lang='lat' dir='ltr'><strong>eornm</strong></span> <span class='ocrx_word' id='word_1_31' title='bbox 608 681 817 766; x_wconf 84' lang='lat' dir='ltr'><strong>suffraganeis</strong></span> <span class='ocrx_word' id='word_1_32' title='bbox 838 685 880 761; x_wconf 86' lang='grc' dir='ltr'><strong>Ιι).</strong></span> <span class='ocrx_word' id='word_1_33' title='bbox 922 684 959 742; x_wconf 92' lang='lat' dir='ltr'><strong>ln</strong></span> <span class='ocrx_word' id='word_1_34' title='bbox 981 681 1100 764; x_wconf 89' lang='lat' dir='ltr'><strong>quibus</strong></span> <span class='ocrx_word' id='word_1_35' title='bbox 1124 681 1357 742; x_wconf 84' lang='lat' dir='ltr'><strong>conventibus</strong></span> 
     </span>
     <span class='ocr_line' id='line_1_6' title="bbox 199 764 1357 850; baseline -0.006 -20"><span class='ocrx_word' id='word_1_36' title='bbox 199 778 349 846; x_wconf 88' lang='lat' dir='ltr'><strong>tractare,</strong></span> <span class='ocrx_word' id='word_1_37' title='bbox 364 787 533 850; x_wconf 87' lang='lat' dir='ltr'><strong>quaerere,</strong></span> <span class='ocrx_word' id='word_1_38' title='bbox 558 774 683 828; x_wconf 88' lang='lat' dir='ltr'><strong>etcum</strong></span> <span class='ocrx_word' id='word_1_39' title='bbox 706 767 766 828; x_wconf 90' lang='lat' dir='ltr'><strong>Dci</strong></span> <span class='ocrx_word' id='word_1_40' title='bbox 786 765 949 829; x_wconf 88' lang='lat' dir='ltr'><strong>adiutorio</strong></span> <span class='ocrx_word' id='word_1_41' title='bbox 978 765 1127 826; x_wconf 81' lang='lat' dir='ltr'><strong>invenire</strong></span> <span class='ocrx_word' id='word_1_42' title='bbox 1145 764 1281 826; x_wconf 88' lang='lat' dir='ltr'><strong>debent</strong></span> <span class='ocrx_word' id='word_1_43' title='bbox 1317 764 1357 824; x_wconf 91' lang='lat' dir='ltr'><strong>de</strong></span> 
     </span>
     <span class='ocr_line' id='line_1_7' title="bbox 199 847 1357 932; baseline -0.007 -19"><span class='ocrx_word' id='word_1_44' title='bbox 199 853 303 914; x_wconf 80' lang='lat' dir='ltr'><strong>causis</strong></span> <span class='ocrx_word' id='word_1_45' title='bbox 328 849 367 912; x_wconf 87' lang='lat' dir='ltr'><strong>nd</strong></span> <span class='ocrx_word' id='word_1_46' title='bbox 397 849 599 932; x_wconf 80' lang='lat' dir='ltr'>Religionem</span> <span class='ocrx_word' id='word_1_47' title='bbox 619 847 835 910; x_wconf 84' lang='lat' dir='ltr'><strong>Christianam</strong></span> <span class='ocrx_word' id='word_1_48' title='bbox 858 859 891 912; x_wconf 87' lang='lat' dir='ltr'><strong>et</strong></span> <span class='ocrx_word' id='word_1_49' title='bbox 910 869 1022 910; x_wconf 89' lang='lat' dir='ltr'><strong>eorum</strong></span> <span class='ocrx_word' id='word_1_50' title='bbox 1040 869 1150 922; x_wconf 82' lang='lat' dir='ltr'><strong>curam</strong></span> <span class='ocrx_word' id='word_1_51' title='bbox 1169 847 1357 930; x_wconf 83' lang='lat' dir='ltr'><strong>pertiuen-</strong></span> 
     </span>
     <span class='ocr_line' id='line_1_8' title="bbox 199 928 1358 1015; baseline -0.007 -19"><span class='ocrx_word' id='word_1_52' title='bbox 199 935 296 1012; x_wconf 89' lang='lat' dir='ltr'><strong>tibus,</strong></span> <span class='ocrx_word' id='word_1_53' title='bbox 313 941 346 994; x_wconf 88' lang='lat' dir='ltr'><strong>et</strong></span> <span class='ocrx_word' id='word_1_54' title='bbox 365 931 481 1015; x_wconf 76' lang='lat' dir='ltr'><strong>quidsi</strong></span> <span class='ocrx_word' id='word_1_55' title='bbox 523 929 704 1015; x_wconf 90' lang='lat' dir='ltr'><strong>rincipibus</strong></span> <span class='ocrx_word' id='word_1_56' title='bbox 725 941 758 992; x_wconf 93' lang='lat' dir='ltr'><strong>et</strong></span> <span class='ocrx_word' id='word_1_57' title='bbox 774 932 903 1014; x_wconf 85' lang='lat' dir='ltr'><strong>reliquo</strong></span> <span class='ocrx_word' id='word_1_58' title='bbox 927 932 1060 1014; x_wconf 85' lang='lat' dir='ltr'><strong>populo,</strong></span> <span class='ocrx_word' id='word_1_59' title='bbox 1080 932 1131 992; x_wconf 82' lang='lat' dir='ltr'><strong>vel</strong></span> <span class='ocrx_word' id='word_1_60' title='bbox 1157 931 1203 992; x_wconf 86' lang='lat' dir='ltr'><strong>ita</strong></span> <span class='ocrx_word' id='word_1_61' title='bbox 1229 939 1273 992; x_wconf 87' lang='lat' dir='ltr'><strong>ut</strong></span> <span class='ocrx_word' id='word_1_62' title='bbox 1305 928 1358 989; x_wconf 91' lang='lat' dir='ltr'><strong>di·</strong></span> 
     </span>
     <span class='ocr_line' id='line_1_9' title="bbox 198 953 1356 1096; baseline -0.006 -16"><span class='ocrx_word' id='word_1_63' title='bbox 198 1017 276 1080; x_wconf 74' lang='lat' dir='ltr'><strong>vina</strong></span> <span class='ocrx_word' id='word_1_64' title='bbox 292 1015 463 1078; x_wconf 78' lang='lat' dir='ltr'><strong>auctoritas</strong></span> <span class='ocrx_word' id='word_1_65' title='bbox 490 953 607 1090; x_wconf 72' lang='lat' dir='ltr'><strong>docet,</strong></span> <span class='ocrx_word' id='word_1_66' title='bbox 633 1013 804 1076; x_wconf 83' lang='lat' dir='ltr'><strong>nataliter</strong></span> <span class='ocrx_word' id='word_1_67' title='bbox 827 1023 988 1090; x_wconf 90' lang='lat' dir='ltr'><strong>teneatur,</strong></span> <span class='ocrx_word' id='word_1_68' title='bbox 1011 1014 1065 1076; x_wconf 85' lang='lat' dir='ltr'><strong>vel</strong></span> <span class='ocrx_word' id='word_1_69' title='bbox 1093 1013 1175 1096; x_wconf 85' lang='lat' dir='ltr'><strong>quid</strong></span> <span class='ocrx_word' id='word_1_70' title='bbox 1203 1013 1293 1074; x_wconf 89' lang='lat' dir='ltr'><strong>inde</strong></span> <span class='ocrx_word' id='word_1_71' title='bbox 1315 1033 1356 1074; x_wconf 85' lang='lat' dir='ltr'><strong>ex</strong></span> 
     </span>
     <span class='ocr_line' id='line_1_10' title="bbox 197 1094 1356 1198; baseline -0.008 -36"><span class='ocrx_word' id='word_1_72' title='bbox 197 1110 288 1198; x_wconf 89' lang='lat' dir='ltr'><strong>parte</strong></span> <span class='ocrx_word' id='word_1_73' title='bbox 312 1099 362 1162; x_wconf 84' lang='lat' dir='ltr'><strong>vel</strong></span> <span class='ocrx_word' id='word_1_74' title='bbox 380 1120 420 1160; x_wconf 85' lang='lat' dir='ltr'><strong>ex</strong></span> <span class='ocrx_word' id='word_1_75' title='bbox 442 1105 509 1159; x_wconf 91' lang='lat' dir='ltr'><strong>toto</strong></span> <span class='ocrx_word' id='word_1_76' title='bbox 529 1097 696 1160; x_wconf 87' lang='lat' dir='ltr'><strong>dimissum</strong></span> <span class='ocrx_word' id='word_1_77' title='bbox 709 1097 751 1158; x_wconf 91' lang='lat' dir='ltr'><strong>sit</strong></span> <span class='ocrx_word' id='word_1_78' title='bbox 767 1107 803 1158; x_wconf 93' lang='lat' dir='ltr'><strong>ut</strong></span> <span class='ocrx_word' id='word_1_79' title='bbox 825 1118 890 1158; x_wconf 91' lang='lat' dir='ltr'><strong>uon</strong></span> <span class='ocrx_word' id='word_1_80' title='bbox 907 1105 1069 1158; x_wconf 87' lang='lat' dir='ltr'><strong>teneatur.</strong></span> <span class='ocrx_word' id='word_1_81' title='bbox 1110 1096 1249 1158; x_wconf 83' lang='lat' dir='ltr'><strong>Deinde</strong></span> <span class='ocrx_word' id='word_1_82' title='bbox 1272 1094 1356 1177; x_wconf 90' lang='lat' dir='ltr'><strong>quid</strong></span> 
     </span>
     <span class='ocr_line' id='line_1_11' title="bbox 198 1179 1355 1277; baseline -0.006 -33"><span class='ocrx_word' id='word_1_83' title='bbox 198 1205 232 1244; x_wconf 86' lang='lat' dir='ltr'><strong>ru</strong></span> <span class='ocrx_word' id='word_1_84' title='bbox 251 1183 394 1266; x_wconf 87' lang='lat' dir='ltr'><strong>ipsorum</strong></span> <span class='ocrx_word' id='word_1_85' title='bbox 414 1180 471 1264; x_wconf 90' lang='lat' dir='ltr'><strong>qui</strong></span> <span class='ocrx_word' id='word_1_86' title='bbox 492 1189 635 1262; x_wconf 87' lang='lat' dir='ltr'><strong>pastores</strong></span> <span class='ocrx_word' id='word_1_87' title='bbox 653 1179 765 1277; x_wconf 87' lang='lat' dir='ltr'><strong>populi</strong></span> <span class='ocrx_word' id='word_1_88' title='bbox 783 1179 951 1242; x_wconf 88' lang='lat' dir='ltr'><strong>constituti</strong></span> <span class='ocrx_word' id='word_1_89' title='bbox 973 1189 1050 1241; x_wconf 89' lang='lat' dir='ltr'><strong>sunt</strong></span> <span class='ocrx_word' id='word_1_90' title='bbox 1070 1179 1232 1256; x_wconf 90' lang='lat' dir='ltr'><strong>moribus,</strong></span> <span class='ocrx_word' id='word_1_91' title='bbox 1270 1199 1355 1240; x_wconf 90' lang='lat' dir='ltr'><strong>con-</strong></span> 
     </span>
     <span class='ocr_line' id='line_1_12' title="bbox 196 1261 1355 1348; baseline -0.009 -20"><span class='ocrx_word' id='word_1_92' title='bbox 196 1265 390 1340; x_wconf 83' lang='lat' dir='ltr'><strong>versatione,</strong></span> <span class='ocrx_word' id='word_1_93' title='bbox 409 1273 443 1324; x_wconf 90' lang='lat' dir='ltr'><strong>et</strong></span> <span class='ocrx_word' id='word_1_94' title='bbox 457 1261 581 1326; x_wconf 87' lang='lat' dir='ltr'><strong>actibus</strong></span> <span class='ocrx_word' id='word_1_95' title='bbox 600 1261 742 1324; x_wconf 80' lang='lat' dir='ltr'><strong>inveniri</strong></span> <span class='ocrx_word' id='word_1_96' title='bbox 759 1263 861 1348; x_wconf 80' lang='lat' dir='ltr'><strong>possit</strong></span> <span class='ocrx_word' id='word_1_97' title='bbox 875 1262 965 1345; x_wconf 93' lang='lat' dir='ltr'><strong>quod</strong></span> <span class='ocrx_word' id='word_1_98' title='bbox 986 1261 1116 1324; x_wconf 87' lang='lat' dir='ltr'><strong>divinae</strong></span> <span class='ocrx_word' id='word_1_99' title='bbox 1132 1261 1277 1345; x_wconf 89' lang='lat' dir='ltr'><strong>regulae</strong></span> <span class='ocrx_word' id='word_1_100' title='bbox 1305 1269 1355 1318; x_wconf 90' lang='lat' dir='ltr'><strong>at-</strong></span> 
     </span>
     <span class='ocr_line' id='line_1_13' title="bbox 197 1345 1353 1444; baseline -0.008 -34"><span class='ocrx_word' id='word_1_101' title='bbox 197 1370 261 1444; x_wconf 74' lang='lat' dir='ltr'><strong>que</strong></span> <span class='ocrx_word' id='word_1_102' title='bbox 283 1345 468 1408; x_wconf 72' lang='lat' dir='ltr'><strong>auctoritati</strong></span> <span class='ocrx_word' id='word_1_103' title='bbox 483 1367 550 1406; x_wconf 93' lang='lat' dir='ltr'><strong>uon</strong></span> <span class='ocrx_word' id='word_1_104' title='bbox 568 1345 763 1416; x_wconf 63' lang='lat' dir='ltr'><strong>concorden</strong></span> <span class='ocrx_word' id='word_1_105' title='bbox 786 1345 948 1427; x_wconf 85' lang='lat' dir='ltr'><strong>simulque</strong></span> <span class='ocrx_word' id='word_1_106' title='bbox 966 1345 1116 1406; x_wconf 85' lang='lat' dir='ltr'><strong>iuvenire</strong></span> <span class='ocrx_word' id='word_1_107' title='bbox 1138 1366 1227 1427; x_wconf 88' lang='lat' dir='ltr'><strong>quae</strong></span> <span class='ocrx_word' id='word_1_108' title='bbox 1252 1364 1353 1405; x_wconf 90' lang='lat' dir='ltr'><strong>occa·</strong></span> 
     </span>
     <span class='ocr_line' id='line_1_14' title="bbox 196 1424 1353 1524; baseline -0.01 -30"><span class='ocrx_word' id='word_1_109' title='bbox 196 1451 303 1494; x_wconf 76' lang='lat' dir='ltr'><strong>aiones</strong></span> <span class='ocrx_word' id='word_1_110' title='bbox 323 1429 356 1490; x_wconf 87' lang='lat' dir='ltr'><strong>in</strong></span> <span class='ocrx_word' id='word_1_111' title='bbox 373 1437 510 1524; x_wconf 75' lang='lat' dir='ltr'><strong>utroque</strong></span> <span class='ocrx_word' id='word_1_112' title='bbox 529 1427 644 1490; x_wconf 87' lang='lat' dir='ltr'><strong>ordine</strong></span> <span class='ocrx_word' id='word_1_113' title='bbox 659 1426 693 1489; x_wconf 92' lang='lat' dir='ltr'><strong>id</strong></span> <span class='ocrx_word' id='word_1_114' title='bbox 714 1429 883 1491; x_wconf 75' lang='lat' dir='ltr'><strong>e‘leeeriut</strong></span> <span class='ocrx_word' id='word_1_115' title='bbox 897 1427 968 1488; x_wconf 80' lang='lat' dir='ltr'><strong>utd</strong></span> <span class='ocrx_word' id='word_1_116' title='bbox 987 1437 1077 1488; x_wconf 89' lang='lat' dir='ltr'><strong>recto</strong></span> <span class='ocrx_word' id='word_1_117' title='bbox 1102 1428 1233 1488; x_wconf 85' lang='lat' dir='ltr'><strong>tramite</strong></span> <span class='ocrx_word' id='word_1_118' title='bbox 1259 1424 1353 1490; x_wconf 82' lang='lat' dir='ltr'><strong>devi-</strong></span> 
     </span>
     <span class='ocr_line' id='line_1_15' title="bbox 196 1509 1351 1594; baseline -0.006 -20"><span class='ocrx_word' id='word_1_119' title='bbox 196 1521 313 1576; x_wconf 89' lang='lat' dir='ltr'><strong>assent.</strong></span> <span class='ocrx_word' id='word_1_120' title='bbox 355 1511 397 1572; x_wconf 90' lang='lat' dir='ltr'><strong>Et</strong></span> <span class='ocrx_word' id='word_1_121' title='bbox 414 1510 573 1594; x_wconf 81' lang='lat' dir='ltr'><strong>quicquid</strong></span> <span class='ocrx_word' id='word_1_122' title='bbox 588 1510 627 1572; x_wconf 90' lang='lat' dir='ltr'><strong>ab</strong></span> <span class='ocrx_word' id='word_1_123' title='bbox 645 1509 693 1572; x_wconf 89' lang='lat' dir='ltr'><strong>eis</strong></span> <span class='ocrx_word' id='word_1_124' title='bbox 711 1511 751 1572; x_wconf 90' lang='lat' dir='ltr'><strong>de</strong></span> <span class='ocrx_word' id='word_1_125' title='bbox 772 1512 824 1572; x_wconf 91' lang='lat' dir='ltr'><strong>bis</strong></span> <span class='ocrx_word' id='word_1_126' title='bbox 840 1510 944 1574; x_wconf 87' lang='lat' dir='ltr'><strong>causis</strong></span> <span class='ocrx_word' id='word_1_127' title='bbox 966 1511 1137 1572; x_wconf 86' lang='lat' dir='ltr'><strong>inventum</strong></span> <span class='ocrx_word' id='word_1_128' title='bbox 1152 1511 1273 1586; x_wconf 86' lang='lat' dir='ltr'><strong>fuerit,</strong></span> <span class='ocrx_word' id='word_1_129' title='bbox 1285 1519 1351 1571; x_wconf 88' lang='lat' dir='ltr'><strong>tam</strong></span> 
     </span>
     <span class='ocr_line' id='line_1_16' title="bbox 196 1593 1350 1670; baseline -0.006 -13"><span class='ocrx_word' id='word_1_130' title='bbox 196 1595 307 1657; x_wconf 87' lang='lat' dir='ltr'><strong>solerti</strong></span> <span class='ocrx_word' id='word_1_131' title='bbox 337 1615 415 1656; x_wconf 90' lang='lat' dir='ltr'><strong>cura</strong></span> <span class='ocrx_word' id='word_1_132' title='bbox 442 1593 654 1670; x_wconf 85' lang='lat' dir='ltr'><strong>custodiatur,</strong></span> <span class='ocrx_word' id='word_1_133' title='bbox 684 1604 721 1654; x_wconf 89' lang='lat' dir='ltr'><strong>nt</strong></span> <span class='ocrx_word' id='word_1_134' title='bbox 750 1595 937 1656; x_wconf 91' lang='lat' dir='ltr'><strong>nullatenus</strong></span> <span class='ocrx_word' id='word_1_135' title='bbox 959 1593 1000 1654; x_wconf 87' lang='lat' dir='ltr'><strong>ad</strong></span> <span class='ocrx_word' id='word_1_136' title='bbox 1023 1593 1162 1654; x_wconf 90' lang='lat' dir='ltr'><strong>aliorum</strong></span> <span class='ocrx_word' id='word_1_137' title='bbox 1189 1593 1350 1654; x_wconf 89' lang='lat' dir='ltr'><strong>notitiam</strong></span> 
     </span>
     <span class='ocr_line' id='line_1_17' title="bbox 219 1675 1347 1760; baseline -0.002 -20"><span class='ocrx_word' id='word_1_138' title='bbox 219 1675 369 1740; x_wconf 83' lang='lat' dir='ltr'><strong>ervenire</strong></span> <span class='ocrx_word' id='word_1_139' title='bbox 386 1675 576 1760; x_wconf 86' lang='lat' dir='ltr'><strong>permittant</strong></span> <span class='ocrx_word' id='word_1_140' title='bbox 592 1685 666 1738; x_wconf 91' lang='lat' dir='ltr'><strong>aute</strong></span> <span class='ocrx_word' id='word_1_141' title='bbox 690 1686 817 1760; x_wconf 88' lang='lat' dir='ltr'><strong>tempus</strong></span> <span class='ocrx_word' id='word_1_142' title='bbox 839 1676 1061 1738; x_wconf 88' lang='lat' dir='ltr'><strong>constitutum.</strong></span> <span class='ocrx_word' id='word_1_143' title='bbox 1103 1677 1147 1738; x_wconf 87' lang='lat' dir='ltr'><strong>Et</strong></span> <span class='ocrx_word' id='word_1_144' title='bbox 1162 1676 1238 1738; x_wconf 92' lang='lat' dir='ltr'><strong>ideo</strong></span> <span class='ocrx_word' id='word_1_145' title='bbox 1257 1699 1347 1738; x_wconf 86' lang='lat' dir='ltr'><strong>unus</strong></span> 
     </span>
     <span class='ocr_line' id='line_1_18' title="bbox 194 1701 1346 1842; baseline -0.003 -20"><span class='ocrx_word' id='word_1_146' title='bbox 194 1701 345 1822; x_wconf 54' lang='lat' dir='ltr'><strong>illotarius</strong></span> <span class='ocrx_word' id='word_1_147' title='bbox 359 1759 447 1820; x_wconf 89' lang='lat' dir='ltr'><strong>iuter</strong></span> <span class='ocrx_word' id='word_1_148' title='bbox 460 1779 572 1822; x_wconf 88' lang='lat' dir='ltr'><strong>omnes</strong></span> <span class='ocrx_word' id='word_1_149' title='bbox 587 1759 737 1842; x_wconf 78' lang='lat' dir='ltr'><strong>eligatur,</strong></span> <span class='ocrx_word' id='word_1_150' title='bbox 757 1759 815 1842; x_wconf 87' lang='lat' dir='ltr'><strong>qui</strong></span> <span class='ocrx_word' id='word_1_151' title='bbox 832 1760 922 1842; x_wconf 84' lang='lat' dir='ltr'><strong>quod</strong></span> <span class='ocrx_word' id='word_1_152' title='bbox 941 1757 1002 1841; x_wconf 90' lang='lat' dir='ltr'><strong>ipsi</strong></span> <span class='ocrx_word' id='word_1_153' title='bbox 1023 1759 1212 1820; x_wconf 81' lang='lat' dir='ltr'><strong>invenerint</strong></span> <span class='ocrx_word' id='word_1_154' title='bbox 1237 1761 1346 1822; x_wconf 90' lang='lat' dir='ltr'><strong>subti-</strong></span> 
     </span>
     <span class='ocr_line' id='line_1_19' title="bbox 196 1841 1343 1918; baseline -0.001 -16"><span class='ocrx_word' id='word_1_155' title='bbox 196 1843 272 1904; x_wconf 92' lang='lat' dir='ltr'><strong>liter</strong></span> <span class='ocrx_word' id='word_1_156' title='bbox 288 1841 457 1918; x_wconf 80' lang='lat' dir='ltr'><strong>describat,</strong></span> <span class='ocrx_word' id='word_1_157' title='bbox 474 1851 507 1902; x_wconf 89' lang='lat' dir='ltr'><strong>et</strong></span> <span class='ocrx_word' id='word_1_158' title='bbox 524 1841 584 1902; x_wconf 85' lang='lat' dir='ltr'><strong>sub</strong></span> <span class='ocrx_word' id='word_1_159' title='bbox 604 1841 786 1904; x_wconf 88' lang='lat' dir='ltr'><strong>iuramento</strong></span> <span class='ocrx_word' id='word_1_160' title='bbox 815 1841 1009 1904; x_wconf 89' lang='lat' dir='ltr'><strong>constrictus</strong></span> <span class='ocrx_word' id='word_1_161' title='bbox 1033 1841 1174 1902; x_wconf 88' lang='lat' dir='ltr'><strong>fideliter</strong></span> <span class='ocrx_word' id='word_1_162' title='bbox 1206 1863 1343 1906; x_wconf 89' lang='lat' dir='ltr'><strong>conser-</strong></span> 
     </span>
     <span class='ocr_line' id='line_1_20' title="bbox 195 1921 1340 2006; baseline -0.001 -20"><span class='ocrx_word' id='word_1_163' title='bbox 195 1933 259 1986; x_wconf 80' lang='lat' dir='ltr'><strong>vet.</strong></span> <span class='ocrx_word' id='word_1_164' title='bbox 301 1925 471 2002; x_wconf 87' lang='lat' dir='ltr'><strong>(Volumus</strong></span> <span class='ocrx_word' id='word_1_165' title='bbox 487 1923 584 1986; x_wconf 88' lang='lat' dir='ltr'><strong>etiam</strong></span> <span class='ocrx_word' id='word_1_166' title='bbox 605 1921 750 2006; x_wconf 86' lang='lat' dir='ltr'><strong>ipsorum</strong></span> <span class='ocrx_word' id='word_1_167' title='bbox 763 1935 961 1988; x_wconf 78' lang='lat' dir='ltr'><strong>conventum</strong></span> <span class='ocrx_word' id='word_1_168' title='bbox 982 1923 1052 1984; x_wconf 83' lang='lat' dir='ltr'><strong>beri</strong></span> <span class='ocrx_word' id='word_1_169' title='bbox 1076 1924 1204 1986; x_wconf 86' lang='lat' dir='ltr'><strong>octabas</strong></span> <span class='ocrx_word' id='word_1_170' title='bbox 1219 1927 1340 1988; x_wconf 85' lang='lat' dir='ltr'><strong>Pente·</strong></span> 
     </span>
     <span class='ocr_line' id='line_1_21' title="bbox 195 2003 1439 2092; baseline -0.002 -24"><span class='ocrx_word' id='word_1_171' title='bbox 195 2017 319 2084; x_wconf 86' lang='lat' dir='ltr'><strong>costen,</strong></span> <span class='ocrx_word' id='word_1_172' title='bbox 339 2007 427 2070; x_wconf 85' lang='lat' dir='ltr'><strong>Missi</strong></span> <span class='ocrx_word' id='word_1_173' title='bbox 446 2027 522 2069; x_wconf 83' lang='lat' dir='ltr'><strong>vero</strong></span> <span class='ocrx_word' id='word_1_174' title='bbox 542 2007 643 2070; x_wconf 86' lang='lat' dir='ltr'><strong>nostri</strong></span> <span class='ocrx_word' id='word_1_175' title='bbox 660 2029 753 2072; x_wconf 87' lang='lat' dir='ltr'><strong>suam</strong></span> <span class='ocrx_word' id='word_1_176' title='bbox 778 2009 937 2092; x_wconf 86' lang='lat' dir='ltr'><strong>incipiant</strong></span> <span class='ocrx_word' id='word_1_177' title='bbox 964 2005 1162 2090; x_wconf 82' lang='lat' dir='ltr'><strong>legationem</strong></span> <span class='ocrx_word' id='word_1_178' title='bbox 1182 2026 1337 2092; x_wconf 79' lang='lat' dir='ltr'><strong>peragere</strong></span> <span class='ocrx_word' id='word_1_179' title='bbox 1438 2003 1439 2074; x_wconf 84' lang='lat' dir='ltr'><strong>l</strong></span> 
     </span>
    </p>
   </div>
   <div class='ocr_carea' id='block_1_3' title="bbox 197 2087 1440 2170">
    <p class='ocr_par' dir='ltr' id='par_1_3' title="bbox 197 2087 1440 2170">
     <span class='ocr_line' id='line_1_22' title="bbox 197 2087 1440 2170; baseline -0.002 -18"><span class='ocrx_word' id='word_1_180' title='bbox 197 2087 323 2152; x_wconf 88' lang='lat' dir='ltr'><strong>octabas</strong></span> <span class='ocrx_word' id='word_1_181' title='bbox 340 2091 482 2152; x_wconf 89' lang='lat' dir='ltr'><strong>Paschae</strong></span> <span class='ocrx_word' id='word_1_182' title='bbox 507 2091 540 2170; x_wconf 68' lang='lat' dir='ltr'><strong>a).</strong></span> <span class='ocrx_word' id='word_1_183' title='bbox 1439 2097 1440 2150; x_wconf 82' lang='lat' dir='ltr'><strong>l</strong></span> 
     </span>
    </p>
   </div>
   <div class='ocr_carea' id='block_1_4' title="bbox 255 2167 1441 2304">
    <p class='ocr_par' dir='ltr' id='par_1_4' title="bbox 255 2167 1441 2304">
     <span class='ocr_line' id='line_1_23' title="bbox 255 2167 1441 2304; baseline 0.004 -28"><span class='ocrx_word' id='word_1_184' title='bbox 255 2206 361 2278; x_wconf 83' lang='lat' dir='ltr'><strong>Haec</strong></span> <span class='ocrx_word' id='word_1_185' title='bbox 386 2209 557 2302; x_wconf 85' lang='lat' dir='ltr'><strong>Capitula</strong></span> <span class='ocrx_word' id='word_1_186' title='bbox 582 2209 628 2278; x_wconf 93' lang='lat' dir='ltr'><strong>ab</strong></span> <span class='ocrx_word' id='word_1_187' title='bbox 653 2208 845 2302; x_wconf 78' lang='lat' dir='ltr'><strong>Episcopis</strong></span> <span class='ocrx_word' id='word_1_188' title='bbox 871 2210 909 2279; x_wconf 91' lang='lat' dir='ltr'><strong>in</strong></span> <span class='ocrx_word' id='word_1_189' title='bbox 943 2209 1078 2280; x_wconf 88' lang='lat' dir='ltr'><strong>eisdem</strong></span> <span class='ocrx_word' id='word_1_190' title='bbox 1106 2167 1274 2279; x_wconf 77' lang='lat' dir='ltr'><strong>Consiliis</strong></span> <span class='ocrx_word' id='word_1_191' title='bbox 1332 2213 1343 2304; x_wconf 44' lang='lat'><strong>⁵.</strong></span> <span class='ocrx_word' id='word_1_192' title='bbox 1440 2190 1441 2224; x_wconf 53' lang='lat'>¹</span> 
     </span>
    </p>
   </div>
   <div class='ocr_carea' id='block_1_5' title="bbox 610 2309 914 2378">
    <p class='ocr_par' dir='ltr' id='par_1_5' title="bbox 610 2309 914 2378">
     <span class='ocr_line' id='line_1_24' title="bbox 610 2309 914 2378; baseline -0.003 -1"><span class='ocrx_word' id='word_1_193' title='bbox 610 2309 798 2377; x_wconf 83' lang='lat' dir='ltr'><strong>tractanda</strong></span> <span class='ocrx_word' id='word_1_194' title='bbox 821 2319 914 2378; x_wconf 70' lang='lat' dir='ltr'><strong>sunt„</strong></span> 
     </span>
    </p>
   </div>
   <div class='ocr_carea' id='block_1_6' title="bbox 112 2423 1346 3585">
    <p class='ocr_par' dir='ltr' id='par_1_6' title="bbox 195 2423 1335 2590">
     <span class='ocr_line' id='line_1_25' title="bbox 277 2423 1335 2509; baseline -0.004 -22"><span class='ocrx_word' id='word_1_195' title='bbox 277 2423 304 2487; x_wconf 91' lang='lat' dir='ltr'><strong>I.</strong></span> <span class='ocrx_word' id='word_1_196' title='bbox 346 2427 395 2488; x_wconf 89' lang='lat' dir='ltr'><strong>De</strong></span> <span class='ocrx_word' id='word_1_197' title='bbox 421 2425 555 2488; x_wconf 85' lang='lat' dir='ltr'><strong>decimis</strong></span> <span class='ocrx_word' id='word_1_198' title='bbox 572 2447 655 2508; x_wconf 88' lang='lat' dir='ltr'><strong>quae</strong></span> <span class='ocrx_word' id='word_1_199' title='bbox 679 2426 720 2489; x_wconf 90' lang='lat' dir='ltr'><strong>ad</strong></span> <span class='ocrx_word' id='word_1_200' title='bbox 737 2426 878 2509; x_wconf 89' lang='lat' dir='ltr'><strong>capellas</strong></span> <span class='ocrx_word' id='word_1_201' title='bbox 898 2426 1075 2488; x_wconf 86' lang='lat' dir='ltr'><strong>dominicas</strong></span> <span class='ocrx_word' id='word_1_202' title='bbox 1092 2426 1223 2503; x_wconf 86' lang='lat' dir='ltr'><strong>dantur,</strong></span> <span class='ocrx_word' id='word_1_203' title='bbox 1240 2423 1335 2486; x_wconf 90' lang='lat' dir='ltr'><strong>etbo·.</strong></span> 
     </span>
     <span class='ocr_line' id='line_1_26' title="bbox 195 2507 1120 2590; baseline 0.001 -22"><span class='ocrx_word' id='word_1_204' title='bbox 195 2507 337 2570; x_wconf 86' lang='lat' dir='ltr'><strong>minibus</strong></span> <span class='ocrx_word' id='word_1_205' title='bbox 352 2509 410 2590; x_wconf 89' lang='lat' dir='ltr'><strong>qui</strong></span> <span class='ocrx_word' id='word_1_206' title='bbox 431 2530 482 2572; x_wconf 90' lang='lat' dir='ltr'><strong>eas</strong></span> <span class='ocrx_word' id='word_1_207' title='bbox 500 2507 621 2570; x_wconf 91' lang='lat' dir='ltr'><strong>babent</strong></span> <span class='ocrx_word' id='word_1_208' title='bbox 634 2520 667 2570; x_wconf 89' lang='lat' dir='ltr'><strong>et</strong></span> <span class='ocrx_word' id='word_1_209' title='bbox 681 2509 712 2570; x_wconf 92' lang='lat' dir='ltr'><strong>iu</strong></span> <span class='ocrx_word' id='word_1_210' title='bbox 731 2529 805 2572; x_wconf 88' lang='lat' dir='ltr'><strong>snos</strong></span> <span class='ocrx_word' id='word_1_211' title='bbox 821 2531 897 2572; x_wconf 88' lang='lat' dir='ltr'><strong>usus</strong></span> <span class='ocrx_word' id='word_1_212' title='bbox 915 2517 1120 2572; x_wconf 78' lang='lat' dir='ltr'><strong>convertunt.</strong></span> 
     </span>
    </p>

    <p class='ocr_par' dir='ltr' id='par_1_7' title="bbox 195 2589 1334 2756">
     <span class='ocr_line' id='line_1_27' title="bbox 278 2589 1334 2674; baseline -0.003 -21"><span class='ocrx_word' id='word_1_213' title='bbox 278 2589 323 2654; x_wconf 87' lang='lat' dir='ltr'><strong>ll.</strong></span> <span class='ocrx_word' id='word_1_214' title='bbox 365 2591 414 2652; x_wconf 90' lang='lat' dir='ltr'><strong>Dc</strong></span> <span class='ocrx_word' id='word_1_215' title='bbox 442 2592 572 2654; x_wconf 84' lang='lat' dir='ltr'><strong>feminis</strong></span> <span class='ocrx_word' id='word_1_216' title='bbox 588 2614 672 2674; x_wconf 88' lang='lat' dir='ltr'><strong>quae</strong></span> <span class='ocrx_word' id='word_1_217' title='bbox 692 2593 725 2652; x_wconf 92' lang='lat' dir='ltr'><strong>iu</strong></span> <span class='ocrx_word' id='word_1_218' title='bbox 748 2592 941 2674; x_wconf 87' lang='lat' dir='ltr'><strong>quibusdam</strong></span> <span class='ocrx_word' id='word_1_219' title='bbox 962 2591 1042 2654; x_wconf 92' lang='lat' dir='ltr'><strong>locis</strong></span> <span class='ocrx_word' id='word_1_220' title='bbox 1063 2589 1334 2652; x_wconf 83' lang='lat' dir='ltr'><strong>inrationabiliter</strong></span> 
     </span>
     <span class='ocr_line' id='line_1_28' title="bbox 195 2671 783 2756; baseline 0.002 -23"><span class='ocrx_word' id='word_1_221' title='bbox 195 2671 344 2734; x_wconf 81' lang='lat' dir='ltr'><strong>velamen</strong></span> <span class='ocrx_word' id='word_1_222' title='bbox 362 2684 509 2736; x_wconf 88' lang='lat' dir='ltr'><strong>sanctum</strong></span> <span class='ocrx_word' id='word_1_223' title='bbox 526 2675 587 2736; x_wconf 89' lang='lat' dir='ltr'><strong>sibi</strong></span> <span class='ocrx_word' id='word_1_224' title='bbox 603 2675 783 2756; x_wconf 89' lang='lat' dir='ltr'><strong>imponunt.</strong></span> 
     </span>
    </p>

    <p class='ocr_par' dir='ltr' id='par_1_8' title="bbox 193 2755 1333 2922">
     <span class='ocr_line' id='line_1_29' title="bbox 278 2755 1333 2840; baseline -0.002 -22"><span class='ocrx_word' id='word_1_225' title='bbox 278 2755 340 2818; x_wconf 89' lang='lat' dir='ltr'><strong>lll.</strong></span> <span class='ocrx_word' id='word_1_226' title='bbox 383 2757 540 2820; x_wconf 86' lang='lat' dir='ltr'><strong>Similiter</strong></span> <span class='ocrx_word' id='word_1_227' title='bbox 569 2757 610 2820; x_wconf 92' lang='lat' dir='ltr'><strong>dc</strong></span> <span class='ocrx_word' id='word_1_228' title='bbox 636 2757 871 2820; x_wconf 88' lang='lat' dir='ltr'><strong>monasteriolis</strong></span> <span class='ocrx_word' id='word_1_229' title='bbox 899 2755 1086 2840; x_wconf 87' lang='lat' dir='ltr'><strong>puellarum</strong></span> <span class='ocrx_word' id='word_1_230' title='bbox 1113 2757 1147 2818; x_wconf 89' lang='lat' dir='ltr'><strong>in</strong></span> <span class='ocrx_word' id='word_1_231' title='bbox 1175 2755 1333 2839; x_wconf 81' lang='lat' dir='ltr'><strong>legatione</strong></span> 
     </span>
     <span class='ocr_line' id='line_1_30' title="bbox 193 2833 1332 2922; baseline -0.003 -25"><span class='ocrx_word' id='word_1_232' title='bbox 193 2833 353 2922; x_wconf 78' lang='lat' dir='ltr'><strong>Autgarii‚</strong></span> <span class='ocrx_word' id='word_1_233' title='bbox 371 2837 404 2898; x_wconf 90' lang='lat' dir='ltr'><strong>in</strong></span> <span class='ocrx_word' id='word_1_234' title='bbox 427 2838 545 2922; x_wconf 88' lang='lat' dir='ltr'><strong>quibus</strong></span> <span class='ocrx_word' id='word_1_235' title='bbox 562 2841 673 2902; x_wconf 88' lang='lat' dir='ltr'><strong>nullus</strong></span> <span class='ocrx_word' id='word_1_236' title='bbox 695 2840 775 2902; x_wconf 92' lang='lat' dir='ltr'><strong>ordo</strong></span> <span class='ocrx_word' id='word_1_237' title='bbox 792 2841 896 2902; x_wconf 90' lang='lat' dir='ltr'><strong>bonae</strong></span> <span class='ocrx_word' id='word_1_238' title='bbox 922 2840 1175 2904; x_wconf 83' lang='lat' dir='ltr'><strong>conversationis</strong></span> <span class='ocrx_word' id='word_1_239' title='bbox 1195 2848 1332 2901; x_wconf 88' lang='lat' dir='ltr'><strong>tenetur.</strong></span> 
     </span>
    </p>

    <p class='ocr_par' dir='ltr' id='par_1_9' title="bbox 277 2919 1332 2988">
     <span class='ocr_line' id='line_1_31' title="bbox 277 2919 1332 2988; baseline -0.002 -6"><span class='ocrx_word' id='word_1_240' title='bbox 277 2919 336 2982; x_wconf 88' lang='lat' dir='ltr'><strong>lV.</strong></span> <span class='ocrx_word' id='word_1_241' title='bbox 379 2923 428 2984; x_wconf 92' lang='lat' dir='ltr'><strong>De</strong></span> <span class='ocrx_word' id='word_1_242' title='bbox 449 2923 682 2986; x_wconf 87' lang='lat' dir='ltr'><strong>monasteriolis</strong></span> <span class='ocrx_word' id='word_1_243' title='bbox 702 2922 799 2984; x_wconf 90' lang='lat' dir='ltr'><strong>etiam</strong></span> <span class='ocrx_word' id='word_1_244' title='bbox 818 2923 954 2988; x_wconf 80' lang='lat' dir='ltr'><strong>diversis</strong></span> <span class='ocrx_word' id='word_1_245' title='bbox 971 2923 1005 2984; x_wconf 91' lang='lat' dir='ltr'><strong>in</strong></span> <span class='ocrx_word' id='word_1_246' title='bbox 1026 2922 1188 2986; x_wconf 87' lang='lat' dir='ltr'><strong>missatico</strong></span> <span class='ocrx_word' id='word_1_247' title='bbox 1200 2919 1332 2984; x_wconf 77' lang='lat' dir='ltr'><strong>Albrici.</strong></span> 
     </span>
    </p>

    <p class='ocr_par' dir='ltr' id='par_1_10' title="bbox 277 3005 1070 3088">
     <span class='ocr_line' id='line_1_32' title="bbox 277 3005 1070 3088; baseline 0.011 -26"><span class='ocrx_word' id='word_1_248' title='bbox 277 3005 317 3062; x_wconf 94' lang='lat' dir='ltr'><strong>V.</strong></span> <span class='ocrx_word' id='word_1_249' title='bbox 359 3006 408 3064; x_wconf 90' lang='lat' dir='ltr'><strong>De</strong></span> <span class='ocrx_word' id='word_1_250' title='bbox 428 3005 550 3068; x_wconf 90' lang='lat' dir='ltr'><strong>indicio</strong></span> <span class='ocrx_word' id='word_1_251' title='bbox 571 3027 672 3088; x_wconf 84' lang='lat' dir='ltr'><strong>aquae</strong></span> <span class='ocrx_word' id='word_1_252' title='bbox 687 3005 834 3088; x_wconf 83' lang='lat' dir='ltr'><strong>frigidae.</strong></span> <span class='ocrx_word' id='word_1_253' title='bbox 1068 3024 1070 3030; x_wconf 87' lang='lat'>&#39;</span> 
     </span>
    </p>

    <p class='ocr_par' dir='ltr' id='par_1_11' title="bbox 277 3085 919 3171">
     <span class='ocr_line' id='line_1_33' title="bbox 277 3085 919 3171; baseline 0.005 -24"><span class='ocrx_word' id='word_1_254' title='bbox 277 3085 336 3148; x_wconf 88' lang='lat' dir='ltr'><strong>Vl.</strong></span> <span class='ocrx_word' id='word_1_255' title='bbox 377 3089 427 3148; x_wconf 91' lang='lat' dir='ltr'><strong>De</strong></span> <span class='ocrx_word' id='word_1_256' title='bbox 447 3089 498 3150; x_wconf 89' lang='lat' dir='ltr'><strong>his</strong></span> <span class='ocrx_word' id='word_1_257' title='bbox 517 3089 575 3171; x_wconf 89' lang='lat' dir='ltr'><strong>qni</strong></span> <span class='ocrx_word' id='word_1_258' title='bbox 603 3089 709 3152; x_wconf 89' lang='lat' dir='ltr'><strong>usuris</strong></span> <span class='ocrx_word' id='word_1_259' title='bbox 728 3089 919 3151; x_wconf 77' lang='lat' dir='ltr'><strong>inserviunt.</strong></span> 
     </span>
    </p>

    <p class='ocr_par' dir='ltr' id='par_1_12' title="bbox 112 3165 1346 3585">
     <span class='ocr_line' id='line_1_34' title="bbox 276 3165 1334 3255; baseline -0.002 -25"><span class='ocrx_word' id='word_1_260' title='bbox 276 3165 353 3230; x_wconf 89' lang='lat' dir='ltr'><strong>Vll.</strong></span> <span class='ocrx_word' id='word_1_261' title='bbox 397 3172 556 3234; x_wconf 87' lang='lat' dir='ltr'><strong>Volumus</strong></span> <span class='ocrx_word' id='word_1_262' title='bbox 574 3181 671 3255; x_wconf 86' lang='lat' dir='ltr'><strong>atque</strong></span> <span class='ocrx_word' id='word_1_263' title='bbox 687 3171 834 3234; x_wconf 87' lang='lat' dir='ltr'><strong>iubemus</strong></span> <span class='ocrx_word' id='word_1_264' title='bbox 854 3183 891 3234; x_wconf 90' lang='lat' dir='ltr'><strong>ut</strong></span> <span class='ocrx_word' id='word_1_265' title='bbox 914 3171 1004 3236; x_wconf 87' lang='lat' dir='ltr'><strong>Missi</strong></span> <span class='ocrx_word' id='word_1_266' title='bbox 1030 3171 1133 3234; x_wconf 90' lang='lat' dir='ltr'><strong>nostri</strong></span> <span class='ocrx_word' id='word_1_267' title='bbox 1160 3169 1334 3253; x_wconf 80' lang='lat' dir='ltr'><strong>diligenter</strong></span> 
     </span>
     <span class='ocr_line' id='line_1_35' title="bbox 112 3249 1346 3346; baseline 0.002 -37"><span class='ocrx_word' id='word_1_268' title='bbox 112 3285 114 3290; x_wconf 83' lang='lat'><em>.</em></span> <span class='ocrx_word' id='word_1_269' title='bbox 194 3249 363 3346; x_wconf 75' lang='lat' dir='ltr'><strong>inquirant</strong></span> <span class='ocrx_word' id='word_1_270' title='bbox 377 3255 490 3334; x_wconf 90' lang='lat' dir='ltr'><strong>quanti</strong></span> <span class='ocrx_word' id='word_1_271' title='bbox 506 3254 654 3316; x_wconf 91' lang='lat' dir='ltr'><strong>homines</strong></span> <span class='ocrx_word' id='word_1_272' title='bbox 672 3253 767 3316; x_wconf 92' lang='lat' dir='ltr'><strong>liberi</strong></span> <span class='ocrx_word' id='word_1_273' title='bbox 794 3255 932 3338; x_wconf 88' lang='lat' dir='ltr'><strong>singulis</strong></span> <span class='ocrx_word' id='word_1_274' title='bbox 958 3254 1160 3318; x_wconf 90' lang='lat' dir='ltr'><strong>comitatibus</strong></span> <span class='ocrx_word' id='word_1_275' title='bbox 1185 3261 1346 3314; x_wconf 87' lang='lat' dir='ltr'><strong>maneant·</strong></span> 
     </span>
     <span class='ocr_line' id='line_1_36' title="bbox 193 3336 1336 3420; baseline 0.003 -29"><span class='ocrx_word' id='word_1_276' title='bbox 193 3353 250 3415; x_wconf 88' lang='lat' dir='ltr'><strong>qm</strong></span> <span class='ocrx_word' id='word_1_277' title='bbox 272 3353 378 3415; x_wconf 90' lang='lat' dir='ltr'><strong>perse</strong></span> <span class='ocrx_word' id='word_1_278' title='bbox 402 3337 525 3416; x_wconf 87' lang='lat' dir='ltr'><strong>possint</strong></span> <span class='ocrx_word' id='word_1_279' title='bbox 541 3337 781 3419; x_wconf 82' lang='lat' dir='ltr'><strong>expeditionem</strong></span> <span class='ocrx_word' id='word_1_280' title='bbox 801 3339 920 3414; x_wconf 85' lang='lat' dir='ltr'><strong>facere,</strong></span> <span class='ocrx_word' id='word_1_281' title='bbox 946 3339 997 3399; x_wconf 88' lang='lat' dir='ltr'><strong>vel</strong></span> <span class='ocrx_word' id='word_1_282' title='bbox 1011 3338 1125 3420; x_wconf 85' lang='lat' dir='ltr'><strong>quanti</strong></span> <span class='ocrx_word' id='word_1_283' title='bbox 1140 3338 1180 3398; x_wconf 90' lang='lat' dir='ltr'><strong>de</strong></span> <span class='ocrx_word' id='word_1_284' title='bbox 1201 3337 1253 3398; x_wconf 90' lang='lat' dir='ltr'><strong>his</strong></span> <span class='ocrx_word' id='word_1_285' title='bbox 1267 3336 1336 3418; x_wconf 87' lang='lat' dir='ltr'><strong>qni·</strong></span> 
     </span>
     <span class='ocr_line' id='line_1_37' title="bbox 192 3417 1335 3502; baseline 0.002 -26"><span class='ocrx_word' id='word_1_286' title='bbox 192 3417 254 3476; x_wconf 90' lang='lat' dir='ltr'><strong>bus</strong></span> <span class='ocrx_word' id='word_1_287' title='bbox 272 3437 357 3478; x_wconf 90' lang='lat' dir='ltr'><strong>uuus</strong></span> <span class='ocrx_word' id='word_1_288' title='bbox 378 3419 478 3480; x_wconf 88' lang='lat' dir='ltr'><strong>alium</strong></span> <span class='ocrx_word' id='word_1_289' title='bbox 497 3419 641 3496; x_wconf 86' lang='lat' dir='ltr'><strong>adiuvet,</strong></span> <span class='ocrx_word' id='word_1_290' title='bbox 658 3420 770 3500; x_wconf 89' lang='lat' dir='ltr'><strong>quanti</strong></span> <span class='ocrx_word' id='word_1_291' title='bbox 792 3423 890 3481; x_wconf 91' lang='lat' dir='ltr'><strong>etiam</strong></span> <span class='ocrx_word' id='word_1_292' title='bbox 904 3421 943 3482; x_wconf 94' lang='lat' dir='ltr'><strong>de</strong></span> <span class='ocrx_word' id='word_1_293' title='bbox 958 3420 1008 3482; x_wconf 90' lang='lat' dir='ltr'><strong>his</strong></span> <span class='ocrx_word' id='word_1_294' title='bbox 1030 3421 1085 3502; x_wconf 91' lang='lat' dir='ltr'><strong>qui</strong></span> <span class='ocrx_word' id='word_1_295' title='bbox 1100 3422 1117 3480; x_wconf 77' lang='lat' dir='ltr'><strong>d</strong></span> <span class='ocrx_word' id='word_1_296' title='bbox 1132 3419 1259 3482; x_wconf 91' lang='lat' dir='ltr'><strong>duobns</strong></span> <span class='ocrx_word' id='word_1_297' title='bbox 1275 3429 1335 3480; x_wconf 86' lang='lat' dir='ltr'><strong>ter·</strong></span> 
     </span>
     <span class='ocr_line' id='line_1_38' title="bbox 193 3499 1336 3585; baseline 0.003 -27"><span class='ocrx_word' id='word_1_298' title='bbox 193 3499 258 3560; x_wconf 90' lang='lat' dir='ltr'><strong>tius</strong></span> <span class='ocrx_word' id='word_1_299' title='bbox 270 3499 444 3562; x_wconf 89' lang='lat' dir='ltr'><strong>adiuvetur</strong></span> <span class='ocrx_word' id='word_1_300' title='bbox 458 3510 718 3584; x_wconf 87' lang='lat' dir='ltr'><strong>etprueparetur,</strong></span> <span class='ocrx_word' id='word_1_301' title='bbox 734 3524 862 3564; x_wconf 90' lang='lat' dir='ltr'><strong>necnon</strong></span> <span class='ocrx_word' id='word_1_302' title='bbox 878 3505 917 3564; x_wconf 93' lang='lat' dir='ltr'><strong>de</strong></span> <span class='ocrx_word' id='word_1_303' title='bbox 932 3503 982 3564; x_wconf 90' lang='lat' dir='ltr'><strong>his</strong></span> <span class='ocrx_word' id='word_1_304' title='bbox 993 3505 1075 3585; x_wconf 77' lang='lat' dir='ltr'><strong>quisi</strong></span> <span class='ocrx_word' id='word_1_305' title='bbox 1092 3502 1192 3564; x_wconf 90' lang='lat' dir='ltr'><strong>tribus</strong></span> <span class='ocrx_word' id='word_1_306' title='bbox 1203 3512 1336 3585; x_wconf 87' lang='lat' dir='ltr'><strong>quartas</strong></span> 
     </span>
    </p>
   </div>
   <div class='ocr_carea' id='block_1_7' title="bbox 91 3581 1337 3668">
    <p class='ocr_par' dir='ltr' id='par_1_13' title="bbox 91 3581 1337 3668">
     <span class='ocr_line' id='line_1_39' title="bbox 91 3581 1337 3668; baseline 0.002 -26"><span class='ocrx_word' id='word_1_307' title='bbox 91 3597 95 3610; x_wconf 87' lang='grc'>·</span> <span class='ocrx_word' id='word_1_308' title='bbox 193 3581 367 3642; x_wconf 84' lang='lat' dir='ltr'><strong>adiuvetur</strong></span> <span class='ocrx_word' id='word_1_309' title='bbox 381 3592 414 3643; x_wconf 88' lang='lat' dir='ltr'><strong>et</strong></span> <span class='ocrx_word' id='word_1_310' title='bbox 428 3594 646 3666; x_wconf 88' lang='lat' dir='ltr'><strong>praeparetur,</strong></span> <span class='ocrx_word' id='word_1_311' title='bbox 657 3585 723 3646; x_wconf 82' lang='lat' dir='ltr'><strong>sive</strong></span> <span class='ocrx_word' id='word_1_312' title='bbox 738 3585 779 3647; x_wconf 92' lang='lat' dir='ltr'><strong>de</strong></span> <span class='ocrx_word' id='word_1_313' title='bbox 793 3585 843 3647; x_wconf 91' lang='lat' dir='ltr'><strong>his</strong></span> <span class='ocrx_word' id='word_1_314' title='bbox 856 3586 914 3668; x_wconf 91' lang='lat' dir='ltr'><strong>qui</strong></span> <span class='ocrx_word' id='word_1_315' title='bbox 926 3587 940 3646; x_wconf 74' lang='lat' dir='ltr'><strong>sl</strong></span> <span class='ocrx_word' id='word_1_316' title='bbox 951 3596 1090 3667; x_wconf 88' lang='lat' dir='ltr'><strong>quatuor</strong></span> <span class='ocrx_word' id='word_1_317' title='bbox 1099 3585 1235 3667; x_wconf 89' lang='lat' dir='ltr'><strong>quintus</strong></span> <span class='ocrx_word' id='word_1_318' title='bbox 1247 3584 1337 3646; x_wconf 81' lang='lat' dir='ltr'><strong>adiu·</strong></span> 
     </span>
    </p>
   </div>
   <div class='ocr_carea' id='block_1_8' title="bbox 193 3665 1337 3830">
    <p class='ocr_par' dir='ltr' id='par_1_14' title="bbox 193 3665 1337 3830">
     <span class='ocr_line' id='line_1_40' title="bbox 193 3665 1337 3751; baseline 0.004 -29"><span class='ocrx_word' id='word_1_319' title='bbox 193 3671 289 3724; x_wconf 80' lang='lat' dir='ltr'><strong>vetur</strong></span> <span class='ocrx_word' id='word_1_320' title='bbox 306 3675 338 3724; x_wconf 92' lang='lat' dir='ltr'><strong>et</strong></span> <span class='ocrx_word' id='word_1_321' title='bbox 351 3677 569 3747; x_wconf 86' lang='lat' dir='ltr'><strong>praeparetur,</strong></span> <span class='ocrx_word' id='word_1_322' title='bbox 580 3676 615 3726; x_wconf 92' lang='lat' dir='ltr'><strong>ut</strong></span> <span class='ocrx_word' id='word_1_323' title='bbox 630 3667 766 3730; x_wconf 89' lang='lat' dir='ltr'><strong>eandem</strong></span> <span class='ocrx_word' id='word_1_324' title='bbox 780 3668 1020 3751; x_wconf 86' lang='lat' dir='ltr'><strong>expeditionem</strong></span> <span class='ocrx_word' id='word_1_325' title='bbox 1032 3665 1239 3730; x_wconf 84' lang='lat' dir='ltr'><strong>exercitalem</strong></span> <span class='ocrx_word' id='word_1_326' title='bbox 1253 3669 1337 3729; x_wconf 87' lang='lat' dir='ltr'><strong>face·</strong></span> 
     </span>
     <span class='ocr_line' id='line_1_41' title="bbox 193 3745 1315 3830; baseline 0.003 -24"><span class='ocrx_word' id='word_1_327' title='bbox 193 3766 229 3806; x_wconf 82' lang='lat' dir='ltr'><strong>re</strong></span> <span class='ocrx_word' id='word_1_328' title='bbox 253 3745 386 3830; x_wconf 89' lang='lat' dir='ltr'><strong>possint,</strong></span> <span class='ocrx_word' id='word_1_329' title='bbox 408 3758 441 3810; x_wconf 90' lang='lat' dir='ltr'><strong>et</strong></span> <span class='ocrx_word' id='word_1_330' title='bbox 461 3771 574 3812; x_wconf 89' lang='lat' dir='ltr'><strong>eorum</strong></span> <span class='ocrx_word' id='word_1_331' title='bbox 592 3772 747 3812; x_wconf 87' lang='lat' dir='ltr'><strong>summam</strong></span> <span class='ocrx_word' id='word_1_332' title='bbox 768 3752 807 3812; x_wconf 89' lang='lat' dir='ltr'><strong>ad</strong></span> <span class='ocrx_word' id='word_1_333' title='bbox 828 3760 969 3814; x_wconf 88' lang='lat' dir='ltr'><strong>nostram</strong></span> <span class='ocrx_word' id='word_1_334' title='bbox 986 3752 1135 3813; x_wconf 87' lang='lat' dir='ltr'><strong>notitiam</strong></span> <span class='ocrx_word' id='word_1_335' title='bbox 1158 3751 1315 3812; x_wconf 85' lang='lat' dir='ltr'><strong>deferant.</strong></span> 
     </span>
    </p>
   </div>
   <div class='ocr_carea' id='block_1_9' title="bbox 225 3863 1297 3962">
    <p class='ocr_par' dir='ltr' id='par_1_15' title="bbox 225 3863 1297 3962">
     <span class='ocr_line' id='line_1_42' title="bbox 225 3863 1297 3962; baseline -0.001 -28"><span class='ocrx_word' id='word_1_336' title='bbox 225 3863 394 3956; x_wconf 87' lang='lat' dir='ltr'><strong>Epistola</strong></span> <span class='ocrx_word' id='word_1_337' title='bbox 421 3891 513 3959; x_wconf 86' lang='lat' dir='ltr'><strong>quae</strong></span> <span class='ocrx_word' id='word_1_338' title='bbox 542 3871 763 3960; x_wconf 77' lang='lat' dir='ltr'><strong>generaliter</strong></span> <span class='ocrx_word' id='word_1_339' title='bbox 789 3865 933 3962; x_wconf 89' lang='lat' dir='ltr'><strong>Populo</strong></span> <span class='ocrx_word' id='word_1_340' title='bbox 960 3869 1032 3939; x_wconf 91' lang='lat' dir='ltr'><strong>Dei</strong></span> <span class='ocrx_word' id='word_1_341' title='bbox 1057 3882 1112 3938; x_wconf 92' lang='lat' dir='ltr'><strong>est</strong></span> <span class='ocrx_word' id='word_1_342' title='bbox 1136 3867 1297 3960; x_wconf 86' lang='lat' dir='ltr'><strong>legenda.</strong></span> 
     </span>
    </p>
   </div>
   <div class='ocr_carea' id='block_1_10' title="bbox 193 3985 1339 4154">
    <p class='ocr_par' dir='ltr' id='par_1_16' title="bbox 193 3985 1339 4154">
     <span class='ocr_line' id='line_1_43' title="bbox 234 3985 1337 4052; baseline 0.002 -8"><span class='ocrx_word' id='word_1_343' title='bbox 234 3985 271 4044; x_wconf 95' lang='lat' dir='ltr'><strong>In</strong></span> <span class='ocrx_word' id='word_1_344' title='bbox 288 3985 417 4048; x_wconf 90' lang='lat' dir='ltr'><strong>nomine</strong></span> <span class='ocrx_word' id='word_1_345' title='bbox 434 3987 566 4048; x_wconf 89' lang='lat' dir='ltr'><strong>Domini</strong></span> <span class='ocrx_word' id='word_1_346' title='bbox 584 3987 644 4050; x_wconf 88' lang='lat' dir='ltr'><strong>Dei</strong></span> <span class='ocrx_word' id='word_1_347' title='bbox 667 3997 699 4050; x_wconf 88' lang='lat' dir='ltr'><strong>et</strong></span> <span class='ocrx_word' id='word_1_348' title='bbox 714 3988 889 4052; x_wconf 82' lang='lat' dir='ltr'><strong>salvatoris</strong></span> <span class='ocrx_word' id='word_1_349' title='bbox 904 3988 1004 4050; x_wconf 89' lang='lat' dir='ltr'><strong>nostri</strong></span> <span class='ocrx_word' id='word_1_350' title='bbox 1020 3989 1093 4050; x_wconf 87' lang='lat' dir='ltr'><strong>Iesu</strong></span> <span class='ocrx_word' id='word_1_351' title='bbox 1103 3987 1235 4049; x_wconf 87' lang='lat' dir='ltr'><strong>Christi.</strong></span> <span class='ocrx_word' id='word_1_352' title='bbox 1250 3985 1337 4047; x_wconf 90' lang='lat' dir='ltr'><strong>Hlu-</strong></span> 
     </span>
     <span class='ocr_line' id='line_1_44' title="bbox 193 4067 1339 4154; baseline 0.003 -27"><span class='ocrx_word' id='word_1_353' title='bbox 193 4067 349 4128; x_wconf 82' lang='lat' dir='ltr'><strong>douvicus</strong></span> <span class='ocrx_word' id='word_1_354' title='bbox 367 4078 400 4128; x_wconf 94' lang='lat' dir='ltr'><strong>et</strong></span> <span class='ocrx_word' id='word_1_355' title='bbox 429 4069 615 4132; x_wconf 87' lang='lat' dir='ltr'><strong>Hlotbarius</strong></span> <span class='ocrx_word' id='word_1_356' title='bbox 639 4071 747 4134; x_wconf 83' lang='lat' dir='ltr'><strong>divina</strong></span> <span class='ocrx_word' id='word_1_357' title='bbox 773 4072 944 4134; x_wconf 88' lang='lat' dir='ltr'><strong>ordinante</strong></span> <span class='ocrx_word' id='word_1_358' title='bbox 969 4069 1173 4154; x_wconf 86' lang='lat' dir='ltr'><strong>providentia</strong></span> <span class='ocrx_word' id='word_1_359' title='bbox 1193 4071 1339 4154; x_wconf 85' lang='lat' dir='ltr'><strong>Impera·</strong></span> 
     </span>
    </p>
   </div>
   <div class='ocr_carea' id='block_1_11' title="bbox 226 4229 1290 4304">
    <p class='ocr_par' dir='ltr' id='par_1_17' title="bbox 226 4229 1290 4304">
     <span class='ocr_line' id='line_1_45' title="bbox 226 4229 1290 4304; baseline 0.005 -23"><span class='ocrx_word' id='word_1_360' title='bbox 226 4229 256 4298; x_wconf 76' lang='lat' dir='ltr'><strong>h)</strong></span> <span class='ocrx_word' id='word_1_361' title='bbox 272 4233 379 4285; x_wconf 83' lang='lat' dir='ltr'><strong>Desunt</strong></span> <span class='ocrx_word' id='word_1_362' title='bbox 396 4232 424 4284; x_wconf 87' lang='lat' dir='ltr'><strong>iu</strong></span> <span class='ocrx_word' id='word_1_363' title='bbox 443 4250 498 4286; x_wconf 87' lang='lat' dir='ltr'><strong>uuo</strong></span> <span class='ocrx_word' id='word_1_364' title='bbox 518 4231 586 4288; x_wconf 80' lang='lat' dir='ltr'><strong>Cod</strong></span> <span class='ocrx_word' id='word_1_365' title='bbox 606 4251 654 4294; x_wconf 83' lang='lat' dir='ltr'><strong>ms.</strong></span> <span class='ocrx_word' id='word_1_366' title='bbox 854 4231 886 4304; x_wconf 85' lang='lat' dir='ltr'><strong>i)</strong></span> <span class='ocrx_word' id='word_1_367' title='bbox 905 4234 1012 4292; x_wconf 84' lang='lat' dir='ltr'><strong>Desunt</strong></span> <span class='ocrx_word' id='word_1_368' title='bbox 1028 4235 1057 4290; x_wconf 91' lang='lat' dir='ltr'><strong>in</strong></span> <span class='ocrx_word' id='word_1_369' title='bbox 1076 4251 1132 4295; x_wconf 85' lang='lat' dir='ltr'><strong>uuo</strong></span> <span class='ocrx_word' id='word_1_370' title='bbox 1151 4231 1219 4288; x_wconf 80' lang='lat' dir='ltr'><strong>Cod</strong></span> <span class='ocrx_word' id='word_1_371' title='bbox 1240 4249 1290 4286; x_wconf 71' lang='lat' dir='ltr'><strong>me</strong></span> 
     </span>
    </p>
   </div>
   <div class='ocr_carea' id='block_1_12' title="bbox 0 0 1468 4983">
    <p class='ocr_par' dir='ltr' id='par_1_18' title="bbox 0 0 1468 4983">
     <span class='ocr_line' id='line_1_46' title="bbox 0 0 1468 4983; baseline 0 0"><span class='ocrx_word' id='word_1_372' title='bbox 0 0 1468 4983; x_wconf 95' lang='lat' dir='ltr'><strong> </strong></span> 
     </span>
    </p>
   </div>
  </div>
 </body>
</html>
