2920 4972
249 371 287 434 n.
305 357 404 428 cuns
500 365 638 426 arcun
657 361 890 424 raarcoauu
985 363 1049 428 rm.
1135 343 1238 416 ‘85

185 510 247 576 vili
269 533 349 576 vero
364 511 477 594 perdat
493 509 583 594 quod
599 509 708 589 evicit,
731 509 758 572 si
774 511 882 572 locum
897 526 992 570 sunm
1006 505 1154 570 obtinere
1175 527 1238 566 ma-

185 595 295 657 luerit.
337 596 405 655 Hoc
423 594 521 655 etiam
544 593 666 678 placuit
689 602 726 654 ut
758 594 776 654 d
802 593 1054 676 quibuscunque
1076 589 1239 652 iudicibus

188 677 417 743 ecclesiasticis
436 677 477 738 ad
488 676 568 738 alios
590 677 714 739 iudices
729 674 974 752 ecclesiasticos,
993 673 1051 734 ubi
1067 683 1114 736 est
1135 671 1239 734 maior

187 762 371 839 auctoritas,
398 759 499 822 fuerit
517 769 739 843 provocatum,
766 779 833 820 non
851 758 897 820 eis
914 755 997 819 obsit
1012 777 1153 838 quorum
1169 756 1240 815 fue·

187 845 231 906 rit
257 845 363 905 soluta
388 843 560 921 sententia,
581 843 607 904 si
629 841 782 905 convinci
805 862 872 902 non
896 839 1063 922 potuerint
1087 839 1141 903 vel
1172 835 1239 922 ini-

189 928 272 988 mico
284 927 391 987 animo
413 926 581 1004 iudicasse,
597 926 651 988 vel
668 925 776 1007 aliqua
790 923 965 1006 cupiditate
985 929 1041 982 aut
1056 921 1155 1003 gratia
1180 919 1240 982 de·

187 1011 322 1094 pravati.
365 1009 449 1070 Sanc
470 1008 496 1069 si
513 1030 553 1070 ex
567 1029 728 1080 consensu
743 1006 880 1091 partium
896 1003 994 1066 electi
1011 1004 1138 1066 fuerint
1157 1000 1242 1064 iudi·

190 1115 255 1170 ces,
275 1092 374 1158 etiam
389 1092 406 1152 d
422 1091 568 1172 pauciori
584 1112 717 1152 numero
732 1091 829 1173 quim
852 1087 1062 1150 constitutum
1084 1095 1143 1166 est,
1172 1105 1239 1146 non

189 1177 287 1246 liceat
301 1195 488 1258 provocare.
514 1174 570 1234 ‘Et
587 1183 623 1233 ut
645 1173 703 1233 filii
727 1172 937 1242 sacerdotum
952 1169 1134 1252 spectacula
1145 1189 1240 1232 secu-

188 1259 273 1322 laria¹
284 1280 350 1320 non
372 1255 557 1334 exhibeant,
572 1257 630 1318 sed
647 1277 708 1317 nec
728 1263 912 1340 expectent,
928 1253 1007 1314 licet
1028 1251 1092 1315 hoc
1112 1272 1241 1334 semper

193 1340 383 1402 Christianis
399 1339 555 1401 omnibus·
574 1338 785 1402 interdictum
805 1337 858 1417 sit,
885 1346 922 1398 ut
944 1334 1000 1398 ubi
1022 1334 1240 1420 blasphemiae

190 1433 277 1503 sunt,
294 1445 361 1486 non
377 1423 562 1486 accedant'

425 1553 467 1616 Ut
484 1552 600 1614 Clerici
618 1573 681 1615 aon
702 1553 765 1613 sint
785 1555 931 1614 usurarii.

554 1658 806 1725 Onustus

189 1769 378 1842 XXXVIII,
413 1769 493 1832 ltem
509 1766 543 1826 in
558 1767 683 1842 eodem,
704 1774 741 1824 ut
756 1765 813 1847 qui
835 1764 1086 1828 commodaverit
1104 1767 1242 1851 pecuni·
1323 1781 1328 1792 ·

104 1874 170 1930 am,
190 1852 367 1934 pecuniam,
391 1851 537 1934 accipiat·
582 1849 616 1913 Si
640 1847 781 1932 speciem
810 1847 916 1929 aliam,
936 1850 1081 1926 ⁵eandem
1102 1851 1243 1936 speciem

109 1957 213 2019 quam
234 1933 360 1996 dederit
383 1935 529 2019 accipiat.
969 2009 972 2016 ἢ
1119 2005 1123 2012 .

127 2043 229 2102 Gonc.
245 2038 355 2100 Carth.
381 2061 452 2101 can.
477 2041 522 2102 16.
565 2041 647 2100 Item
672 2037 796 2120 placuit
814 2047 851 2100 ut
878 2038 1036 2119 Clericus,
1057 2039 1085 2104 si
1107 2061 1246 2103 commo-
1320 2113 1322 2120 Α

193 2123 320 2195 daverit
334 2123 517 2206 pecuniam,
533 2121 704 2206 pecuniam
719 2122 868 2208 accipiat;
891 2122 918 2184 si
936 2122 1088 2208 speciem,
1109 2124 1246 2185 eandem

191 2204 343 2286 speciem,
371 2217 523 2288 quantam
545 2205 684 2281 dederit,
707 2205 852 2288 accipiat.
892 2205 935 2267 Et
963 2216 999 2268 ut
1025 2215 1098 2268 ante
1128 2205 1246 2288 viginti

194 2286 341 2368 quinque
356 2295 458 2350 annas
479 2289 602 2366 aetatis,
626 2309 687 2348 nec
700 2288 838 2350 Diaconi
857 2289 1063 2366 ordinentur,
1091 2310 1153 2350 nec
1177 2288 1246 2365 vir-

196 2369 286 2453 gines
304 2382 550 2440 consecrentur:
579 2381 612 2434 et
626 2379 663 2432 ut
687 2371 824 2437 lectores
837 2373 995 2456 populum
1010 2393 1078 2434 nou
1093 2372 1247 2435 salutent.

424 2505 473 2566 De
492 2508 667 2588 virginibus
689 2507 759 2568 Deo
775 2504 900 2568 dicatis.

541 2615 571 2676 Ο
591 2637 615 2678 n
632 2637 651 2677 n
666 2638 676 2676 1
694 2635 711 2676 a
728 2637 749 2678 u
765 2636 789 2677 s.

194 2722 342 2784 XXXIX.
383 2721 421 2782 ln
449 2720 601 2784 Concilio
627 2722 782 2784 Africano
813 2719 1012 2806 praecipitur
1037 2729 1074 2786 ut
1103 2721 1248 2806 virgines

105 2805 181 2867 Deo
194 2815 332 2866 sacratae
342 2804 360 2866 d
370 2804 573 2888 gravioribus
582 2805 729 2889 personis
744 2804 892 2888 diligenti
908 2804 1051 2866 custodia
1062 2814 1245 2867 serventur.

131 2912 233 2974 Conc.
251 2909 351 2972 Afric.
369 2932 440 2972 can.
459 2931 505 2971 rr.
548 2913 590 2972 Ut
607 2911 750 2993 virgines
773 2932 891 2990 sacrae,
910 2913 984 2973 cim
1000 2912 1200 2996 parentibus,
1230 2914 1249 2974 h

193 2993 312 3074 quibus
329 2993 604 3071 custodiebantur,
619 2990 763 3074 privatae
779 2995 913 3074 fuerint,
942 2995 981 3054 ab
1006 2994 1167 3078 Episcopo
1189 3017 1248 3056 cu-

193 3077 386 3144 stodiantur.
416 3075 479 3136 Ubi
497 3087 605 3138 autern
618 3079 799 3161 Episcopus
817 3079 929 3139 absens
944 3087 1002 3155 est,
1023 3077 1249 3159 providentiae

194 3159 398 3241 gravioribus
419 3159 550 3220 feminis
579 3161 858 3237 commendentur,
889 3171 925 3222 ut
949 3161 1045 3222 simul
1067 3159 1249 3222 habitantes

193 3242 338 3303 invicem
353 3263 387 3303 se
410 3241 611 3314 custodiant;
636 3267 676 3306 ne
691 3240 812 3329 'passim
831 3243 988 3326 vagando,
1002 3243 1168 3308 Ecclesiae
1186 3244 1249 3306 lue-

195 3325 276 3386 dant
293 3323 572 3387 existimationem.

338 3457 387 3525 De
407 3455 583 3541 principali
605 3456 757 3520 cathedra
780 3457 1020 3544 Episcoporam.

530 3592 839 3654 Eristos-rs.

193 3692 274 3776 XL„
302 3691 384 3756 Item
406 3695 439 3754 in
460 3695 586 3776 eodem,
614 3705 651 3758 ut
667 3718 736 3768 non
751 3698 847 3762 liceat
860 3695 1021 3778 Episcopo
1035 3694 1249 3779 principalem

108 3776 297 3840 cathedram
323 3799 398 3838 suae
413 3779 585 3860 parochiae
604 3781 783 3863 negligere,
800 3788 834 3846 et
856 3779 999 3862 aliquam
1010 3778 1191 3841 Ecclesiam
1214 3781 1249 3840 in

48 3917 52 3926 ,
107 3884 167 3923 sua
183 3859 325 3920 dioecesi
350 3861 449 3942 magis
465 3862 687 3943 frequentare.

122 3969 233 4028 Cone.
244 3963 343 4026 Afric.
357 3987 428 4026 can.
438 3965 487 4028 38.
528 3967 668 4028 Rursum
688 3967 812 4052 placuit
836 3975 872 4028 ut
893 3967 1015 4030 nemini
1037 3966 1078 4029 sit
1101 3969 1248 4046 facultas,

192 4047 306 4109 relicta
323 4045 500 4131 principali
521 4049 685 4126 cathedra,
702 4049 742 4111 ad
758 4051 901 4132 aliquam
912 4050 1091 4112 Ecclesiam
1106 4051 1138 4112 in
1161 4052 1249 4113 dioe-

193 4131 259 4192 cesi
276 4131 484 4191 constitutam
516 4153 550 4192 se
575 4135 738 4218 conferre,
762 4133 815 4195 vel
846 4133 879 4192 in
908 4156 943 4195 re
970 4134 1101 4216 propria
1127 4134 1248 4196 diatiias

192 4214 291 4294 quam
326 4221 453 4296 oportet
483 4215 705 4294 constitutum,
729 4237 841 4279 curam
868 4217 921 4282 vel
952 4217 1250 4301 frequentationem

192 4296 341 4380 propriae
359 4293 533 4360 cathedrae
545 4298 725 4384 negligere.
738 4345 797 4389 a„
824 4323 825 4326 ’
854 4325 857 4331 ·
