2952 4988
228 279 303 358 292
462 297 496 354 a.
517 295 605 356 cun.
709 293 967 356 cernamus
1072 293 1136 354 us.

227 441 281 585 piel
301 437 457 524 quislibet
479 437 562 500 alter
577 444 693 499 contra
711 457 766 502 eos
787 457 916 502 causam
935 433 1106 512 hebuerit,
1129 431 1291 497 definitio
1314 433 1387 498 litis

255 522 303 588 eri
342 521 430 584 ossit.

310 545 401 666 illanc
421 601 543 686 qnippe
565 599 862 680 constitutionem,
891 611 928 664 nt
947 623 1006 686 per
1019 600 1176 663 diuturna
1195 600 1385 681 temporari

227 687 380 751 fidelibus
401 693 529 748 soractae
552 683 614 746 Dei
640 683 806 747 Ecclesiae
830 693 864 746 et
888 683 1006 748 nostris
1033 693 1066 746 et
1088 683 1200 746 verilis
1223 681 1384 744 credatur

227 782 260 835 et
282 767 472 852 diligentius
501 776 732 844 conservetur,
760 765 860 827 mania
885 765 1015 851 proprii
1038 765 1317 849 subscripsimus,
1348 775 1380 828 et

226 853 318 916 anuli
339 849 440 913 nostri
459 849 670 932 impressione
688 849 807 932 signari
826 849 986 912 iussimus.
1210 847 1216 856 '

309 935 446 1018 Signum
460 930 579 994 Domni
600 933 824 1010 lltunouvrcr,
846 931 1044 996 serenissimi
1061 931 1286 1014 Imperatoris.

308 1021 480 1079 Dasianus
496 1015 661 1076 Diaconus
680 1013 720 1076 ad
738 1015 845 1076 vicem
862 1016 1061 1077 Hnnrsacnaa
1077 1015 1289 1097 recognovit.

307 1103 426 1162 Datum
464 1096 628 1160 Kalendas
681 1096 864 1174 lanuarias,
915 1119 1001 1158 anuo
1037 1096 1169 1159 Christo
1255 1095 1376 1180 ropitio

224 1178 453 1330 {DCCCXVL
469 1179 574 1264 primo
588 1179 714 1264 imperii
724 1179 844 1242 Domui
859 1177 1056 1242 Hludouvici
1069 1179 1208 1262 piissimi
1222 1119 1375 1264 legasti,
1461 1215 1462 1220 κ

227 1265 639 1494 Andlblildbvdlluismani
661 1343 780 1430 palatio
801 1344 892 1428 regio
914 1345 947 1406 in
972 1345 1035 1408 Dei
1063 1345 1196 1408 nomine
1219 1345 1375 1410 feliciter.

256 1449 340 1492 men.

526 1565 740 1630 EPlsTOLn
778 1566 836 1628 AD
879 1567 1064 1630 MAGNUM

376 1685 797 1780 Archiepiscopum
856 1685 1205 1778 senonensem,

232 1812 302 1884 Cui
321 1811 435 1879 mittit
461 1807 679 1902 exemptum*
695 1805 866 1899 Regulos
895 1808 1172 1880 canonicorum
1197 1811 1374 1884 decretae
1457 1791 1460 1814 Ι

300 1911 341 1980 in
370 1907 538 1980 Concilio
566 1906 891 2002 Aquisgronensi,
919 1931 1019 1978 anno
1046 1909 1296 1987 DCCCXVI.

230 2049 509 2159 Gloriosissimus
532 2093 776 2172 Hlndouvicus,
798 2116 940 2178 superno
962 2118 1097 2159 munere
1117 2099 1223 2164 victor
1245 2113 1376 2184 semper

227 2189 397 2262 augustus,
412 2177 592 2242 venerabili
608 2177 641 2236 in
655 2177 785 2239 Christo
799 2179 936 2260 Magno,
956 2173 1137 2243 Senonicae
1152 2184 1244 2246 urbis
1259 2185 1376 2246 Archi·
1456 2204 1459 2213 ¹

227 2263 398 2346 episcopo,
421 2261 453 2320 in
470 2261 611 2322 Domino
628 2259 774 2322 salutem.
802 2259 894 2320 Sicut
911 2262 1001 2323 vobis
1017 2265 1207 2346 nuperrime
1226 2264 1263 2326 in
1281 2290 1375 2330 sacro

226 2353 413 2421 conventu,
438 2363 538 2425 qoem
556 2344 627 2403 Deo
650 2353 816 2404 annuente
832 2343 1027 2426 Aquisgrani
1046 2349 1166 2428 palatio
1184 2354 1376 2432 aggregavi-

226 2449 315 2504 mus,
338 2425 395 2486 ubi
415 2426 516 2486 multa
535 2425 664 2486 favente
678 2425 808 2488 Christo
824 2427 1058 2505 ecclesiastice,
1082 2429 1179 2492 immo
1197 2433 1373 2512 catholice,

228 2519 297 2572 aeta
317 2517 408 2584 sunt,
435 2507 639 2568 meminimus
662 2507 862 2591 promisisse,
893 2509 1037 2570 misimus
1060 2520 1134 2574 tuae
1162 2519 1373 2579 venerandae

226 2589 414 2676 paternitati
432 2611 491 2674 per
509 2597 694 2672 praesentes
707 2591 820 2652 Missos
838 2601 973 2668 nostros,
987 2594 1239 2657 Ermcnlredum
1252 2598 1374 2662 videli-

228 2683 280 2736 cet
294 2681 327 2734 et
339 2674 548 2756 Haymonem,
564 2673 735 2732 formulam
744 2671 1153 2740 Canonicaelnstitutionis
1167 2702 1267 2761 quam
1285 2683 1374 2744 idem

227 2776 320 2820 sacer
333 2763 513 2816 conventus
528 2775 567 2814 ex
585 2763 770 2816 sanctorum
787 2755 920 2816 Petrum
940 2759 1075 2839 sparsim
1090 2761 1225 2844 digestis
1240 2775 1374 2826 senten·

227 2839 281 2900 tiis
293 2836 448 2918 colligere
462 2845 559 2920 alque
572 2836 605 2896 iu
618 2857 720 2896 unum
734 2858 909 2920 congerere
919 2841 1060 2902 studuit:
1076 2865 1174 2925 quam
1186 2845 1266 2926 quia
1280 2849 1373 2910 vobis

228 2919 466 2982 transcribendi
480 2918 625 3000 angustia
635 2919 786 3002 temporis
799 2921 986 2983 lacultatem
998 2923 1374 3009 denegavitstndii'nos·

227 3005 270 3066 tri
288 3003 352 3062 l'uit
370 3023 440 3062 eam
459 3001 634 3082 diligenter
642 3002 813 3064 transcribi
833 3003 958 3083 iubere,
977 3016 1013 3066 ut
1030 3009 1147 3090 absque
1168 3012 1239 3072 ulla
1257 3015 1373 3097 depra-

228 3086 360 3148 vatione
381 3093 437 3144 aut
458 3083 703 3144 detruncatione
723 3093 829 3146 textus
847 3087 917 3148 eius
941 3087 982 3148 ad
1000 3111 1053 3151 vos
1067 3113 1168 3172 usque
1194 3093 1372 3156 incolumis

228 3169 440 3252 perterretur.
481 3163 622 3227 Proinde
640 3166 696 3226 has
713 3167 838 3228 litteras
859 3169 899 3228 ad
921 3179 1010 3230 tuam
1028 3173 1205 3236 direximus
1220 3180 1373 3240 sanctita-

230 3262 311 3326 tem,
328 3270 387 3331 per
399 3271 479 3330 quas
492 3248 640 3310 iubemus
654 3257 691 3308 ut
706 3271 829 3310 memor
844 3251 1072 3317 admonitionis
1088 3266 1233 3336 nostrae,
1252 3261 1376 3322 Suffra-

230 3353 349 3416 ganeos
365 3341 438 3392 tuae
458 3331 642 3392 dioeceseos
656 3331 730 3392 loco
751 3341 783 3392 et
799 3341 942 3412 tempore
965 3341 1160 3419 competenti
1179 3342 1220 3402 ad
1235 3352 1267 3403 te
1289 3367 1370 3406 con-

231 3435 347 3476 vocare
365 3413 509 3491 studeas,
533 3421 566 3473 et
582 3413 721 3475 eandem
738 3414 978 3477 Institutionem
999 3441 1059 3500 per
1077 3423 1205 3505 singula
1227 3427 1371 3508 capitula

231 3518 338 3560 coram
354 3493 590 3558 Ecclesiasticis
606 3495 775 3558 ordinibus
791 3497 935 3580 praelegi
952 3501 1067 3580 facias,
1085 3514 1117 3565 et
1136 3507 1279 3586 qualiter
1299 3530 1370 3570 eam

229 3600 321 3644 sacer
345 3589 524 3642 conventus
548 3577 589 3638 ob
609 3581 864 3642 emolumentum
886 3581 1067 3644 animarum
1092 3585 1252 3650 iustruere
1280 3593 1368 3653 saln-

229 3663 332 3724 briter
347 3661 532 3737 curaverit,
554 3670 703 3742 patenter
722 3664 871 3740 edoceas,
894 3673 927 3722 et
947 3664 999 3728 his
1021 3668 1079 3748 qui
1099 3672 1275 3734 canonicae
1291 3696 1368 3754 pro·
1461 3723 1462 3734 ,

229 3744 379 3808 sessionis
401 3754 579 3806 censentur
594 3745 744 3824 nomine,
767 3745 946 3812 secundum
968 3748 1184 3813 ministerium
1202 3754 1265 3819 tibi
1283 3757 1367 3818 divi.

209 3879 211 3884 .
230 3828 319 3888 nitius
335 3827 508 3903 collatum,
525 3835 556 3886 et
572 3836 697 3888 nostrae
716 3826 913 3890 auctoritatis
929 3831 1155 3916 praeceptum,
1173 3858 1281 3900 coram
1299 3859 1366 3900 me·
1461 3841 1462 3862 ³

230 3910 361 3971 moratis
377 3909 480 3970 Missis
498 3909 615 3969 nostris
632 3909 863 3973 observandam
882 3932 1083 3994 percenseas.
1125 3920 1248 3981 Eorum
1262 3931 1368 3982 autem

231 3993 288 4076 qui
310 3991 460 4052 tardioris
480 3999 556 4052 suut
578 3991 726 4074 ingenii,
748 4002 864 4056 eteam
878 3995 961 4056 forte
984 3997 1082 4078 plene
1102 3999 1289 4085 inlelligere
1310 4025 1367 4063 ne·
1428 4068 1432 4075 ,
1461 4035 1462 4070 a

229 4084 375 4156 queunt,
398 4083 454 4134 tuo
469 4073 535 4136 sive
550 4075 872 4156 comprovincialium
885 4085 1016 4138 tuorum
1029 4081 1265 4167 Episcoporum
1283 4087 1367 4148 dono
1461 4079 1462 4118 ³

229 4157 385 4218 scientiae
400 4155 597 4238 pollentium
614 4157 743 4235 studio,
766 4154 836 4220 eius
854 4159 968 4219 notitia
981 4163 1127 4226 sensibus
1142 4167 1368 4248 perfundatur.

229 4240 310 4300 llam
324 4249 357 4298 et
370 4248 459 4298 taam
474 4236 687 4302 nihilominus
699 4239 867 4325 providam
883 4239 1031 4308 volumus
1042 4265 1109 4312 esse
1119 4247 1368 4328 beatitudinem,
