2958 4986
176 309 248 382 116
364 327 452 385 ·e.
471 327 598 386 cuns
663 313 923 387 caerretanus
1026 319 1089 392 tet

172 471 375 568 pertinentes
388 468 585 566 beneficium
603 465 687 530 fame
705 468 873 565 moriatur,
901 477 935 530 et
954 469 1045 552 quod
1061 481 1209 556 superest
1228 473 1315 536 ultra

172 554 264 650 rllips
293 553 435 614 familiae
462 559 704 632 necessitatem,
747 551 810 614 h'oc
840 552 943 615 libere
972 553 1093 617 vendut
1120 556 1192 619 iure
1211 579 1314 642 ⁴prae-

172 646 305 720 scripto.

194 770 251 834 De
269 770 362 830 nouis
379 767 535 840 denariis,
557 780 592 828 ut
612 767 651 830 ob
663 767 807 852 omnibuis
828 769 967 830 inomni
988 769 1059 832 loeo
1076 772 1284 856 accipiantur.

254 875 311 936 111.
343 873 393 935 De
422 872 565 935 denariis
592 871 907 960 autempertissimt
926 873 1034 938 sciatis
1064 886 1211 938 nostrum
1239 881 1313 942 sdi-

170 967 271 1034 ctum,
296 955 385 1039 quod
399 955 433 1017 in
454 955 543 1018 omni
555 957 640 1034 loco,
659 955 693 1015 in
709 955 797 1017 omni
812 956 954 1036 civitate,
977 967 1010 1020 et
1024 957 1058 1018 in
1074 957 1163 1021 omni
1182 971 1311 1046 emptu·

169 1041 220 1102 ric
235 1039 387 1102 similiter
401 1039 521 1102 vadant
538 1037 591 1100 isti
616 1037 693 1101 nori
712 1039 850 1118 denarii,
870 1050 904 1102 et
920 1039 1122 1124 accipiantur
1144 1043 1184 1103 ab
1202 1045 1310 1106 omni-

169 1124 240 1186 bus.
283 1123 317 1184 Si
334 1129 443 1184 autem
458 1120 598 1184 nominis
621 1120 722 1184 nostri
743 1121 900 1184 nomisma
916 1121 1049 1201 hahent,
1073 1134 1106 1186 et
1126 1146 1216 1186 mero
1233 1137 1311 1189 sunt

170 1213 316 1288 argento,
338 1204 482 1286 pleniter
494 1213 679 1287 pensantes,
704 1203 730 1266 si
746 1203 820 1288 quis
835 1205 1030 1267 contradicit
1047 1229 1103 1270 cos
1125 1208 1159 1268 in
1177 1209 1247 1274 ullo
1262 1211 1311 1271 lo-

170 1310 227 1368 co,
256 1289 290 1348 in
308 1287 419 1369 aliquo
438 1287 570 1368 negotio
588 1286 764 1370 emptionis
777 1287 831 1350 vel
848 1287 1066 1368 venditionis,
1096 1291 1124 1352 si
1144 1291 1309 1374 ingenuus

169 1371 339 1448 esthemo,
366 1368 556 1452 quindecim
573 1370 693 1432 solidos
713 1391 784 1430 com
808 1379 884 1431 enat
904 1369 946 1432 ad
960 1392 1041 1455 opus
1059 1373 1171 1456 Regis;
1195 1373 1223 1434 si
1238 1395 1309 1436 ser-

168 1455 245 1517 vilis
260 1451 469 1530 conditionis,
492 1452 519 1514 si
532 1474 627 1513 suum
645 1461 692 1514 est
707 1391 806 1514 illud
812 1453 978 1536 negotium
997 1455 1177 1538 proprium,
1193 1457 1310 1538 perdat

167 1535 251 1602 illud
268 1535 447 1619 negotium,
471 1543 526 1595 aut
544 1534 728 1618 flagelletur
745 1535 853 1597 nudus
867 1535 908 1597 ad
925 1538 1031 1620 palam
1048 1559 1156 1599 corum
1174 1540 1308 1621 populo.

167 1619 202 1681 Si
227 1627 334 1679 autem
356 1639 396 1678 ex
421 1617 564 1679 iussione
585 1617 634 1680 sui
655 1617 778 1678 domini
797 1619 930 1696 fecerit,
968 1628 1048 1681 tunc
1076 1620 1308 1684 illc-dominus

166 1701 287 1765 solidos
307 1699 497 1783 quindecim
515 1709 699 1784 componat,
716 1701 788 1764 sici
807 1701 1018 1785 adprobatum
1039 1699 1150 1766 fuerit.

278 1815 280 1822 ¹
315 1830 358 1894 Ut
373 1829 526 1916 Episcopi
542 1831 686 1910 {iustitias
702 1829 887 1914 facientia
910 1834 976 1892 sais
989 1833 1162 1916 parochiis.
1186 1799 1189 1808 Ι

217 1945 219 1950 ’
246 1942 305 2006 IV.
335 1939 498 2000 statutum
524 1945 573 1998 est
601 1937 620 1997 a
645 1939 774 1998 Domnc
800 1937 888 2020 Rege
916 1946 949 1999 et
975 1945 1085 2000 sancta
1106 1939 1239 2024 Synodo
1269 1953 1309 2004 ut

163 2024 316 2120 Episcopi
341 2019 479 2084 iustitias
501 2019 672 2116 facientia
691 2041 763 2081 snas
808 2018 963 2114 arcclrias.
1005 2020 1041 2082 Si
1058 2041 1124 2082 non
1143 2021 1307 2087 obedierit

163 2109 275 2190 aliqua
294 2125 442 2191 persona,
463 2103 625 2186 Episcopo
642 2123 700 2164 suo
720 2102 761 2162 de
828 2100 970 2182 batibus,
992 2103 1206 2246 Presbpteris,
1229 2107 1309 2168 Dia-

54 2205 58 2213 ·
91 2195 93 2200 ’
164 2192 312 2268 sonibus,
343 2185 620 2262 subdiaconibus,
646 2182 832 2262 Monachis,
861 2193 893 2245 et
912 2185 1086 2248 caeterisC
1105 2188 1217 2266 ericis,
1248 2190 1305 2251 vel

162 2273 260 2334 etiam
280 2272 365 2349 aliis,
397 2270 431 2329 in
447 2269 518 2330 eins
537 2265 703 2350 parochia,
728 2265 864 2329 veniant
885 2265 927 2328 ad
943 2267 1232 2352 Metropolitanum
1251 2293 1306 2334 su·

163 2377 237 2432 um,
259 2363 292 2418 et
312 2353 369 2417 ille
394 2351 553 2414 diiudicet
576 2369 704 2416 causam
721 2369 797 2410 cum
812 2341 1021 2432 suffraganeis
1041 2351 1117 2414 suis.
1160 2353 1303 2416 Comites
1332 2354 1338 2376 '

161 2437 293 2520 quoque
315 2435 416 2496 nostm
439 2433 573 2497 venient
598 2433 638 2495 ud
663 2431 822 2493 iudicium
843 2431 1087 2517 Episcoporum.
1129 2435 1171 2496 Et
1193 2435 1220 2496 si
1244 2435 1303 2496 ali-

102 2595 104 2600 ·
160 2519 243 2600 quid
270 2527 317 2580 est
336 2518 426 2599 quod
440 2517 620 2600 Episcopus
638 2513 905 2598 metropolitanus
926 2537 991 2577 non
1018 2517 1119 2600 possit
1136 2517 1301 2601 corrigere

160 2601 214 2662 vel
234 2599 417 2685 pacificare,
438 2609 518 2659 tnnc
532 2598 663 2660 tandem
682 2599 818 2659 veniant
833 2607 1034 2662 accusatores
1057 2621 1132 2662 cum
1150 2611 1301 2663 accusato

160 2705 235 2744 cum
255 2683 373 2746 litteris
390 2680 646 2766 Metropolitani,
664 2689 701 2742 ut
716 2681 852 2744 sciamus
869 2681 1040 2768 veritatem
1054 2680 1114 2746 rei.

164 2816 207 2880 Ut
231 2815 408 2902 Episcopus
427 2835 491 2878 non
516 2815 630 2896 migret
656 2813 697 2874 de
718 2836 775 2876 suc
794 2815 939 2887 civitate,
970 2836 1027 2876 nec
1049 2815 1224 2894 Presbyter
1246 2827 1301 2876 out
1324 2805 1330 2816 “

484 2900 655 2963 Diaconus
677 2896 798 2958 desua
820 2897 977 2959 Ecclesia.

240 3008 281 3072 V.
314 3005 494 3069 Definitum
509 3014 558 3067 est
577 3002 674 3066 etiam
691 3004 851 3066 dDomno
867 3001 956 3088 Rege
980 3014 1013 3067 et
1034 3015 1145 3069 sancta
1165 3005 1298 3089 Synodo

158 3101 195 3151 ut
210 3091 389 3174 Episcopus
407 3109 474 3150 non
493 3087 610 3171 migret
630 3087 670 3149 de
691 3086 823 3150 civitate
848 3085 883 3148 in
899 3086 1083 3166 civitatem,
1112 3088 1170 3152 sed
1187 3109 1299 3151 curam

156 3173 273 3234 habeat
290 3173 456 3236 Ecclesiae
481 3192 567 3234 suae.
610 3169 768 3232 Similiter
788 3169 961 3255 Presbyter
984 3181 1017 3234 et
1037 3172 1202 3236 Diaconos
1231 3192 1298 3232 ma·

158 3265 258 3317 neunt
280 3255 315 3316 in
334 3274 406 3316 suas
424 3253 586 3317 Ecclesias
606 3251 774 3316 canonice.

155 3389 213 3452 De
243 3387 448 3448 altercatione
472 3383 660 3448 l'iennertsis
691 3397 722 3446 et
747 3385 943 3446 Arelatensis
966 3382 1128 3471 Episcopi.
1181 3383 1226 3446 Et
1255 3383 1297 3446 de

425 3469 632 3542 Tarentusia,
662 3467 850 3540 Ebreduno,
873 3478 905 3528 et
920 3466 1032 3552 Aquis.

236 3599 293 3666 VI.
323 3601 374 3662 De
396 3599 606 3662 altercatione
631 3598 778 3662 Ursionis
798 3597 997 3664 Viennensis
1015 3597 1134 3682 Episco
1159 3597 1170 3658 i
1189 3605 1221 3660 et
1242 3596 1298 3660 ad·

152 3693 267 3746 vocato
287 3682 424 3746 Elilanti
440 3681 638 3746 Arelatensis
659 3681 815 3766 Episcopi
829 3682 931 3744 lectae
949 3689 1025 3743 suut
1039 3620 1195 3765 epistolae
1208 3679 1297 3741 beati

153 3771 218 3828 Gre
242 3766 315 3843 orii,
335 3765 467 3843 Zosimi,
492 3765 629 3843 Leonis,
654 3774 688 3826 et
705 3763 908 3850 Symmachi,
930 3785 1013 3847 quae
1034 3762 1235 3825 definierunt
1255 3783 1296 3824 eo

151 3789 242 3932 quod
263 3849 462 3916 Viennensis
482 3848 631 3910 Ecclesia
649 3856 790 3930 quatuor
814 3846 1031 3930 suffraganeas
1051 3845 1171 3908 habere
1202 3845 1296 3908 sedes

151 3933 298 4012 deberet,
319 3933 438 4015 quibus
459 3929 517 3992 illa
530 3930 647 4014 quinta
663 3931 898 4013 praemineret;
922 3939 954 3992 et
969 3928 1168 3991 Arelatensis
1181 3927 1297 3990 Eccle-

149 4017 197 4078 sia
215 4037 334 4080 norem
352 4015 567 4097 suffraganeas
584 4013 704 4076 hahere
725 4015 869 4093 deberet,
889 4013 1009 4096 quibus
1030 4012 1099 4096 ipsa
1114 4011 1297 4094 praemine-

148 4110 209 4162 ret.
250 4101 300 4163 De
316 4096 505 4160 Tarentasia
524 4118 605 4168 reso
622 4097 844 4159 etEhreduno
863 4097 930 4159 sire
953 4095 1067 4177 Aquis,
1087 4095 1205 4176 legatio
1224 4095 1311 4154 fac-·

148 4189 181 4242 ta
202 4193 249 4246 est
270 4183 310 4243 nd
330 4181 441 4242 sedem
460 4180 683 4262 apostolicam
710 4190 742 4240 et
759 4179 920 4264 quicquid
940 4199 999 4262 per
1014 4179 1207 4243 Pontificem
1232 4177 1296 4239 Ro—

150 4288 262 4330 manae
276 4263 444 4334 Ecclesiae
470 4263 641 4328 definitum
662 4261 773 4344 fuerit,
798 4262 861 4326 hoc
879 4269 1038 4326 teneatur.
