2920 4972
210 329 234 401 t
420 339 563 398 acan.
670 339 926 397 caerretanus
1034 339 1095 398 ter.

209 484 409 558 Abrincatas,
431 479 549 560 Vicum
571 479 763 556 luliensem,
786 500 860 541 cum
888 478 1106 562 consoranis,
1128 480 1295 564 Lapurdo,
1316 493 1350 546 et

209 567 346 650 Albige,
367 565 513 627 Domnus
533 562 764 626 Childebertus
783 565 852 624 Rex
880 584 955 624 cum
977 563 1124 625 terminis
1142 563 1160 623 sl
1185 565 1348 647 praesenti

210 652 264 713 die
286 669 362 710 suae
384 645 531 709 vindicet
552 645 714 728 potestati.
755 647 803 707 Ea
824 645 925 728 igitur
944 646 1135 708 conditione
1151 653 1289 726 servata,
1311 660 1349 710 ut

182 757 184 762 ¹
208 751 307 816 quem
321 733 410 790 Deus
427 729 467 790 de
487 728 564 812 ipsis
580 728 721 812 Regibus
736 729 941 809 superstitem
956 749 1025 791 esse
1043 728 1256 814 praeceperit,
1271 751 1348 812 reg-

209 837 289 876 num
319 811 410 874 illins
438 812 496 894 qui
518 811 639 908 absque
670 811 745 873 filiis
769 813 813 907 de·
838 810 1018 894 praesentis
1049 811 1152 874 seculi
1182 811 1256 872 luca
1285 815 1348 872 mi·
1451 809 1452 844 ³

209 894 374 980 gravarit,
397 893 437 955 ad
454 916 488 957 se
514 895 548 956 in
565 895 783 976 iutegritatem
806 915 876 956 rure
895 903 1054 978 perpetuo
1076 894 1191 957 debeat
1212 917 1346 957 revoca-

120 1015 123 1024 ·
207 1001 265 1056 re,
288 977 467 1060 etposteris
489 976 577 1054 suis,
599 979 670 1039 Deo
684 977 863 1038 auxiliante
880 977 1079 1060 relinquere.
1122 977 1210 1039 lllud
1225 977 1347 1061 specio·
1451 973 1452 982 ³

208 1065 286 1123 liter
301 1060 424 1144 placuit
440 1080 500 1143 per
521 1058 630 1121 omnia
644 1059 880 1121 inviolabiliter
900 1059 1102 1139 conservari,
1126 1068 1163 1121 nt
1185 1059 1346 1143 quicquid

207 1148 354 1206 Domnus
369 1141 614 1208 Gunthramnus
633 1143 703 1203 Rex
726 1143 811 1203 filiae
826 1163 900 1204 suae
921 1141 1080 1205 Chlotildi
1101 1143 1261 1226 contulit,
1290 1153 1346 1204 aut

208 1227 315 1288 adhuc
338 1226 411 1288 Deo
438 1225 634 1308 propitiante
657 1225 858 1303 contulerit,
888 1225 922 1287 iu
949 1225 1098 1287 omnibus
1122 1225 1218 1288 rebus
1248 1235 1346 1308 atque

160 1331 162 1335 ·
208 1307 411 1393 corporibus,
442 1308 562 1368 tamin
591 1308 776 1369 civitatibus
805 1330 901 1390 quarn
934 1308 1017 1391 agris
1043 1308 1092 1371 vel
1109 1308 1288 1387 reditibus,
1310 1307 1344 1367 in

208 1393 281 1454 iure
299 1400 331 1453 et
350 1390 569 1454 dominatione
590 1391 691 1474 ipsius
718 1391 833 1453 debeat
851 1409 1059 1474 permanere;
1082 1399 1116 1453 et
1138 1391 1165 1453 si
1194 1391 1275 1477 quid
1304 1391 1346 1454 de

208 1473 292 1558 agris
310 1473 489 1551 fiscalibus,
511 1472 566 1536 rel
584 1473 894 1557 spcciebus„atque
923 1472 1101 1557 praesidio,
1129 1495 1190 1569 pro
1220 1472 1347 1536 arbitrii

208 1558 260 1620 sui
278 1558 446 1618 voluntate
467 1559 649 1618 lacescunt
669 1557 821 1638 cuiquam
845 1558 994 1618 conferre
1010 1557 1212 1634 volitantia
1234 1575 1348 1641 perpe·

209 1651 267 1703 tuo
282 1638 458 1701 auxiliante
480 1639 621 1701 Domino
638 1650 868 1718 conservetur,
892 1660 999 1721 neque
1020 1641 1038 1700 a
1061 1659 1259 1723 quocunque
1276 1639 1346 1699 ullo

209 1743 352 1804 unquam
374 1731 518 1802 tempore
538 1723 757 1798 convellatur,
780 1731 814 1784 et
842 1722 901 1784 sub
925 1721 1065 1784 tuitione
1087 1744 1123 1783 ao
1155 1721 1346 1786 detensiona
1450 1769 1451 1778 ,

209 1804 330 1868 Domni
353 1803 576 1882 Childeberti,
598 1825 673 1867 cum
688 1804 919 1885 hisomnibns,
949 1825 1032 1888 quae
1059 1804 1159 1888 ipsam
1192 1803 1346 1867 transitus

210 1885 366 1971 genitoris
382 1886 434 1948 sui
454 1885 615 1948 invenerit
629 1888 864 1970 possidentem,
886 1888 945 1950 snb
966 1886 1054 1949 omni
1081 1888 1205 1950 honore
1223 1896 1256 1949 et
1273 1886 1346 1969 dig-

210 1971 312 2031 nitate
340 1989 454 2031 secura
477 1968 593 2030 debeat
613 1971 788 2054 possidere.
829 1971 901 2032 Pari
934 1969 1122 2032 conditione
1151 1970 1346 2051 repromittit

209 2056 357 2114 Domnus
371 2051 616 2128 Guntbramnns
628 2054 709 2130 Rex,
731 2062 767 2113 ut
792 2053 832 2133 si,
853 2063 890 2114 nt
906 2053 1004 2116 habet
1019 2049 1158 2113 humana
1176 2053 1344 2134 fragilitas,

212 2133 301 2216 quod
323 2133 434 2196 divina
457 2133 559 2218 pietas
579 2156 644 2194 non
668 2135 848 2220 permittat,
871 2156 932 2198 nec
947 2134 1004 2197 illa
1029 2133 1142 2197 videre
1174 2135 1344 2212 desiderat,

212 2216 385 2299 contigerit
404 2218 567 2278 Domuum
587 2217 832 2280 childebertum
861 2239 900 2281 eo
923 2217 1093 2301 superstite
1123 2217 1163 2282 de
1185 2217 1246 2278 hac
1270 2217 1344 2278 lnce

210 2299 368 2382 migrare,
391 2299 474 2363 filios
490 2322 563 2363 suos
571 2299 834 2362 Theodobertum
844 2310 877 2364 et
890 2299 1131 2362 Theudoricum
1146 2301 1276 2382 Regem,
1292 2300 1344 2361 vel

211 2383 236 2444 si
254 2382 360 2445 adhuc
380 2381 459 2445 alios
481 2382 541 2466 ipsi
561 2383 648 2446 Deus
671 2383 747 2444 dare
767 2383 925 2463 voluerit,
948 2391 984 2444 ut
1002 2383 1076 2466 pius
1096 2392 1188 2466 pater
1211 2382 1271 2443 sub
1288 2403 1345 2443 sua

211 2463 351 2525 tuitione
365 2473 398 2524 et
415 2465 604 2527 defensione
624 2465 781 2548 recipiat,
815 2467 857 2527 ita
875 2475 920 2538 ut
946 2487 1083 2549 regnum
1111 2465 1208 2546 patris
1233 2485 1345 2526 eorum

213 2547 273 2608 sub
296 2545 383 2610 omni
403 2548 564 2610 soliditate
578 2547 780 2630 possideant,
803 2559 835 2612 et
851 2547 1041 2630 genitricem
1064 2547 1182 2607 Domni
1210 2546 1345 2608 Childe-

213 2629 296 2690 berti
317 2632 477 2690 Domuum
500 2630 745 2691 Bruniohildem
757 2632 936 2714 Reginam,
959 2630 1011 2693 vel
1034 2629 1132 2690 tiliam
1151 2630 1221 2692 eius
1244 2622 1346 2689 Cblo-

213 2712 404 2774 ‹tosvindam
420 2713 602 2794 germanam
615 2713 734 2774 Domui
755 2712 957 2776 Childeberti
976 2712 1083 2795 Regis,
1101 2712 1247 2795 quandiu
1261 2711 1346 2772 intra
1451 2737 1452 2754 i

213 2796 382 2877 regionem
411 2797 611 2856 Francorum
641 2795 761 2871 suerit,
783 2797 832 2858 rel
866 2796 935 2858 eius
957 2797 1112 2878 Reginam
1139 2795 1344 2869 Failenbam,

212 2888 368 2960 tanquam
385 2897 528 2938 sororem
546 2878 682 2954 bonam,
705 2887 737 2938 et
754 2877 834 2940 lilias
851 2879 884 2940 in
907 2901 964 2940 sua
983 2877 1124 2940 tuitione
1138 2887 1171 2938 et
1184 2877 1345 2938 defensio-

214 2981 276 3037 ne,
298 2959 437 3042 spiritali
459 2961 635 3022 dilectione
653 2957 810 3044 recipiat,
833 2969 867 3024 et
888 2962 947 3024 sub
969 2961 1058 3024 omni
1079 2961 1203 3022 honore
1225 2968 1261 3021 et
1279 2959 1347 3039 dig-

215 3042 317 3104 nitate
336 3065 411 3104 cum
433 3045 582 3104 omnibus
596 3043 692 3104 rebus
712 3065 922 3122 earum,cu1n
941 3043 1135 3119 civitatibus,
1154 3041 1248 3122 agris,
1263 3042 1349 3102 redi·

216 3124 314 3200 tibus,
341 3127 391 3186 rel
407 3127 533 3188 cunctis
547 3126 662 3202 titulis,
678 3136 711 3186 et
723 3127 809 3186 omui
828 3148 963 3209 corpore
977 3125 1157 3199 facultatis,
1179 3132 1243 3183 tam
1258 3125 1347 3202 quod

216 3208 379 3290 praesenti
394 3208 549 3268 sidentur
560 3218 704 3292 ternpore
722 3209 897 3290 possidere,
907 3231 1003 3290 quam
1017 3207 1105 3288 quod
1123 3205 1229 3266 adbuc
1240 3206 1350 3266 Chris·

217 3299 251 3349 to
268 3290 415 3371 praesule
437 3290 518 3351 iuste
541 3291 709 3373 potuerint
728 3299 952 3371 augmentare,
982 3289 1042 3350 snb
1062 3288 1149 3348 ornni
1175 3289 1348 3349 securitate

219 3381 252 3432 et
272 3372 383 3453 quiete
397 3373 598 3454 possideam
622 3384 658 3433 ut
673 3373 697 3434 si
713 3374 794 3454 qnid
815 3373 856 3433 de
876 3373 960 3454 agris
972 3371 1135 3432 fiscalibus
1154 3371 1206 3432 rel
1223 3371 1349 3452 specie·

217 3455 278 3514 bus
300 3464 396 3538 atque
414 3455 575 3537 praesidio
589 3477 649 3537 pro
668 3455 793 3517 arbitrii
812 3455 861 3516 sui
883 3455 1048 3516 voluntate
1073 3455 1180 3514 iacere
1206 3462 1262 3512 aut
1283 3452 1352 3514 cui-

218 3559 315 3618 quam
331 3537 480 3600 conferre
499 3538 672 3613 voluerint,
698 3539 760 3600 fisa
784 3537 956 3600 stabilitate
979 3537 1013 3598 in
1034 3546 1191 3621 perpetuo
1217 3555 1350 3597 conser-

218 3628 331 3698 vetur,
354 3641 415 3680 nec
445 3643 463 3680 a
492 3619 742 3703 quibuscunque
773 3623 920 3682 voluntas
951 3620 1084 3682 illorum
1109 3620 1178 3680 ullo
1206 3628 1350 3700 tempore

219 3703 433 3768 convellatur.
475 3706 523 3764 De
541 3703 727 3764 civitatibus
750 3725 841 3780 vero,
865 3704 974 3780 idest,
996 3703 1186 3784 Burdegala,
1204 3702 1376 3781 Lemoni-g

220 3807 267 3861 oa,
289 3785 447 3862 Cadurco,
469 3786 627 3858 Benarno,
648 3795 680 3844 ct
698 3787 848 3868 Begorra,
869 3807 949 3868 quas
968 3785 1208 3846 Gailesvindam
1229 3805 1351 3865 germa-

220 3889 294 3926 nam
307 3869 451 3928 Domnae
467 3866 697 3946 brunichildis,
719 3878 782 3928 tarn
803 3869 836 3927 in
853 3869 927 3931 dote
945 3889 1042 3951 quarn
1062 3867 1095 3926 in
1111 3867 1350 3948 morganegiba,
1453 3877 1454 3886 ¹

219 3948 283 4010 hoc
297 3959 344 4010 est
365 3950 546 4010 matutinali
572 3949 669 4026 dono,
690 3952 723 4009 in
751 3953 920 4012 Franciam
942 3951 1128 4012 venientem
1148 3958 1272 4010 certum
1302 3959 1350 4010 est

219 4031 408 4114 adquisisse,
429 4053 507 4112 quas
529 4031 624 4093 etiam
640 4055 700 4114 per
717 4033 875 4094 iudicium
891 4033 1110 4116 gloriosissimi
1129 4033 1351 4094 DomniGun-

219 4115 336 4174 tramni
357 4115 453 4197 Regis
474 4115 685 4189 Francorum,
699 4117 750 4178 rel
774 4117 999 4197 superstitibus
1023 4114 1211 4197 Cbilperico
1237 4124 1271 4175 et
1296 4116 1351 4176 Si-

219 4196 344 4276 giberto
357 4195 509 4278 Regibus,
529 4198 654 4256 Dornna
669 4199 891 4260 Bruniohildis
909 4199 1055 4260 noscitur
1082 4198 1283 4279 adquisisse,
1306 4197 1351 4258 ita

220 4279 385 4357 convenit,
402 4289 438 4341 ut
456 4278 635 4340 Cadurcam
651 4282 815 4346 ciuitatem
833 4303 907 4344 cum
925 4281 1073 4352 terminis
1096 4292 1129 4344 ct
1153 4288 1272 4344 cuncto
1289 4301 1352 4366 po-
