2958 4986
266 371 301 426 ι
322 355 409 428 οιιιι.
513 369 650 429 aaran
680 367 920 474 ιιιιιιιιιοιιιιιι
1024 371 1112 464 φο
1194 353 1264 428 133

126 513 157 578 si
191 447 247 574 ulii
260 511 456 610 antiquitus
479 493 662 610 institutum
690 467 788 592 luit,
819 523 852 576 et
879 533 945 574 non
977 511 1033 572 alii
1066 513 1178 576 clerici
1212 519 1268 580 ha-

122 589 269 658 heaut
258 618 341 678 ipsas
361 593 529 675 ecclesias,
550 597 612 660 nisi
635 595 794 676 nostri,a
777 605 832 660 aut
854 595 895 658 de
920 595 1044 656 familia
1067 604 1123 656 aut
1149 598 1189 659 de
1211 621 1267 660 ca-

123 680 218 782 pella
242 687 363 741 nostra.

211 759 290 823 VII.
325 765 369 822 Ut
370 761 613 860 unusquisque
628 761 729 825 iudex
750 761 1026 824 suumservitium
1038 717 1182 857 pleniter
1197 787 1269 846 per-

126 845 229 922 ficiat,
254 844 339 906 sicut
361 844 392 906 ei
413 845 514 906 fuerit
547 845 798 922 denuntiatum,
820 855 853 906 et
871 844 898 906 si
924 845 1103 905 necessitas
1118 848 1267 910 evenerit

127 927 220 1008 quod
241 928 316 1010 plus
345 927 466 990 scrvIre
495 927 609 988 debeat
635 937 716 990 Ιιιιιο
733 937 910 1012 conputare
930 927 1028 988 faciat
1049 926 1076 986 si
1097 928 1267 990 servitium

127 1011 247 1074 debeat
269 1009 487 1107 multiplicare
512 1009 566 1072 vel
592 1005 714 1074 noctes

212 1093 303 1156 VIII
324 1095 367 1153 Ut
390 1092 514 1155 iudices
536 1094 638 1154 nostri
663 1095 774 1158 vineas
795 1091 955 1176 recipiant
978 1099 1112 1169 nostras,
1127 1113 1210 1173 quac
1226 1093 1265 1156 de
1310 1163 1313 1170 ‚

126 1197 244 1238 eorum
263 1185 340 1236 sunt
359 1175 539 1237 ministerio
568 1185 600 1236 et
627 1177 712 1238 bene
742 1173 1267 1254 easfaciant,etrpsumv1num

124 1260 164 1320 in
186 1260 272 1320 bona
291 1259 420 1318 mittant
436 1259 577 1336 vascula,
600 1268 632 1320 et
646 1259 820 1342 diligenter
830 1256 1020 1354 praevidere
1041 1256 1161 1318 faciant
1177 1259 1267 1339 quod
1309 1305 1312 1310 .

123 1342 224 1403 nullo
242 1341 337 1402 modo
356 1341 582 1439 naufragatum
604 1342 658 1420 sit,
681 1343 744 1403 alio
763 1364 840 1403 vero
858 1342 936 1401 viuo
955 1339 1121 1421 peculiare
1144 1362 1266 1422 conpr-r

80 1433 84 1436 ’
121 1423 233 1486 raudo
272 1445 379 1487 emere
411 1423 553 1501 faciant,
592 1389 679 1486 unde
719 1425 814 1486 villas
851 1422 1029 1485 dominicas
1059 1419 1265 1506 condirigere

114 1507 265 1602 ⁴possint,
289 1515 321 1568 ct
340 1469 607 1589 quandoquidem
628 1507 711 1589 plus
720 1507 787 1570 de
778 1529 848 1592 ipso
867 1507 943 1570 vino
960 1512 1170 1599 οοιιριιιιιΙιιιιι
1192 1509 1267 1566 f·ue

122 1590 174 1650 rit
190 1589 287 1684 qualm
311 1591 351 1650 ad
374 1589 468 1652 villas
492 1598 616 1652 nostras
637 1589 914 1672 condirigendum
928 1585 1098 1648 mittendi
1091 1607 1181 1670 opus
1210 1587 1264 1658 sit,

123 1671 247 1732 nobis
239 1681 429 1749 innotescat,
445 1681 482 1732 ut
497 1693 555 1732 nos
573 1673 847 1768 commendemus,
871 1670 1013 1753 qualiter
1035 1677 1144 1730 nostra
1164 1671 1267 1732 fuerit

123 1754 248 1815 exinde
272 1717 436 1816 voluntas'.
475 1753 658 1850 Cippaticos
680 1756 766 1816 enim
792 1756 831 1816 dc
853 1754 959 1816 vineis
980 1751 1097 1814 nostris
1124 1753 1164 1826 ad
1176 1759 1266 1848 ‘opus'

123 1845 277 1898 nostrum
295 1837 422 1900 mittere
441 1837 581 1916 faciant,
613 1859 709 1900 censa
729 1838 769 1900 de
789 1837 883 1899 villis
900 1836 1038 1914 uostris,
1072 1834 1267 1916 quirinum

122 1919 294 1995 ‹lebents
285 1941 320 1979 ιιι
343 1919 476 1981 cellaria
497 1885 606 1982 nostia
625 1921 754 1981 mittant
773 1931 827 1996 m).

212 1965 267 2062 IX.
301 2001 460 2065 Volumus
489 2013 526 2064 ut
552 2003 777 2085 unusquisque
807 2003 906 2064 iudex
932 2001 965 2062 in
999 2024 1057 2064 suo
1084 1999 1264 2062 ministerio

121 2105 312 2146 mensuram
340 2084 524 2147 modiorum
553 2086 782 2164 sextariorum,
822 2095 859 2147 et
895 2085 1011 2147 siculas
1041 2105 1101 2168 per
1126 2085 1263 2144 sextaria

124 2176 214 2244 octo,
237 2177 268 2229 ct
289 2167 462 2230 corborum
478 2189 517 2230 co
533 2177 646 2230 tenore
662 2133 820 2247 habearit,
851 2169 934 2230 sicut
957 2178 991 2229 et
1009 2169 1042 2228 iu
1065 2165 1184 2248 palatio
1206 2166 1265 2226 ha-

122 2251 251 2312 bemus.
372 2269 373 2272 ’
788 2289 790 2294 -
1011 2287 1014 2292 ·

212 2335 252 2394 X.
285 2337 330 2395 Ut
352 2333 489 2395 maiores
505 2333 606 2394 nostri
623 2343 656 2395 et
677 2332 850 2408 forestarii,
871 2330 1066 2415 poledrarii,
1090 2331 1264 2408 cellerarii,

127 2416 258 2494 decani,
279 2417 443 2494 telonarii,
465 2415 519 2478 vel
539 2415 640 2477 ceteri
655 2415 883 2477 ministeriales
901 2435 1018 2497 rega.
996 2414 1132 2491 faciant,
1157 2423 1188 2473 el
1211 2435 1265 2474 so-

126 2499 218 2594 galas
239 2498 362 2561 donent
385 2499 424 2561 de
446 2498 564 2560 mansis
584 2519 706 2558 eorum.
748 2501 812 2560 Pro
835 2518 1054 2591 manuopera
1053 2518 1131 2557 vero
1152 2517 1265 2556 eorum

124 2580 308 2642 ministeria
332 2583 417 2642 bene
439 2580 652 2676 praevideant
677 2589 710 2642 et
729 2579 978 2674 qualiscunque
994 2579 1096 2639 maior
1115 2578 1266 2638 habuerit

124 2662 628 2742 heneficium,suumvrcar1um
647 2663 796 2728 mittere
810 2662 911 2724 faciat
945 2661 1088 2742 qualiter
1106 2670 1265 2722 ctmanu·

127 2767 228 2828 opera
246 2757 278 2808 et
299 2755 462 2808 caeterum
477 2744 646 2806 servitium
666 2767 733 2841 pro·
748 2767 786 2806 eo
803 2745 979 2839 adimplere
994 2743 1117 2806 debeat.

212 2829 268 2895 XI.
300 2832 344 2890 Ut
365 2827 477 2888 nullus
503 2827 602 2888 iudex
633 2827 880 2890 mansionaticos
907 2826 948 2886 ad
973 2847 1167 2907 suumopus
1203 2846 1265 2886 nec

127 2911 170 2971 ad
189 2933 262 2972 suos
284 2933 379 2973 canes
411 2931 510 2992 super
530 2909 679 2972 homines
699 2919 824 2972 nostros
844 2919 941 2992 atque
958 2909 992 2968 iu
1006 2910 1140 2970 lorestes
1161 2907 1265 2968 nulla-

129 2992 227 3054 teuds
244 2993 415 3072 prendant
962 3021 965 3040 ι

212 3077 283 3137 XII.
318 3079 361 3136 Ut
385 3075 497 3136 nullus
524 3073 623 3137 iudex
650 3075 793 3138 obsidem
820 3083 965 3135 nostrum
991 3073 1025 3134 iu
1052 3073 1134 3156 villa
1154 3082 1264 3134 nostra

129 3158 356 3219 commendare
377 3157 484 3218 faciat.
773 3181 775 3186 ’
995 3185 998 3192 ·

212 3242 300 3317 XIII.
329 3241 372 3300 Ut
401 3261 502 3320 equos
534 3239 713 3336 emissarios
735 3196 833 3302 idest
852 3238 1052 3300 waraniones
1074 3239 1266 3322 beneprac

128 3322 281 3400 videant,
305 3332 337 3402 et
358 3322 547 3384 nullatends
567 3344 621 3384 eos
641 3323 676 3383 iu
697 3343 765 3382 uno
789 3323 873 3382 loco
882 3322 939 3383 did
952 3331 1041 3382 stare
1064 3322 1264 3404 permittant,

129 3427 174 3466 nc
197 3369 281 3466 fortli
296 3427 356 3488 pro
371 3405 434 3465 hoc
454 3413 580 3500 pereat,
598 3405 658 3467 etsi
677 3405 806 3486 aliquis
816 3404 888 3465 talis
909 3413 956 3466 est
976 3403 1065 3485 quod
1078 3405 1182 3465 bonus
1198 3425 1265 3464 nou

130 3489 184 3564 sit,
207 3497 262 3548 aut
283 3498 455 3551 veteranus
474 3487 533 3564 sit,
555 3486 582 3548 si
606 3508 692 3549 vero
711 3497 856 3551 moruus
872 3487 982 3564 fucrit
1005 3487 1097 3548 nobrs
1114 3487 1265 3546 nuntiare

130 3533 254 3630 fac’iaut
257 3579 433 3666 ,tempore
448 3590 613 3650 congruo,
624 3577 808 3682 autequam
826 3580 952 3653 tempus
970 3569 1091 3647 veniat,
1117 3579 1156 3634 ut
1181 3569 1267 3630 inter

131 3651 277 3713 iumenta
292 3653 376 3712 mitti
399 3651 548 3712 debcant.
968 3684 975 3693 ι

215 3735 303 3797 XIV.
338 3737 380 3795 Ut
409 3733 555 3794 iumenta
582 3742 691 3794 nostra
713 3734 798 3795 hene
827 3735 1027 3812 custodiant,
1059 3742 1091 3794 et
1115 3733 1266 3816 poledros

132 3816 174 3877 ad
195 3826 324 3900 tempus
345 3823 535 3898 segregent,
570 3815 649 3876 etsi
671 3817 864 3897 pultraellae
886 3781 1119 3899 multiplicatae
1143 3817 1267 3876 fuerint

131 3908 295 3982 separatae
313 3899 410 3974 fiant,
432 3909 469 3958 et
483 3919 614 3982 gregem
631 3919 691 3980 per
708 3920 740 3960 se
758 3899 876 3960 exinde
894 3901 1035 3960 adunare
1050 3898 1180 3958 faciant

215 3982 287 4044 XV.
321 3983 364 4042 Ut
375 3981 528 4064 poledros
543 3989 668 4041 nostros
688 3981 783 4045 missa
799 3982 900 4045 sancti
918 3982 1048 4044 Martini
1060 3979 1210 4112 lryemale
1227 3981 1268 4044 ad

131 4063 288 4151 palatium
309 4064 502 4128 omnimodis
519 4063 706 4126 habeant.

132 4221 382 4238 w

161 4315 210 4378 ιιι]
227 4327 273 4365 mr.
292 4311 435 4369 cellariam
453 4313 551 4369 mittat.
