2928 4986
286 310 320 364 s.
340 309 428 366 can.
540 310 676 370 secun
697 313 934 378 rsaucoauu
1042 320 1105 380 sao:
1192 309 1264 402 369

126 457 224 530 trum,
246 451 280 512 id
302 460 361 529 est,
382 449 547 533 sexaginta
573 455 692 518 solidos
718 459 810 520 nohis
838 463 1010 544 persolvat.
1060 469 1267 536 Postmodum

125 556 206 598 vero
224 542 299 595 ante
317 555 376 595 nos
398 535 417 594 d
440 534 564 597 Comite
582 537 781 618 adducatur,
804 553 839 604 ut
861 544 894 602 in
919 545 1086 612 bastonico
1109 564 1266 636 retrusus,

125 617 310 698 usquedum
328 615 421 677 nobis
440 617 612 698 placuerit,
628 643 749 703 poenas
765 625 844 686 luat.
872 628 952 687 Nam
966 629 992 691 si
1009 634 1139 716 publice
1160 649 1269 704 actum

124 699 236 777 fucrit,
260 699 426 782 publicam
443 699 522 772 inde
535 709 608 783 agat
623 705 858 784 poenitentiam
879 709 970 772 iuxta
988 727 1172 782 sanctorum
1204 725 1269 786 Ca-

124 783 250 842 nonum
267 782 477 842 sanctionem.
520 783 554 843 Si
576 805 655 845 vero
672 790 819 867 occulte,
838 792 1048 858 Sacerdotem
1066 803 1202 866 consilio
1226 829 1268 870 ex

123 864 187 925 hoc
206 873 278 945 agat
293 864 542 947 poenitentiam
564 867 719 947 quoniam
735 882 889 954 raptores,
903 886 938 935 ut
958 881 1002 940 ait
1019 880 1203 966 Apostolus,
1219 889 1269 949 ni-

124 947 152 1008 si
172 968 282 1008 veram
300 946 427 1029 egerint
449 947 694 1028 poeniteutiam,
714 975 853 1036 regnum
873 958 935 1017 Dei
958 984 1022 1022 non
1046 967 1266 1047 possidebunt.

123 1029 190 1106 Qui
207 1049 284 1091 vero
302 1030 342 1090 de
360 1029 457 1090 rebus
473 1030 693 1092 Ecclesiarum
708 1035 831 1116 aliquid
844 1037 1024 1122 abstulerit,
1040 1049 1167 1129 gravius
1188 1055 1266 1116 inde

121 1111 303 1174 iudicetur:
327 1112 403 1194 quia
420 1133 583 1174 sacrarum
608 1135 719 1177 rerum
746 1119 867 1180 ablatio
901 1127 1106 1210 sacrilegium
1135 1143 1203 1214 est,
1235 1147 1267 1198 et

123 1195 298 1276 sacrilegus
314 1204 449 1256 vocatur
469 1195 527 1276 qui
544 1218 585 1258 ex
600 1196 646 1258 eis
667 1199 792 1283 aliquid
809 1213 864 1263 aut
887 1205 1057 1271 abstulerit
1078 1223 1133 1274 aut
1153 1239 1266 1302 rapue-

58 1277 60 1286 '
122 1276 176 1338 rit.
218 1278 357 1348 lufames
377 1299 508 1360 quoquc
533 1279 613 1342 tales
638 1303 796 1362 personae
818 1305 920 1368 usque
943 1292 982 1353 ad
1014 1295 1266 1364 satisfactionem

122 1359 289 1422 Ecclesiae
305 1381 401 1442 quam
419 1361 594 1440 laeserunt,
614 1375 691 1426 sunt
706 1364 885 1430 habendae.

163 1465 212 1526 De
227 1463 453 1528 Sacerdotibus
472 1479 503 1526 et
523 1466 765 1612 Leviplisbpltque
785 1475 1147 1566 Monmhispntcrfectis
1170 1491 1227 1551 ccl

627 1573 642 1611 e
667 1567 789 1614 tatutis.

205 1652 250 1715 ll.
293 1653 327 1714 Si
352 1653 425 1736 quis
444 1655 650 1719 Sacerdotem
673 1659 726 1720 vel
750 1663 895 1724 Levitam
916 1675 971 1728 aut
991 1672 1186 1738 Monachum
1211 1679 1265 1742 in-

121 1737 288 1800 terfecerit
301 1737 354 1798 vel
371 1737 601 1817 debilitaverit,
617 1740 708 1802 iuxta
727 1751 842 1804 statuta
863 1748 1009 1829 priorum
1027 1757 1263 1842 Capitulorum,

121 1843 203 1903 quae
223 1819 300 1903 Legi
321 1819 444 1882 Salicae
466 1831 542 1884 sunt
561 1822 680 1901 addita,
703 1839 883 1910 componat,
905 1843 941 1896 et
962 1835 1095 1922 iusuper
1118 1843 1265 1909 bannum

122 1913 276 1981 nostrum,
303 1902 337 1964 id
364 1912 422 1982 est,
449 1904 614 1986 sexaginta
639 1906 760 1970 solidos
795 1911 886 1972 nobis
914 1922 1085 2001 persolvat,
1112 1935 1145 1987 et
1176 1949 1264 1991 arma

119 1987 294 2069 relinquat,
304 1995 400 2068 atque
413 1987 447 2046 in
464 1989 658 2050 monasterio
674 1989 787 2052 diebus
796 1993 878 2054 vitae
887 2019 963 2060 suae
974 2004 1033 2063 sub
1044 2007 1263 2093 arduapoeni.

119 2069 221 2130 tentia
234 2072 304 2130 Deo
320 2069 450 2148 serviat,
471 2091 628 2152 nusquam
641 2075 845 2156 postmodum
864 2082 973 2143 seculo
992 2087 1044 2148 vel
1061 2093 1274 2158 secularibus,

119 2152 324 2230 militaturus,
343 2171 450 2235 neque
471 2153 566 2214 uxori
591 2156 811 2238 copulaturus.

141 2261 197 2322 De
219 2261 267 2320 his
289 2261 345 2343 qui
364 2258 524 2345 Episcopo
547 2261 685 2428 uliqpam
709 2264 859 2362 iniuriam
885 2271 942 2330 orl
961 2272 1240 2346 deltonorationem

632 2359 759 2408 eccrznt.
787 2369 790 2378 ¹

200 2446 264 2510 Ill.
308 2449 343 2510 si
364 2449 437 2532 quis
459 2449 621 2535 Episcopo
641 2451 782 2535 aliquam
798 2453 952 2520 iniuriam
969 2473 1024 2524 aut
1040 2465 1190 2532 iniustam
1206 2474 1260 2538 de·

116 2529 364 2592 honorationem
381 2533 507 2604 fecerit,
524 2535 564 2596 de
581 2534 647 2596 vita
666 2547 850 2619 componat,
867 2551 899 2601 et
913 2548 1019 2606 omnia
1040 2573 1122 2632 quae
1138 2553 1269 2632 habere,
1338 2569 1342 2582 “

115 2613 202 2676 risus
219 2613 331 2691 fuerit,
352 2615 519 2680 Ecclesiae
542 2617 595 2678 cui
610 2639 759 2699 praeesse
773 2619 955 2686 dinoscitur
974 2629 1181 2714 integerrime
1203 2661 1257 2701 so·
1364 2653 1371 2656 “

116 2696 255 2774 cientur,
274 2705 306 2757 et
324 2697 415 2760 nobis
431 2699 465 2760 iu
486 2699 584 2782 triplo
604 2699 731 2762 bannus
754 2712 876 2783 noster,
896 2708 929 2770 id
945 2722 1002 2790 est,
1018 2719 1183 2802 sexaginta
1203 2743 1257 2782 so-

115 2777 175 2840 lidi
193 2779 433 2863 persolvantur,
454 2791 510 2843 aut
531 2783 599 2866 ipse
619 2782 653 2842 in
678 2785 811 2847 servitio
833 2787 910 2852 fisco
939 2806 1049 2858 nostro
1076 2803 1256 2866 serviturus

114 2883 242 2944 semper
257 2863 399 2924 societur
413 2883 516 2947 usque
537 2885 571 2926 se
587 2865 746 2928 redimere
769 2869 803 2928 in
824 2871 925 2955 triplo
954 2877 1045 2939 iuxta
1071 2881 1255 2967 wirgildum

114 2965 208 3006 suum
233 2946 384 3027 potuerit.
428 2949 543 3008 Sancta
561 2967 640 3010 vero
656 2949 803 3012 Ecclesia
817 2951 851 3013 iu
872 2959 1098 3024 Sacerdotibus
1120 2979 1254 3033 constat.

113 3027 240 3088 idcirco
258 3030 371 3110 magnit
387 3031 491 3110 poena
507 3031 674 3114 plectendi
692 3043 768 3094 sunt
784 3035 842 3114 qui
857 3039 1026 3124 Episcopis
1046 3048 1098 3108 vel
1118 3051 1253 3134 reliquis

113 3109 339 3172 Sacerdotibus
352 3112 505 3173 iniuriam
520 3114 573 3174 vel
588 3117 819 3176 contumeliam
835 3119 989 3196 fecerint,·
1009 3150 1081 3189 nam
1096 3131 1252 3199 detractio
1268 3129 1274 3138 ’

112 3192 322 3256 Sacerdotem
344 3195 384 3256 ad
401 3195 566 3257 Christum
586 3197 740 3278 pertinet,
757 3200 850 3266 cuius
866 3206 936 3268 vice
953 3207 1115 3292 legatione
1137 3216 1170 3276 in
1187 3219 1252 3284 Ec-

110 3273 210 3336 clesia
231 3277 423 3360 funguntur.

108 3390 158 3449 De
180 3391 329 3471 religiosa
349 3393 481 3456 muliere
502 3395 646 3480 deceptu,
670 3397 785 3562 idfest,
804 3412 891 3462 ueste
907 3417 1038 3483 mutata,
1055 3414 1110 3473 vel
1122 3417 1249 3500 religios

565 3499 636 3538 nem
653 3501 714 3564 pro
732 3503 810 3543 essa.

190 3577 246 3638 IV.
290 3581 324 3642 si
344 3584 417 3665 quis
439 3584 583 3666 rapuerit
600 3593 656 3645 aut
676 3586 901 3652 sollicitaverit
916 3593 967 3654 rel
978 3601 980 3604 ’
992 3606 1176 3688 corruperit
1193 3618 1246 3672 re·

108 3659 254 3742 ligiosam
274 3665 437 3743 feminam,
462 3667 548 3728 bona
578 3667 746 3728 amborum
769 3671 915 3756 Ecclesia
943 3678 1091 3746 vindicet
1115 3688 1153 3748 iu
1183 3714 1248 3774 qua

107 3743 178 3802 talis
191 3744 311 3806 mulier
328 3748 499 3810 habitavit:
524 3749 585 3832 ipsi
601 3761 706 3812 tamen
725 3753 853 3834 capitali
875 3759 1022 3838 periculo
1036 3767 1247 3836 subiciantur,

106 3825 203 3902 Quod
225 3826 250 3887 si
273 3827 335 3889 hoc
356 3830 475 3891 mulier
488 3853 553 3892 non
574 3833 747 3912 consensit,
768 3857 842 3896 cum
859 3839 924 3902 suis
941 3844 1037 3906 rebus
1059 3859 1246 3919 monasterii

106 3907 286 3970 ditionibus
301 3912 497 3976 tradatur.Si
509 3936 587 3975 vero
597 3917 712 3978 Comes
722 3917 822 4002 ipsius
839 3922 924 4003 pagi,
934 3947 999 3996 una
1011 3951 1090 4008 ,cum
1107 3941 1246 4002 consilio

104 3991 154 4050 sui
175 3989 329 4076 Episcopi
345 3996 378 4054 in
399 3996 492 4059 cuius
511 3997 661 4080 parochia
685 3997 749 4059 tale
766 4001 872 4064 scelus
890 4010 1093 4074 commissum
1108 4029 1166 4098 est,
1183 4022 1245 4086 hoc

104 4070 271 4136 vindicare
291 4079 488 4160 neglexerit,
503 4079 627 4140 honore
649 4092 766 4158 cureat,
789 4093 820 4144 et
844 4085 1010 4170 cingulum
1037 4099 1171 4181 amittat,
1195 4118 1246 4168 at.

102 4176 167 4236 que
189 4157 319 4238 publica
334 4161 534 4245 poenitentia
550 4161 721 4243 multetur,
747 4175 781 4226 et
798 4166 932 4252 iusuper
948 4177 1134 4258 wirgildum
1149 4189 1246 4252 su'um

102 4237 171 4300 fisci
199 4241 324 4304 viribus
348 4241 423 4304 dare
440 4243 663 4330 compellatur.

995 4374 1044 4445 24
