2952 4988
293 329 329 390 a.
348 328 437 390 aaa.
549 326 686 414 aaran
708 325 942 388 rmnconun
1036 326 1102 388 aa
1244 310 1315 388 ³01

174 487 224 531 tn.
245 468 296 531 De
316 470 407 532 uillis
421 471 535 542 nouis,
562 479 594 530 et
606 466 720 537 Eccle÷
770 489 821 532 αι.
842 470 893 531 De
904 465 1042 551 seminis
1057 471 1149 534 uiros
1167 473 1316 539 antitten·

255 553 313 614 siis
332 556 368 616 in
382 553 429 616 eis
446 553 574 617 nouiter
595 554 720 616 consti·
852 552 946 614 tibus.

169 667 194 742 ‘¹
259 636 346 698 mli·
770 677 820 722 22.
842 657 893 720 De
919 660 1040 746 raptis,
1074 672 1107 726 et
1135 658 1176 724 de
1207 683 1317 726 earum

173 742 223 805 1³.
244 742 295 803 De
321 747 422 806 sacris
446 743 535 804 vasis
555 738 719 802 Ecclesiae
800 771 810 798 v
854 745 1045 828 raptoribus.

256 827 291 886 ln
306 829 422 911 l'ldmli
438 826 533 889 datis.
591 845 599 856 '
769 846 819 910 23.
841 848 892 910 De
920 851 1038 936 puellis
1062 851 1165 936 raptis
1181 851 1316 918 necdum

179 931 223 1012 ¹4·
254 933 304 992 De
338 932 493 996 Ecclesiis
539 931 727 1012 destructis,
851 931 1060 1018 desponsatis.

258 1015 314 1076 vel
328 1015 368 1077 ‘3⁶
382 1018 474 1079 '²⁰”l5
490 1029 521 1078 ‘l
538 1016 679 1077 dmm
770 1039 821 1116 ni„
842 1037 892 1100 De
911 1040 1110 1127 desponsatis
1126 1053 1158 1104 et
1179 1041 1218 1105 ab
1241 1042 1315 1108 aliis

174 1121 224 1186 25.
246 1122 295 1184 De
316 1122 533 1188 Ecclesiarum
550 1128 678 1187 bonore.
855 1125 966 1208 raptis.

135 1225 138 1228 ’
176 1229 222 1292 16.
243 1231 293 1292 De
311 1229 480 1319 Episcopis
497 1233 623 1296 Italiae.
771 1226 821 1293 25.
843 1228 894 1290 De
914 1231 963 1293 bis
980 1233 1036 1317 qui
1054 1231 1231 1314 virginibus
1243 1232 1314 1296 Deo

176 1357 222 1417 ¹7·
243 1337 292 1398 De
312 1329 511 1420 Presbyteris
540 1343 596 1426 qui
615 1337 718 1422 semi-
852 1310 970 1377 dlffllli
986 1337 1020 1377 ⁸⁰
1043 1317 1175 1380 ⁸0⁶¹'Ml0

254 1441 312 1480 nas
334 1423 369 1482 in
389 1423 535 1488 domibus
551 1425 677 1486 babent.
767 1416 817 1481 26.
840 1418 890 1480 De
915 1421 1052 1507 puellis,
1083 1442 1146 1508 quo
1174 1431 1315 1508 ternpore

175 1518 223 1591 ιδ’.
253 1527 303 1588 De
334 1527 537 1608 Presbyteris
572 1532 628 1616 qui
656 1550 718 1614 pro
850 1504 1007 1567 velemur·
1131 1591 1135 1600 .

237 1611 421 1689 ,chrismate
442 1615 476 1674 in
492 1615 597 1676 Coena
612 1613 719 1676 domi·
768 1631 817 1695 27.
839 1611 889 1674 De
916 1613 1152 1678 examinatione
1186 1622 1312 1674 sanctae

240 1695 292 1753 ‘ni
315 1695 487 1758 veniebant.
852 1695 965 1759 Crucis
989 1694 1231 1779 nonfacienda.

175 1801 294 1883 19.De
322 1801 561 1886 praedicatione
588 1817 619 1865 et
640 1826 716 1866 con·
767 1803 817 1868 28.
838 1803 889 1865 De
923 1803 1041 1889 pabulo
1080 1804 1174 1868 verbi
1207 1801 1314 1864 divini

243 1882 436 1968 firmatione
454 1885 695 1971 Episcoporum.
849 1885 1048 1974 nuntiando.-

171 2011 221 2054 πο.
243 1991 292 2052 De
303 1992 412 2076 pueris
429 1991 599 2054 tondendis
615 2008 646 2058 et
658 2017 717 2081 pu·
767 2013 816 2079 29.
838 1995 888 2056 De
909 1995 1036 2056 incestis
1052 1995 1187 2079 nuptiis,
1216 2003 1247 2053 et
1270 1989 1312 2052 de

252 2075 323 2136 eliis
341 2075 498 2138 velandis.
848 2078 1002 2140 Ecclesiis
1021 2096 1086 2138 non
1102 2073 1300 2137 diuidendis.

270 2193 439 2268 lncu’tust
455 2227 682 2270 surnsscnwrs
703 2207 865 2270 Castrum
888 2231 926 2270 ET
948 2228 1057 2270 EORUM
1079 2229 1209 2270 TEXTUS.

415 2322 465 2382 De
487 2322 580 2384 rebus
601 2323 763 2386 Ecclesiae
785 2344 850 2386 non
870 2322 1069 2386 diuidendis.
1097 2345 1101 2354 ’

251 2433 279 2493 Ι.
320 2429 407 2508 Quia
431 2429 522 2490 iuxta
548 2440 733 2492 sanctorum
762 2431 894 2494 Patrum
922 2431 1132 2496 traditionem
1160 2429 1310 2495 novimus

170 2537 223 2578 res
244 2513 506 2576 Ecclesiaevota
525 2535 594 2576 esse
611 2515 770 2592 fidelium,
791 2515 896 2597 pretia
910 2523 1137 2598 peccatorum,
1159 2525 1193 2578 et
1208 2513 1311 2598 patri-

169 2598 278 2660 monia
291 2618 482 2681 pauperum,
505 2596 624 2678 cuique
645 2619 710 2658 non
731 2596 837 2660 solitm
853 2597 963 2660 habita
977 2619 1180 2678 conservare,
1197 2619 1311 2661 verum

169 2681 266 2745 etiam
285 2681 387 2741 multa
409 2682 480 2740 Deo
500 2680 682 2763 opitulante
704 2681 853 2742 conferre
876 2693 1030 2764 optamus.
1072 2683 1195 2743 Tamen
1216 2688 1253 2741 ut
1271 2679 1311 2742 ab

169 2763 397 2828 ecclesiasticis
420 2761 459 2822 de
486 2784 551 2822 non
572 2762 757 2825 dividendis
775 2763 872 2827 rebus
893 2765 983 2827 illius
1004 2763 1223 2848 suspicionem
1246 2763 1309 2824 du-

168 2849 247 2910 dum
263 2853 453 2929 conceptam
472 2845 602 2928 penitus
621 2867 855 2925 amoveremus,
877 2848 1046 2909 statuimus
1063 2857 1100 2908 ut
1120 2869 1227 2929 neque
1248 2867 1310 2906 uo-

168 2931 242 2993 stris
265 2950 372 3010 neque
395 2927 548 3003 filiorum,
571 2939 604 2991 et
624 2931 695 2991 Deo
716 2929 921 3011 dispensante
937 2951 1159 2993 successorum
1181 2937 1310 2990 nostro·

156 3035 242 3075 ¹rum
259 3011 470 3095 temporibus,
492 3011 549 3094 qui
569 3021 710 3074 nostram
729 3014 783 3074 vel
798 3014 1043 3096 progenitorum
1057 3022 1240 3076 nostrorum
1255 3033 1311 3072 vo·

168 3097 327 3157 luntatem
350 3094 403 3155 vel
422 3095 608 3176 exemplum
624 3094 743 3155 imitari
762 3095 937 3177 voluerint,
959 3097 1061 3159 ullam
1077 3095 1209 3182 penitus
1223 3092 1308 3156 divi·

168 3178 295 3241 sionem
316 3187 373 3240 aut
391 3176 548 3238 iacturam
563 3177 713 3262 patiatur.

525 3287 575 3346 De
598 3285 767 3372 Episcopis
789 3285 952 3367 eligendis.

248 3395 292 3454 ΙΙ.
336 3391 508 3453 Sacrorum
533 3415 695 3454 canonum
722 3413 788 3452 non
816 3393 940 3476 ignari,
971 3404 1008 3456 ut
1037 3393 1070 3454 in
1093 3392 1155 3456 Dei
1175 3391 1307 3455 nomine

167 3487 277 3538 sancta
298 3475 446 3536 Ecclesia
469 3498 527 3536 suo
548 3475 682 3537 liberius
705 3475 867 3558 potiretur
886 3475 1030 3555 honore,
1056 3477 1228 3538 adsensum
1252 3497 1307 3536 or·

168 3560 238 3620 dini
256 3557 474 3619 ecclesiastico
491 3559 709 3640 praebuimus,
732 3567 768 3618 ut
785 3559 911 3620 scilicet
928 3559 1082 3643 Episcopi
1102 3580 1161 3642 per
1176 3558 1308 3620 electio·

151 3637 243 3702 'nem
271 3639 352 3701 cleri
375 3650 406 3701 et
431 3641 543 3723 populi
570 3641 750 3704 secundum
776 3650 893 3703 statuta
920 3635 1082 3704 ca‘nonum
1111 3641 1151 3702 de
1167 3640 1309 3725 ‚propria

168 3721 321 3798 dioecesi,
344 3725 465 3783 remoti
487 3746 697 3806 personarum
720 3733 753 3783 et
773 3745 946 3785 munerum
963 3725 1174 3807 acceptione,
1199 3726 1240 3785 ob
1256 3724 1307 3784 vi-

168 3816 219 3867 tae
248 3803 399 3865 meritum
421 3814 454 3864 et
476 3807 654 3889 sapientiae
678 3807 801 3868 donum
824 3807 1002 3889 eligantur,
1033 3817 1073 3868 ut
1097 3806 1248 3890 exemplo
1275 3815 1307 3870 et

168 3889 269 3950 verbo
286 3885 348 3948 sibi
371 3887 523 3950 subiectis
545 3886 779 3972 usquequaque
798 3891 949 3973 prodesse
968 3891 1107 3952 valeant.

149 3997 217 4058 ¹De
243 3995 338 4058 dictis
366 3994 498 4056 Patrum
526 3999 680 4077 congestis
704 4019 765 4081 pro
797 3997 949 4058 canonica
975 3995 1196 4083 professione,
1231 3997 1308 4078 quia

600 4078 873 4141 dehonestabatur.

148 4212 151 4220 Δ
251 4181 314 4245 Ill.
357 4183 443 4262 Quia
462 4205 541 4247 vero
559 4184 717 4247 canonica
733 4183 890 4268 professio
906 4185 924 4246 b
938 4185 1061 4262 multis,
1078 4183 1195 4268 partim
1215 4182 1304 4268 igno·

167 4267 281 4346 mutii,
303 4267 421 4352 partim
443 4267 576 4348 desidii,
607 4266 896 4349 dehonestabatur,
922 4267 1193 4356 operaepretium
1212 4267 1307 4335 duxi»
