2958 4986
232 309 303 384 132
400 267 404 278 ’
520 325 555 384 n.
574 323 663 384 cur.
732 323 992 386 cnrrrutemn
1062 327 1125 383 sn.

323 463 589 530 cernemus
630 465 688 528 ns
730 465 869 530 vnms
909 465 1071 528 mnom
1113 464 1273 544 niem,

288 577 428 648 Dutum
453 595 521 670 per
546 597 659 645 annos
684 577 785 668 regni
812 575 926 662 illiue,
954 575 993 644 id
1019 585 1087 658 est,
1113 577 1316 668 antequem

614 673 722 744 lieret
747 673 965 768 Imperator.

231 799 374 896 Incipit
396 794 616 890 capitulare
629 797 677 868 de
693 797 793 870 villis
817 797 876 869 vel
896 795 1012 866 curtis
1038 795 1302 890 imperatoris.
1344 799 1371 888 i)

230 981 255 1042 ¹·
279 979 356 1062 cul'·
377 943 556 1076 Volumus
581 1007 618 1060 ut
642 999 741 1062 villae
767 1008 907 1078 nostroe,
934 1019 1015 1082 ques
1044 999 1085 1060 ed
1114 1019 1195 1082 opus
1220 1009 1373 1062 nostrum

229 1083 441 1150 serviendum
456 1082 618 1144 institutes
633 1081 800 1160 hebemus,
813 1082 874 1144 sub
888 1081 1071 1164 integritate
1087 1083 1233 1166 pertibus
1249 1086 1372 1146 nostris

229 1167 425 1244 deserviunt,
439 1173 472 1226 et
494 1185 559 1226 non
575 1165 648 1226 eliis
666 1165 862 1228 bominibus.

312 1249 354 1312 ll.
395 1251 438 1310 Ut
450 1247 572 1308 lumiliu
591 1257 698 1310 nostru
712 1247 797 1311 bene
817 1255 1006 1311 conservata
1026 1246 1078 1324 sit,
1093 1247 1159 1308 etii
1181 1249 1318 1312 nemine
1337 1250 1372 1310 iu

227 1340 415 1418 puupertute
436 1331 540 1392 missa.

310 1415 367 1476 lll.
389 1416 432 1474 Ut
445 1434 510 1474 non
527 1421 732 1498 praesument
745 1411 869 1475 iudices
884 1423 1027 1476 nostrum
1037 1411 1193 1474 familiam
1204 1415 1239 1474 in
1254 1436 1375 1476 eorum

230 1497 399 1562 servitium
426 1517 560 1580 ponere,
586 1517 652 1556 non
681 1497 844 1574 corvadas,
872 1517 943 1578 non,
966 1495 1099 1556 materia
1123 1498 1274 1576 caedere,
1308 1520 1374 1559 uec

230 1579 320 1641 aliud
337 1601 419 1664 opus
436 1579 497 1641 sibi
515 1579 623 1640 fucere
639 1587 766 1662 cogunt,
782 1588 814 1639 et
839 1599 948 1663 neque
962 1579 1030 1639 ullu
1045 1577 1130 1638 douu
1154 1579 1193 1638 ab
1210 1579 1290 1663 ipsis
1314 1604 1373 1642 ac-

230 1663 363 1746 cipiunt,
381 1683 447 1722 non
467 1661 639 1738 caballum,
657 1681 721 1722 non
738 1659 866 1740 bovem,
889 1683 954 1722 nou
977 1681 1117 1738 vaccum,
1135 1683 1201 1722 non
1218 1685 1373 1745 porcum,

230 1767 297 1806 non
315 1745 488 1822 berbicem,
508 1767 574 1805 nou
588 1745 780 1827 porcellum,
796 1765 861 1806 non
887 1743 1064 1828 agnellum,
1091 1764 1152 1806 nec
1175 1745 1275 1806 aliam
1291 1769 1374 1808 cau-

230 1850 308 1906 sum,
322 1827 385 1888 nisi
404 1827 566 1888 buticulas
584 1837 617 1888 et
635 1836 743 1888 ortum
764 1849 857 1912 poma
878 1827 987 1910 pullos
1008 1833 1041 1887 et
1061 1847 1132 1891 ovu.

312 1910 367 1972 lv.
410 1911 445 1970 Si
471 1910 593 1970 familie
622 1918 725 1972 nostro
775 1910 896 1972 artibus
924 1908 1042 1970 nostris
1071 1907 1214 1991 aliquem
1249 1911 1374 1972 fecerit

229 1992 388 2070 fraudem,
406 1993 445 2054 de
465 1993 646 2070 latrocinio,
666 2001 722 2053 out
735 1933 800 2054 ulio
815 1993 976 2075 neglecto,
997 1991 1082 2051 illud
1098 1991 1131 2051 in
1158 2003 1255 2078 ceput
1292 2017 1375 2055 con*

228 2083 338 2158 ponat,
357 2075 397 2136 de
420 2075 549 2158 reliquo
566 2097 645 2136 vero
659 2097 719 2158 pro
734 2075 806 2158 lege
830 2074 967 2158 recipiat
982 2073 1186 2155 disciplinam
1212 2080 1375 2158 vapulan-

230 2159 283 2234 do,
303 2157 366 2218 nisi
385 2167 508 2218 tuntum
523 2179 582 2240 pro
604 2157 780 2219 homicidio
795 2167 829 2220 et
842 2158 1008 2233 incendio,
1029 2156 1116 2216 uude
1135 2159 1224 2219 feida
1237 2159 1273 2232 l)
1296 2159 1373 2220 exi-

228 2261 263 2300 re
281 2249 394 2322 potest,
412 2241 452 2301 ud
467 2242 611 2322 reliquos
627 2251 734 2301 nutem
760 2240 908 2302 homines
925 2235 1079 2300 iustitiam
1096 2239 1209 2300 eorum
1235 2243 1373 2322 qualem

228 2321 404 2382 habuerint
418 2324 556 2384 reddere
578 2324 739 2402 studeant,
763 2323 846 2386 sicut
868 2325 922 2385 lex
945 2333 1002 2384 est.
1043 2322 1108 2382 Pro
1129 2323 1262 2398 l'eidul)
1284 2345 1371 2385 vero

230 2413 337 2464 nostru
354 2406 567 2466 utdiximus·
591 2406 714 2466 familia
735 2407 918 2490 vapuletur.
965 2403 1082 2468 Frnnci
1108 2414 1214 2466 autem
1242 2407 1303 2488 qui
1332 2405 1370 2466 in

230 2485 314 2546 fiscis
334 2497 389 2547 nut
404 2488 492 2550 villis
510 2489 629 2550 nostris
644 2497 849 2550 commanent
875 2487 1035 2570 quicquid
1062 2489 1283 2550 commiserint
1323 2510 1375 2549 se-

229 2569 501 2652 cundum'legem
516 2593 630 2632 eorum
652 2572 824 2633 emendare
844 2573 1012 2641 studeant;
1037 2577 1069 2628 et
1087 2572 1173 2650 quod
1195 2594 1254 2654 pro
1280 2571 1375 2632 feida

230 2650 381 2792 dlederint
397 2655 453 2748 'etl
481 2675 561 2738 opus
585 2664 732 2716 nostrum
752 2654 874 2733 reniet,
897 2655 932 2716 id
957 2663 1005 2715 est
1030 2649 1063 2709 in
1092 2655 1225 2735 peculio
1251 2663 1309 2715 aut
1337 2654 1372 2713 iu

230 2753 294 2793 uro
338 2756 436 2796 remo.
488 2791 490 2798 .
565 2771 570 2780 ·

312 2757 352 2882 ll.
374 2819 536 2896 ¹Quando
561 2819 685 2882 iudices
701 2820 803 2881 nostri
824 2819 949 2882 labores
963 2831 1087 2884 nostros
1107 2821 1213 2882 facere
1235 2820 1373 2899 debent,
1442 2855 1443 2920 l

230 2901 389 2965 seminare
409 2912 465 2973 aut
480 2923 581 2980 erare,
597 2923 714 2965 messes
731 2904 898 2986 colligere,
914 2905 1027 2964 fenum
1041 2925 1164 2976 secare,
1181 2913 1236 2963 aut
1254 2903 1374 2965 vinde·
1442 2931 1443 2998 p

229 2985 359 3063 amiare,
376 2985 601 3068 unusquisque
624 2987 658 3046 in
683 2996 826 3068 tempore
850 2986 968 3060 laboris
986 2988 1025 3048 ad
1039 3007 1307 3068 unumquemque
1323 2985 1374 3048 lo-
1442 3015 1443 3048 t

229 3089 304 3126 eum
323 3066 509 3150 praevideat
533 3090 570 3128 ac
595 3067 765 3130 instituere
792 3068 889 3128 faciet
910 3071 1073 3152 quomodo
1100 3073 1222 3131 fuctum
1254 3069 1297 3130 sit
1334 3080 1374 3130 ut

228 3148 312 3209 bene
329 3151 417 3210 salva
434 3150 507 3212 sint.
551 3151 584 3212 si
605 3151 839 3233 iutrlputriam
855 3173 921 3211 non
941 3153 1088 3215 fueritet
1112 3153 1145 3211 in
1169 3151 1265 3234 quale
1291 3152 1371 3212 loco
1442 3177 1443 3232 ᾗ

228 3231 328 3291 iudex
345 3233 459 3294 venire
484 3254 549 3293 non
567 3233 719 3318 potuerit,
739 3234 871 3294 missum
888 3234 1011 3294 bonum
1035 3236 1074 3296 de
1103 3234 1224 3295 famili-l
1245 3245 1371 3312 nostra,
1442 3247 1443 3320 l

229 3323 284 3372 aut
299 3314 399 3374 alium
418 3311 583 3377 hominem
603 3317 687 3376 bene
708 3316 879 3393 creditum,
889 3339 999 3378 causas
1016 3333 1138 3378 nostrus
1162 3316 1371 3400 providendo

229 3395 347 3479 diriget
379 3397 521 3478 qualiter
542 3399 582 3459 utl
604 3400 785 3481 proiectum
813 3399 960 3475 venient,
995 3409 1027 3460 et
1055 3401 1154 3462 iudex
1190 3399 1373 3481 diligenter

150 3521 156 3530 ,
227 3480 478 3561 praeviderunt
496 3481 625 3542 lidelem
649 3479 816 3543 hominem
842 3481 1036 3544 transmittat
1065 3483 1106 3544 ed
1136 3482 1220 3542 banc
1238 3503 1372 3544 causam
1442 3507 1443 3548 l

229 3561 493 3643 providendum.¹
1095 3621 1096 3626 ,
1263 3607 1268 3617 ·
1410 3621 1414 3629 .
1442 3623 1443 3630 ,

312 3645 368 3706 Vl.
411 3647 569 3707 Volumus
591 3652 627 3706 ui
651 3644 775 3708 iudices
791 3644 894 3708 nostri
908 3645 1076 3726 decimam,
1098 3668 1139 3709 ex
1152 3649 1240 3710 omni
1257 3647 1371 3710 conla-

228 3726 344 3787 borutu
373 3729 525 3809 pleniter
563 3729 687 3789 donent
713 3729 754 3789 ud
774 3729 1039 3812 ecclesiasqune
1066 3739 1143 3791 sunt
1177 3729 1369 3795 innostris
1442 3755 1443 3810 ζ

229 3809 324 3889 fiscis,
345 3821 376 3871 et
391 3811 431 3872 ud
453 3812 586 3874 alterius
604 3811 775 3873 ecclesiam
790 3821 898 3874 nostra
917 3811 1043 3874 decima
1058 3813 1130 3874 duta
1146 3835 1211 3874 non
1232 3813 1297 3891 fiat,
1318 3812 1370 3870 ni·
1442 3839 1443 3888 ᾗ

263 3991 289 4052 i)
307 3993 425 4044 Unicum
450 4002 558 4047 tantum
583 3990 665 4046 huius
691 3993 773 4064 Capi·
907 3986 1364 4060 desllditteleltersllelmst.1799),
1442 4031 1443 4064 ,

316 4063 411 4115 tutaris
430 4065 569 4136 exemplar
581 4074 658 4116 extat
667 4064 771 4116 iuBibl.
910 4064 988 4116 cuius
1014 4064 1243 4118 accuritissimem
1264 4063 1367 4130 editio·
1442 4069 1443 4108 ἲ

317 4129 493 4197 llelmestad.‚
513 4135 690 4206 quoddcnuo
707 4151 773 4186 con·
909 4151 971 4186 nem
989 4134 1135 4206 sequimur.

249 4263 254 4272 ,
314 4203 381 4256 tulit
411 4206 438 4255 P.
471 4203 495 4256 J.
530 4207 615 4256 Bruns
641 4203 771 4274 (Bcitriigc
856 4203 1081 4277 timescenda.

317 4288 350 4324 zu
385 4272 437 4327 don
467 4272 620 4328 deutschen
650 4274 771 4328 ilechtcu
856 4277 891 4340 l)
909 4292 955 4328 ms.
976 4273 1074 4350 satida.
