2928 4986
183 327 257 400 310
436 343 577 400 acar.
688 339 944 400 cararumaia
1050 342 1113 400 ur.

182 495 254 548 rota
270 493 512 548 concurrerent.
542 483 654 566 ltaque
668 484 778 545 taliter
796 480 904 542 divino
913 481 1154 566 dispensatione
1171 485 1338 546 manifes-

182 581 283 632 tatum
304 567 427 652 placuit
453 577 485 628 et
507 567 599 630 uobis
618 575 650 630 et
668 567 754 628 omni
776 565 899 648 populo
925 576 1051 646 nostro,
1074 589 1165 628 more
1191 569 1331 630 solenni

183 651 343 736 imperiali
366 651 544 712 diademate
570 660 777 726 coronatum,
807 647 900 708 uobis
923 657 955 710 et
976 660 1159 712 consortem
1183 661 1216 712 et
1247 675 1330 712 suc-

182 757 344 802 cessorem
358 733 504 816 lmperii,
516 733 541 794 si
556 733 715 796 Dominus
728 731 880 806 volucrit,
894 733 1058 792 communi
1070 741 1146 794 voto
1158 735 1333 797 constitui.

183 820 334 880 Caeteros
348 837 424 878 vero
435 817 549 878 fratres
560 817 648 892 eius,
671 816 847 899 Pippinnm
867 813 1023 876 videlicet
1038 825 1070 876 et
1080 817 1334 879 Hlndouvicum

182 901 400 982 aequiuocum
418 909 574 978 nostrum,
591 899 754 960 communi
771 896 910 958 consilio
923 898 1047 980 placuit
1057 899 1155 981 regiis
1172 899 1334 983 insigniri

184 983 387 1059 nominibus,
408 990 441 1042 et
462 981 533 1042 loca
555 983 693 1044 inferius
711 981 917 1042 denominata
934 982 1133 1042 constituere
1154 982 1333 1064 inquibus

183 1076 256 1150 post
277 1066 442 1127 decessum
468 1075 636 1144 nostrum,
667 1065 727 1126 suh
747 1063 874 1125 seniore
897 1064 1014 1143 fratre,
1043 1065 1146 1147 regali
1165 1075 1331 1148 potestate

183 1148 350 1232 potiantur
373 1147 462 1208 iuxta
485 1147 622 1208 inferius
637 1147 786 1208 adnotata
800 1145 968 1229 Capitula,
990 1146 1221 1230 quibusquam
1238 1149 1332 1210 inter

185 1253 239 1293 eos
260 1230 485 1293 constituimus
505 1231 651 1293 conditio
669 1230 866 1292 continetur.
908 1231 1001 1308 Quae
1019 1230 1169 1313 Capitula
1190 1243 1332 1315 propter

184 1314 357 1375 utilitatem
367 1313 511 1394 Imperii,
522 1323 554 1373 et
566 1323 753 1396 perpetuam
766 1313 853 1372 inter
868 1333 922 1373 eos
934 1335 1047 1396 pacem
1060 1317 1330 1394 conservandam,

184 1407 216 1460 ct
231 1397 330 1458 totius
344 1395 509 1458 Ecclesiae
521 1405 666 1456 tutamen
684 1417 759 1457 cum
776 1395 925 1456 omnibus
943 1395 1091 1458 fidelibus
1107 1397 1226 1458 uostris
1242 1421 1329 1460 cou-

183 1480 326 1542 siderare
343 1478 482 1560 placuit,
504 1488 536 1540 et
556 1479 759 1540 considerata
782 1477 988 1542 conscribere
1004 1489 1037 1542 et
1054 1479 1239 1562 conscripta
1252 1503 1329 1564 pro·

183 1561 263 1646 priis
280 1561 428 1622 manibus
442 1560 582 1640 firmare,
604 1571 639 1622 ut
652 1564 723 1624 Deo
740 1583 835 1644 opem
850 1562 994 1640 ferente,
1011 1562 1102 1624 sicut
1116 1563 1155 1623 ab
1171 1565 1327 1626 omnibus

183 1644 346 1706 communi
370 1653 445 1706 voto
467 1653 574 1705 actum
603 1653 666 1722 est,
695 1645 740 1706 ita
763 1644 929 1706 communi
954 1644 1128 1707 devotione
1153 1647 1170 1707 d
1196 1649 1327 1709 eunctis

185 1726 420 1788 inviolabiliter
443 1737 678 1790 conserventur
697 1728 737 1789 ad
757 1727 891 1788 illorum
912 1735 944 1788 et
959 1727 1058 1790 totius
1077 1727 1190 1811 populi
1209 1730 1327 1792 Chris-

183 1809 264 1870 tiani
288 1820 477 1892 perpetuam
500 1832 620 1892 pacem.
663 1810 759 1874 Salvi
783 1809 817 1870 in
848 1809 998 1872 omuibus
1030 1813 1137 1874 nostrtl
1160 1812 1326 1893 imperiali

182 1901 339 1988 potestate
360 1915 459 1976 super
486 1893 569 1956 filios
593 1903 625 1954 et
647 1892 804 1976 populum
833 1902 999 1970 nostrum,
1034 1917 1109 1956 cum
1135 1895 1225 1955 omni
1244 1897 1325 1957 sub-

184 1975 324 2120 ieeltipne
341 1997 425 2058 quae
441 1975 525 2060 patri
542 1977 559 2036 d
576 1975 652 2040 filiis
673 1985 707 2037 et
720 1976 908 2061 Imperatori
924 1997 961 2036 ac
977 1977 1059 2060 Regi
1079 1978 1097 2036 a
1115 1978 1179 2039 suis
1191 1979 1325 2063 populis

184 2058 366 2120 exiliatur.

266 2223 344 2306 Cap.
361 2221 387 2284 Ι.
430 2225 589 2286 Volumus
603 2232 640 2284 ut
654 2223 811 2308 Pippinus
828 2221 946 2284 haheat
956 2222 1164 2306 Aquitaniam
1178 2232 1211 2284 et
1226 2226 1324 2286 Was-

183 2305 328 2382 coniam,
352 2316 385 2368 et
404 2307 566 2368 Marcham
584 2308 777 2368 Tolosanum
795 2315 914 2382 totam,
938 2316 970 2368 et
991 2307 1126 2390 insuper
1150 2307 1329 2370 Comitatos

181 2397 340 2531 puatuor,
365 2389 399 2451 id
424 2399 490 2467 est,
515 2391 547 2449 in
563 2389 759 2472 Septimania
779 2390 1042 2467 Carcassensem‚
1064 2399 1097 2450 et
1117 2389 1151 2448 in
1169 2389 1323 2472 Burgun-

205 2469 598 2554 iaAugustudunensem,
621 2483 653 2534 et
673 2471 867 2534 Avalensem
883 2480 916 2532 et
931 2472 1176 2534 Nivernensem.

262 2574 306 2638 ΙΙ.
350 2578 431 2638 ltem
452 2577 678 2640 Hludourieus
711 2579 862 2640 volumus
886 2587 923 2638 ut
946 2578 1061 2640 habeat
1087 2579 1265 2640 Baioariam
1292 2592 1324 2642 et

181 2660 402 2737 Carentanos,
437 2668 471 2721 et
494 2661 663 2723 Beheimos
694 2670 726 2723 et
748 2661 886 2739 Avaros,
918 2670 1015 2744 atque
1039 2663 1170 2724 Sclavos
1193 2664 1250 2746 qui
1282 2666 1322 2724 ab

180 2741 332 2802 orientali
345 2751 436 2826 parte
453 2741 619 2805 Baioariae
640 2755 734 2822 sunt,
757 2753 789 2804 et
811 2745 945 2828 insuper
963 2745 1041 2806 duas
1062 2744 1156 2808 villas
1178 2745 1321 2806 domini-

180 2825 264 2886 cales
286 2824 326 2885 ad
347 2847 442 2894 suum
467 2827 637 2890 servitium
657 2827 691 2886 in
712 2847 795 2910 pago
814 2827 973 2912 Nortgaoe
994 2828 1145 2888 Luttraof
1160 2838 1192 2889 et
1206 2831 1319 2912 lugol-

180 2906 291 2968 destat.

260 3013 324 3076 ΙΙΙ.
366 3014 525 3078 Volumus
540 3024 576 3077 ut
594 3014 629 3074 hi
649 3015 714 3076 duo
730 3015 868 3092 fratres,
891 3017 948 3098 qui
968 3017 1064 3100 Regis
1088 3019 1219 3079 nomine
1237 3041 1318 3080 een-

177 3106 307 3175 scntur,
322 3099 355 3157 in
377 3099 502 3159 cunctis
517 3097 695 3158 honoribus
711 3097 796 3158 intra
813 3121 903 3159 suam
916 3110 1105 3181 potestatem
1123 3101 1320 3162 distribuen-

178 3179 227 3240 dis
243 3181 372 3263 proprid
387 3189 544 3260 potestate
559 3180 741 3264 potiantur;
762 3190 889 3242 tantum
914 3193 949 3243 ut
965 3184 999 3244 in
1014 3183 1260 3264 Episcopatihus
1283 3195 1317 3246 et

175 3262 319 3328 Abliatiis
335 3263 571 3324 ecclesiasticus
590 3264 670 3324 ordo
698 3273 866 3343 teneatur,
890 3267 971 3326 etin
987 3267 1122 3332 caeteris
1135 3267 1317 3330 honoribus

176 3345 291 3406 dandis
311 3345 462 3406 honestas
487 3356 519 3406 et
535 3345 657 3408 utilitas
671 3356 828 3412 servetur.

257 3451 317 3513 IV.
359 3453 441 3514 Item
455 3453 606 3514 volumus
620 3463 657 3514 ut
667 3453 766 3515 semel
781 3453 815 3512 in
837 3475 943 3531 anno,
961 3463 1105 3538 tempore
1118 3465 1314 3538 opportuno,

175 3535 226 3594 vel
245 3534 341 3596 simul
365 3536 417 3595 vel
441 3536 651 3618 singillatim,
678 3535 768 3596 iuxta
787 3536 876 3617 quod
894 3557 1004 3598 rerum
1025 3539 1170 3599 conditio
1190 3541 1315 3621 permi*

173 3617 268 3694 serit,
289 3617 439 3680 visitandi
459 3628 490 3678 et
511 3619 664 3694 videndi,
683 3627 714 3679 et
731 3618 770 3680 de
788 3618 839 3680 his
857 3641 940 3701 quae
962 3621 1142 3682 necessaria
1161 3631 1256 3706 sunt,
1281 3633 1315 3684 et

172 3723 256 3782 quae
273 3702 311 3761 ad
332 3701 534 3762 communem
554 3703 726 3763 utilitatem
746 3701 797 3764 vel
819 3703 859 3762 ad
878 3713 1066 3786 perpetuam
1082 3725 1194 3786 pacem
1208 3706 1314 3787 perti-

172 3793 268 3860 nent,
291 3793 403 3844 mutuo
422 3785 566 3846 fraterno
588 3804 694 3845 amore
712 3785 873 3845 tractandi
895 3785 994 3867 gratita
1010 3787 1050 3847 ad
1068 3785 1230 3847 seniorem
1249 3789 1314 3847 fra-

170 3875 253 3924 trem
269 3889 341 3926 curn
357 3867 450 3928 donis
467 3867 531 3928 suis
548 3869 690 3929 veniant.
734 3867 775 3925 Et
791 3867 817 3928 si
835 3868 919 3928 forte
937 3868 1054 3950 aliquis
1073 3869 1207 3928 illorum
1227 3872 1311 3950 qud-

170 3949 250 4007 libct
272 3948 452 4008 inevitabili
476 3951 664 4012 necessitate
697 3947 1008 4030 impeditusvvenire
1037 3961 1182 4034 tempore
1212 3954 1311 4012 solito

169 4039 201 4088 et
225 4041 407 4112 opportuno
436 4033 636 4115 nequiverit,
660 4032 722 4092 hoc
747 4032 869 4092 seniori
895 4034 988 4093 fratri
1012 4035 1132 4117 legatos
1164 4043 1196 4094 et
1222 4035 1312 4096 dona

168 4113 325 4172 mittendo
348 4114 524 4195 significet3
556 4115 597 4176 ita
624 4117 780 4177 duntaxat
798 4123 836 4174 ut
856 4137 929 4175 etam
952 4116 1092 4198 primum
1110 4117 1310 4197 possibilitas

167 4216 313 4336 οιφηςηιῗ
336 4205 480 4280 ternpore
502 4199 664 4278 adfuerit,
688 4197 801 4262 venire
831 4193 976 4282 qualibet
1001 4199 1208 4264 cavillatione
1240 4223 1308 4262 non

167 4299 297 4336 trssnnu
315 4287 355 4337 et.
