2952 4988
180 319 255 390 2-'30
413 337 447 394 a.
467 339 555 396 cua.
661 321 966 400 enarramus
1040 339 1104 398 sor.

263 475 339 540 Vll.
381 477 542 542 Volumus
559 479 668 564 itaque
685 491 783 567 atque
802 479 1018 566 praecipimus
1044 488 1082 540 ut
1103 475 1193 540 Missi
1219 477 1328 540 nostri

180 583 239 646 per
261 561 406 646 singulos
422 585 520 646 pagos
532 564 723 645 praevidere
746 569 898 629 studeant
919 563 1028 626 omnia
1053 560 1216 624 beneficia
1237 583 1327 644 quae

180 644 281 708 nostri
297 654 330 706 et
340 645 478 706 aliorum
489 645 637 708 homines
650 647 769 726 habere
789 649 955 726 videntur,
965 645 1129 729 quomodo
1144 653 1329 712 restaurata

180 729 246 788 sint
261 737 333 810 post
348 729 632 790 annuntiationem
647 741 798 808 uacuam,
816 731 884 794 sive
906 729 1080 792 destructa.
1110 726 1262 788 Primum
1283 728 1326 788 de

179 809 348 888 Ecclesiis,
362 811 524 894 quomodo
539 820 680 876 structae
694 824 750 876 ant
761 815 941 877 destructae
956 811 1067 874 sintin
1083 809 1189 887 tectis,
1212 811 1246 869 in
1259 831 1328 870 ma-

180 893 287 971 ceriis,
302 893 371 956 sive
390 894 568 977 parietibus
585 894 654 958 sive
671 895 704 957 in
714 897 908 980 pavimentis
920 915 1048 957 necnon
1064 893 1098 954 in
1111 893 1251 976 pictura,
1266 893 1328 954 eti-

180 998 230 1036 am
241 985 274 1037 et
285 977 319 1036 in
330 977 522 1054 luminariis,
537 977 605 1040 sive
620 978 742 1042 officiis.
755 980 915 1042 Similiter
928 987 962 1040 et
974 976 1037 1038 alia
1046 975 1218 1053 beneficia,
1234 997 1326 1038 casas

180 1081 255 1120 cnm
268 1059 417 1122 omnibus
431 1060 631 1142 appendiciis
643 1082 754 1124 earum
770 1073 803 1125 et
813 1063 959 1124 laboratu
980 1059 1049 1122 sire
1060 1059 1243 1140 adquisitu3
1268 1058 1326 1120 vel

180 1143 278 1203 etiam
286 1142 366 1224 quid
386 1143 621 1226 unusquisque,
635 1155 806 1228 postquam
827 1145 891 1206 hcc
908 1145 1015 1206 facere
1031 1140 1271 1224 prohibuimus,
1287 1141 1325 1200 in

180 1246 276 1286 suum
283 1225 410 1288 alodem
419 1247 459 1288 ex
470 1226 539 1309 ipso
549 1227 710 1289 beneficio
718 1229 824 1308 duait,
832 1229 884 1292 vel
894 1225 974 1324 quid
985 1225 1106 1286 ibidem
1117 1224 1236 1286 exinde
1248 1245 1327 1308 ope-

181 1317 268 1368 ratus
283 1317 339 1370 est.
350 1309 501 1388 Qualiter
516 1320 625 1370 autem
638 1310 756 1373 sithoc
773 1330 1001 1394 uuusquisque
1017 1308 1169 1372 Vicarius
1184 1306 1325 1390 singulis

181 1390 426 1452 eomitatibusin
438 1413 496 1453 suo
511 1391 691 1456 ministerio
704 1394 798 1458 simul
815 1417 891 1456 cum
906 1392 1022 1454 nostris
1037 1391 1141 1452 Missis
1155 1390 1327 1473 praevide·

182 1483 225 1550 at,
241 1481 274 1534 et
289 1473 455 1558 sicutipse
470 1473 532 1538 boc
550 1476 722 1539 coniurare
739 1479 855 1554 valeat,
872 1486 976 1538 totum
999 1473 1175 1550 invenerit,
1198 1473 1232 1532 in
1249 1473 1326 1533 bre·

181 1577 256 1616 vem
278 1556 382 1618 mittat
405 1568 438 1618 et
464 1559 550 1641 ipsos
569 1559 687 1622 breves
706 1561 799 1624 nobis
816 1561 974 1623 deferant.
1016 1559 1060 1619 Et
1082 1577 1193 1618 omnes
1213 1555 1238 1614 ii
1264 1552 1324 1636 qui

183 1639 217 1698 in
239 1638 307 1720 ipsa
320 1637 480 1703 beneficia
496 1639 629 1720 babent,
647 1643 712 1702 und
728 1665 802 1705 eum
826 1643 943 1704 nostris
974 1639 1079 1702 Missis
1110 1637 1256 1715 veniant,
1287 1646 1325 1696 ut

181 1719 264 1782 seire
278 1721 435 1802 possimus
454 1724 511 1806 qui
528 1725 604 1802 sint,
620 1735 677 1786 aut
694 1727 752 1807 qni
771 1747 866 1788 suum
882 1723 1081 1786 beneficium
1100 1721 1219 1782 lrabeat
1241 1741 1325 1782 eon-

183 1803 323 1880 drictum
340 1815 396 1866 aut
416 1807 624 1868 destructum.
666 1809 824 1870 Similiter
849 1819 882 1872 et
906 1807 1038 1868 illorum
1058 1803 1169 1866 alodes
1190 1802 1326 1886 praevi-

183 1885 292 1964 deant,
308 1895 418 1950 utrum
437 1889 553 1952 melius
567 1891 634 1952 sint
650 1893 828 1953 constructi
843 1891 905 1974 ipsi
921 1889 1008 1951 alodi
1022 1898 1079 1948 nut
1099 1887 1182 1946 illud
1201 1885 1327 1946 beneti-

184 1967 288 2039 eiam;
311 1971 388 2050 qnia
416 1973 564 2034 auditum
588 1973 742 2038 babemus
770 1976 859 2058 quod
883 1973 986 2055 aliqui
1016 1971 1165 2032 homines
1190 1969 1326 2030 illorum

121 2069 127 2080 ·
183 2049 343 2115 beneficia
356 2053 478 2118 babent
493 2055 630 2136 deserta,
651 2067 683 2118 et
701 2059 811 2120 alodes
828 2077 941 2119 eorum
963 2063 1167 2116 restauratos.
1216 2077 1222 2088 ·
1252 2075 1254 2086 ¹

381 2219 676 2285 EPISTOLA
717 2219 1123 2286 IMPERATORIS

334 2326 393 2399 Ad
435 2331 630 2424 Pippiuum
672 2333 821 2420 Filium,
862 2331 1000 2424 Regem
1037 2329 1178 2400 Italiae.

220 2443 283 2517 De
304 2471 403 2544 paee
428 2453 689 2524 Ecclesiurum
712 2455 790 2526 Dei
823 2467 858 2524 et
881 2454 1122 2526 servientium
1147 2475 1288 2522 earam.

190 2601 375 2744 Kaaonas,
399 2666 622 2730 serenissimus
640 2666 804 2752 Augustus
823 2669 841 2728 al
861 2670 932 2730 Deo
961 2675 1147 2742 coronatus,
1176 2686 1324 2747 magnus,

190 2747 343 2830 pacificus
363 2749 549 2832 imperator,
569 2753 787 2811 Romanorum
803 2751 986 2833 gubernans
1007 2749 1193 2832 Imperium,
1210 2770 1248 2808 ac
1265 2769 1325 2829 per

191 2830 445 2892 misericordiam
466 2833 528 2894 Dei
545 2833 614 2894 Rex
632 2836 830 2895 Francorum
852 2841 885 2894 et
908 2833 1205 2915 Langobardorum,
1224 2829 1326 2890 dilec-

191 2913 313 2974 tissimo
331 2915 399 2974 filio
416 2925 525 2977 nostro
541 2917 692 2999 Pippino,
709 2917 849 2999 glorioso
862 2917 954 2998 Regi,
969 2916 1199 2999 sempiternam
1212 2913 1325 2974 inDo-

192 2997 280 3057 mino
304 2998 450 3059 salutem.
491 2999 648 3060 Pervenit
661 3000 702 3060 ad
721 3020 814 3061 aures
834 3009 956 3061 nostras
985 2997 1074 3081 quod
1094 2997 1196 3078 aliqui
1216 2996 1326 3056 Duces

193 3090 354 3140 eteorum
378 3081 532 3159 iuniores,
552 3081 717 3157 castaldii,
736 3083 872 3159 Vicarii,
900 3080 1101 3159 Centenarii,
1124 3103 1182 3141 seu
1203 3075 1326 3160 reliqui

192 3163 432 3241 Ministeriales,
459 3164 654 3242 Faleouarii,
679 3166 871 3244 Venatores,
899 3173 933 3226 et
961 3162 1078 3226 caeteri
1111 3183 1171 3247 per
1197 3160 1327 3243 singula

191 3245 354 3306 territoria
369 3245 550 3308 habitantes
566 3248 619 3310 vel
636 3247 865 3322 discurrentes,
881 3247 1130 3309 mansionaticos
1149 3255 1182 3306 et
1195 3263 1328 3327 parave-

192 3329 268 3388 reda
292 3328 463 3410 aceipiant,
494 3352 558 3390 nou
576 3331 682 3392 solum
704 3352 802 3412 super
824 3330 945 3393 liberos
965 3329 1124 3408 homines,
1149 3329 1207 3390 sed
1230 3327 1327 3388 etiam

77 3467 80 3480 ,
193 3413 227 3472 in
245 3411 407 3474 Ecclesias
419 3413 492 3492 Dei,
509 3413 702 3474 monasteria
725 3413 882 3476 videlicet
899 3414 1044 3487 virorum
1071 3434 1107 3472 ae
1129 3410 1326 3495 puellarum,

193 3504 225 3556 ct
244 3495 459 3576 xenodochia,
474 3506 570 3579 atque
590 3497 733 3558 diversas
754 3497 877 3579 plebes,
893 3507 924 3560 et
941 3517 1040 3579 super
1054 3495 1199 3577 reliquos
1221 3491 1328 3554 servi-

193 3587 284 3639 entes
298 3579 518 3640 Ecclesiarum
541 3580 614 3657 Dei,
642 3579 676 3639 in
700 3601 813 3641 eorum
835 3601 944 3663 opera,
967 3579 1001 3640 id
1024 3587 1093 3656 est,
1112 3577 1146 3638 in
1168 3575 1273 3639 vineis
1295 3583 1329 3634 et

192 3661 324 3744 eampis,
344 3684 402 3723 seu
415 3663 525 3746 pratis,
544 3685 673 3724 necnon
693 3657 776 3724 etin
797 3684 911 3723 eorum
929 3661 1086 3724 aedificiis
1113 3659 1187 3722 illos
1207 3657 1330 3720 faciant

192 3745 331 3827 operari,
348 3754 381 3804 et
403 3746 580 3809 carnaticos
600 3755 634 3808 et
649 3745 764 3808 vinum
779 3755 891 3806 contra
912 3766 1042 3807 ornnem
1055 3743 1211 3805 iustitiam
1229 3739 1330 3801 abeis

193 3837 340 3889 exactare
357 3849 422 3888 non
444 3839 581 3922 cessant,
601 3837 634 3890 et
661 3829 778 3890 multas
811 3827 1036 3912 oppressiones
1053 3827 1217 3912 patiantur
1241 3824 1330 3906 ipsae

192 3910 358 3976 Ecclesiae
380 3911 454 3988 Dei,
476 3912 530 3974 vel
545 3913 723 3974 servientes
739 3933 860 3972 carrum.
903 3912 1059 3994 Ideoque,
1075 3909 1238 3971 carissime
1251 3906 1330 3983 Fili,

192 3993 249 4054 has
268 3995 392 4056 litteras
412 3995 452 4056 ad
472 4005 560 4056 tuam
580 3995 790 4056 dilectionem
819 3993 1006 4072 direximus,
1030 4003 1067 4055 ut
1086 3992 1171 4052 hanc
1202 4011 1332 4051 causam

193 4077 370 4158 diligenter
381 4097 419 4138 ac
435 4078 615 4160 prudenter
631 4077 799 4160 inquirere
813 4077 925 4149 facias;
949 4087 982 4138 et
996 4077 1022 4138 si
1045 4076 1163 4138 veritas
1179 4069 1331 4154 estquod

193 4157 237 4218 ita
256 4162 377 4222 facturn
393 4160 444 4238 sit,
463 4161 616 4244 deinceps
637 4160 829 4222 omnimodis
847 4160 1018 4222 emendare
1033 4169 1064 4220 et
1081 4157 1245 4240 corrigere
1261 4165 1330 4218 stu·

194 4242 285 4303 deas:
307 4252 467 4323 quatenus
488 4245 521 4303 in
540 4243 654 4304 diebus
672 4243 788 4317 nostris
802 4265 838 4305 ac
853 4242 918 4304 tuis
933 4265 996 4326 pax
1018 4241 1238 4304 Ecclesiarum
1255 4236 1330 4314 Dei,

193 4325 259 4384 sive
281 4323 410 4384 illarum
427 4325 651 4404 servientium,
666 4326 704 4407 ¹in
728 4325 876 4388 omnibus
892 4335 1115 4402 conservetur,
1137 4333 1167 4386 et
1195 4330 1231 4404 ut
1250 4341 1332 4383 mer-
