2958 4986
256 343 390 404 sonu.
499 331 636 405 neuun
656 341 896 404 iunncouuu
991 348 1064 405 sos.
1212 329 1284 408 183

345 479 395 548 Πε
411 485 476 546 illis
493 489 548 570 qui
564 483 610 547 ad
621 485 774 568 placitum
790 485 918 550 banniri
942 486 1067 550 debent.

227 591 299 652 XX.
342 593 386 652 ut
406 591 516 657 nullus
532 591 572 652 od
592 591 749 674 placitum
777 593 956 656 banniatur
984 596 1046 658 nisi
1078 600 1136 682 qui
1158 625 1287 666 cansam

142 695 237 736 suzim
259 674 397 756 quaerit,
426 685 481 736 aut
508 675 534 736 si
561 675 645 736 alter
658 673 688 736 ei
703 689 860 755 quaerere
878 677 992 749 dehet;
1014 685 1158 768 exeeptis
1174 687 1286 760 Suebi.

145 757 212 822 uiis
225 767 359 842 septem,
377 757 435 842 qui
453 758 493 820 ad
515 758 623 818 omnia
639 757 759 840 placito
781 779 927 840 praeesse
945 761 1076 826 dehent.

541 865 589 925 De
614 862 713 944 salsis
742 866 883 927 testibus.

173 1057 179 1070 Ι
229 973 316 1038 XXI.
358 971 408 1038 De
437 970 528 1036 loisis
553 969 950 1060 testibus'iqquireudum
972 985 1033 1058 est,
1057 985 1183 1048 utnon
1208 981 1290 1046 reci.

145 1063 290 1142 Planum
417 1138 467 1200 De
483 1159 547 1199 non
561 1135 700 1198 iurando
720 1156 782 1220 pet
799 1141 900 1204 vitam
916 1140 1019 1222 Regis.

172 1327 179 1342 ·
233 1246 336 1342 XXII.
379 1247 422 1307 Ut
443 1244 553 1309 nullus
572 1254 755 1328 praesumat
775 1248 947 1332 pervitam
967 1251 1064 1336 Regis
1094 1261 1128 1322 et
1145 1253 1289 1316 liliorum

149 1351 220 1396 sius
239 1349 357 1392 iurare.
662 1361 665 1370 ,

374 1411 424 1470 De
442 1409 625 1472 Saxonibus
649 1413 705 1492 qui
723 1433 842 1477 uxores
857 1435 921 1476 non
937 1415 1063 1480 taleni.

234 1519 355 1590 XXIII.
397 1519 446 1582 De
464 1516 529 1580 illis
547 1519 730 1585 saxonibus
746 1520 805 1606 qui
822 1541 940 1586 uxores
959 1545 1023 1586 non
1041 1521 1172 1592 habeut.

409 1624 458 1686 De
478 1625 609 1704 signatis
627 1628 684 1710 qni
700 1626 880 1695 mentiendo
898 1629 1031 1693 vadunt.

235 1732 354 1796 mv.
395 1731 445 1793 De
461 1731 594 1815 signatis
608 1733 667 1816 qui
686 1733 876 1798 mentiendo
902 1738 1034 1802 vadunt.

405 1839 448 1909 Ut
464 1841 560 1902 Missi
577 1840 739 1904 adducant
753 1841 865 1908 breves
884 1841 925 1906 de
949 1865 1055 1930 opere.

234 1947 336 2012 XXV.
379 1949 423 2010 Ut
444 1946 533 2010 Missi
557 1947 660 2012 nostri
680 1947 738 2030 qui
759 1948 824 2022 iam
837 1947 952 2014 breves
969 1941 1163 2022 detulenunt
1180 1953 1221 2018 ds
1233 1977 1293 2018 sn-

153 2031 373 2110 nuntiatione,
398 2031 547 2094 volumus
568 2039 605 2092 ut
620 2030 726 2096 adhue
740 2030 903 2098 adducant
917 2036 958 2098 ds
974 2058 1083 2121 opere.

197 2146 247 2206 De
269 2167 361 2212 soora
381 2145 555 2206 Missorum
569 2143 803 2207 dominicorum
824 2146 860 2206 in
876 2145 956 2208 locis
980 2165 1056 2206 suas
1074 2145 1251 2226 legationis.

236 2253 355 2315 XXVI.
398 2253 562 2331 Quantam
575 2271 698 2314 moram
714 2252 836 2325 fasiant
862 2251 896 2322 iu
924 2272 1124 2336 unoquoque
1155 2255 1240 2337 loco,
1261 2267 1294 2322 ot

153 2342 237 2418 quot
262 2335 412 2397 homines
426 2357 537 2398 secum
552 2335 704 2402 habeant.

381 2441 430 2503 De
444 2439 618 2526 prescientia
638 2455 669 2508 es
682 2441 1062 2526 constantialMissorum.

215 2549 353 2616 XXVII.
396 2551 445 2613 De
466 2548 639 2632 prudentia
654 2558 687 2612 et
702 2551 885 2612 constantia
903 2549 1076 2620 Missorum
1098 2560 1293 2634 nostrorum.

522 2658 572 2720 De
583 2658 683 2742 salsis
697 2659 892 2729 monetariis.

213 2763 366 2830 XXVIII.
407 2766 457 2827 De
480 2764 569 2826 salsis
592 2765 779 2832 monetariis
800 2763 1039 2852 requirendum
1057 2771 1115 2826 est.

256 2871 305 2930 De
319 2870 462 2949 generali
482 2871 603 2956 placito
621 2870 667 2934 ad
688 2872 885 2952 Mogontiam
901 2873 969 2942 sios
988 2869 1192 2940 Cabillonem.

233 2974 355 3038 XXIX.
396 2975 431 3038 Si
450 2977 532 3044 eliae
552 2999 603 3040 res
617 2978 755 3048 fortuito
783 2999 849 3049 non
874 2977 1197 3061 praeoccupaverint,
1223 3001 1294 3040 vui.

149 3059 343 3137 Kallulios,
354 3059 387 3120 id
404 3068 452 3122 est
466 3059 562 3122 Missa
581 3060 684 3124 sancti
695 3059 1030 3144 IohannisBaptistne,
1049 3059 1090 3120 ad
1098 3062 1297 3144 Magonem

134 3138 219 3210 ¹sive
243 3141 449 3204 cabillonem
467 3143 617 3225 generale
637 3144 796 3228 placitum
813 3152 960 3216 nostrum
988 3141 1109 3206 habere
1134 3145 1293 3206 volumus.

233 3251 301 3311 Hoc
327 3251 391 3312 fuit
417 3252 527 3312 datum
553 3251 594 3312 ad
613 3251 716 3336 Aquis
732 3251 767 3312 in
791 3251 887 3313 tertio
909 3271 995 3311 anno
1017 3249 1146 3332 imperii
1174 3253 1295 3326 Domni

150 3333 264 3401 Kuroli
279 3333 426 3418 Augusti,
445 3335 576 3426 quando
594 3336 744 3430 Synodus
774 3334 819 3395 ibi
833 3355 948 3416 magna
961 3333 1035 3402 fuit.
1056 3342 1089 3419 a)

533 3501 629 3576 Alia
659 3503 847 3600 Capitale.
875 3501 914 3598 b)

231 3624 259 3684 1.
301 3625 468 3688 Teloneus
489 3635 546 3696 ant
566 3649 683 3690 census
701 3649 767 3688 non
788 3625 939 3707 exigatur·
955 3625 973 3684 l
992 3622 1142 3708 quolibet
1158 3625 1214 3696 uhi
1232 3647 1293 3693 noc

152 3728 267 3796 aquom
289 3709 417 3790 navigio
435 3719 491 3770 aut
511 3709 901 3793 pontemtranseundum
926 3729 991 3766 non
1013 3717 1071 3772 ost.

233 3791 276 3850 II.
317 3791 365 3860 Et,
376 3791 438 3852 hoc
454 3793 547 3858 nohis
562 3793 834 3876 pnaoeipiendum
848 3798 908 3868 est,
923 3797 959 3850 ut
980 3791 1172 3872 quicunque
1188 3789 1222 3862 in
1233 3789 1291 3854 do-

70 3885 77 3892 ·
153 3872 304 3955 nonegio
329 3875 470 3936 caballos
489 3875 678 3954 detulerint,
706 3875 740 3935 in
760 3883 1024 3956 unumquemque
1050 3883 1144 3942 suum
1173 3895 1292 3936 nomen
1349 3945 1358 3960 .

150 3953 293 4024 habeant
313 3957 477 4039 scriptum.
519 3958 679 4020 Similiter
695 3968 727 4019 et
748 3959 783 4018 in
804 3957 994 4024 vestimenta
1021 3956 1271 4022 Abbatissorum.

234 4039 294 4101 III.
335 4041 379 4100 Et
391 4041 453 4104 hoo
476 4042 569 4104 nobis
584 4041 852 4126 praecipiendum
879 4049 939 4118 est,
964 4047 1002 4102 ut
1023 4039 1213 4123 ubicunque
1238 4039 1294 4105 in-

188 4243 218 4312 a)
237 4245 311 4312 Haec
332 4237 436 4314 epilogo
465 4245 494 4296 in
512 4245 620 4306 dnobus
638 4255 699 4302 tauv
784 4242 813 4317 b)
831 4245 864 4297 In
881 4243 1011 4316 quibusd.
1031 4241 1117 4298 codd.
1145 4261 1205 4298 mss?-
1231 4252 1294 4316 post

224 4325 284 4370 unu
303 4315 389 4374 Codd.
407 4333 467 4372 mss.
486 4317 592 4384 legioni.
818 4316 954 4389 superiosa
972 4316 1066 4376 addita
1088 4317 1275 4380 Inveniuntur.
