2958 4986
328 369 471 430 acan
577 313 973 426 anonnanmconnn
1022 327 1027 336 ’
1075 358 1138 426 aso.
1245 343 1315 422 117

304 514 361 577 De
379 513 567 597 purgatione
587 523 619 572 et
639 511 897 573 reconciliatione
920 508 1013 570 Petri
1030 503 1192 592 Episcopi.

260 617 334 681 Vll.
367 617 548 680 Definitum
567 625 615 678 est
630 614 728 678 etiam
742 615 782 677 ab
798 615 915 679 codem
929 616 1057 677 Domno
1076 617 1184 696 Rege,
1211 613 1280 680 sive
1298 614 1316 674 i

178 710 289 766 sancta
304 684 448 784 Sybodo,
467 701 642 762 ut'Petrus
656 699 837 784 Episcopus
854 707 1038 763 contestans
1061 718 1170 758 coram
1190 701 1262 760 Deo
1285 706 1317 758 et

178 783 304 868 angelis
326 783 397 846 cius
417 784 540 844 iuraret
558 804 633 845 cum
653 782 780 844 duobus
802 791 858 844 aut
877 781 983 844 tribus
1001 781 1085 843 sicut
1105 781 1318 848 sacrationem

178 866 332 950 suscepit,
351 877 407 928 ant
423 867 510 929 certe
530 887 605 928 cum
618 887 677 928 suo
695 865 967 949 Arcbiepiscopc,
988 864 1079 946 qnod
1099 864 1156 926 ille
1174 864 1208 925 in
1228 885 1317 925 mor-

178 958 245 1011 tem
256 949 359 1032 Regis
371 950 438 1013 sive
454 949 488 1010 in
504 971 641 1033 regnum
665 948 734 1014 eins
754 969 821 1010 non
839 947 1052 1026 consiliasset,
1074 968 1136 1010 uec
1150 947 1182 1010 ei
1203 947 1318 1008 infide·

177 1032 219 1094 lis
233 1031 356 1093 fuisset.
398 1032 466 1112 Qui
482 1033 673 1116 Episcopus,
701 1031 779 1094 dum
799 1053 874 1094 cum
889 1030 1008 1114 quibus
1029 1030 1151 1094 iuraret
1173 1051 1239 1092 non
1263 1029 1318 1090 in·

178 1114 337 1193 venisset,
368 1115 467 1198 elegit
484 1115 546 1178 sibi
565 1115 632 1198 ipse
654 1123 691 1176 ut
708 1132 785 1177 snus
800 1113 898 1175 homo
918 1114 959 1176 ad
979 1113 1042 1176 Dei
1058 1113 1217 1176 iudicium
1242 1112 1316 1191 iret,

178 1205 213 1259 et
230 1195 287 1258 ille
304 1199 477 1260 testaretur
495 1200 615 1281 absque
633 1197 783 1280 reliquiis
800 1207 833 1260 et
850 1197 971 1280 absque
992 1197 1111 1262 sanetis
1127 1194 1316 1280 evangeliis,

177 1280 381 1344 solummodo
402 1303 510 1343 coram
524 1284 614 1370 Deo,
643 1281 733 1363 quod
752 1280 809 1342 ille
831 1281 989 1342 innocens
1010 1279 1129 1342 exinde
1148 1288 1249 1356 esset,
1284 1287 1318 1340 et

177 1363 358 1425 secundism
372 1364 443 1427 eins
461 1364 684 1427 innocentiam
697 1365 786 1426 Deus
800 1361 969 1426 adiuvaret
987 1362 1082 1424 illum
1101 1385 1197 1426 suum
1208 1360 1318 1424 bomi-

178 1467 273 1524 nem,
301 1446 360 1528 qui
379 1448 420 1510 ad
442 1446 527 1510 illud
555 1447 714 1508 iudicium
736 1446 883 1508 exiturus
904 1455 982 1508 erat.
1030 1448 1073 1508 Et
1087 1447 1190 1508 exivit
1207 1454 1315 1506 tamen

178 1528 249 1591 eius
270 1527 367 1592 homo
386 1530 427 1592 ad
452 1529 609 1610 iudicium
626 1529 708 1607 Dei,
738 1551 845 1612 neque
865 1551 925 1613 per
944 1529 1041 1612 Regis
1063 1527 1315 1604 ordinationem,

177 1631 287 1694 neque
303 1633 363 1696 per
383 1622 512 1675 sanctae
526 1612 643 1698 synodi
664 1634 844 1691 censuram,
869 1612 927 1675 sed
942 1613 1118 1694 spontanei
1136 1613 1316 1674 voluntate.

177 1695 245 1770 Qui
261 1695 357 1754 ctiam
375 1695 393 1756 i
411 1695 554 1757 Domino
574 1696 742 1774 liberatus,
761 1695 900 1758 idoneus
920 1695 1033 1758 exivit.
1075 1693 1258 1757 Clementia
1272 1703 1317 1754 ta·-

175 1796 252 1836 men
273 1777 370 1860 Regis
390 1778 494 1839 nostri
505 1781 651 1862 praefato
668 1779 831 1862 Episcopo
849 1779 985 1862 gratiam
1006 1800 1096 1840 suam
1113 1776 1265 1851 contulit,
1284 1785 1317 1835 ct

175 1857 321 1942 pristinis
338 1859 517 1922 honoribus
536 1883 611 1922 eum
629 1861 755 1940 ditavit,
780 1881 842 1923 nec
857 1883 966 1946 passus
984 1882 1059 1923 eum
1073 1882 1140 1922 esse
1164 1860 1234 1921 sine
1253 1859 1316 1919 ho-

178 1963 258 2038 nore
279 1963 379 2024 quem
400 1944 568 2028 prospexit
589 1945 630 2007 de
654 1943 831 2029 composito
858 1944 994 2008 crimine
1022 1941 1106 2005 nihil
1135 1943 1218 2005 malis
1244 1962 1316 2003 me·
1340 1963 1342 1970 ·

143 2077 147 2084 .
176 2045 292 2090 ruisse.

201 2131 371 2196 Gncrbodo
391 2135 530 2196 incertae
553 2134 767 2202 ordinationis
787 2134 948 2224 Episcopo
968 2132 1107 2213 dignitus
1134 2133 1293 2211 abrogato.

261 2241 350 2304 VllI.
383 2241 563 2304 Definitum
581 2251 629 2304 est
643 2243 776 2325 quidem
791 2243 809 2303 i
823 2243 952 2304 Domno
964 2241 1064 2323 Rege,
1089 2247 1121 2300 et
1131 2246 1240 2300 sancta
1254 2237 1316 2320 Sy-

179 2321 267 2384 nodo
286 2345 353 2386 esse
376 2324 579 2404 dinoscitur,
605 2335 642 2386 ut
658 2325 864 2404 Gaerbodus,
893 2323 950 2407 qui
972 2343 1006 2385 se
1028 2323 1227 2407 Episcopum
1247 2340 1316 2381 esse

179 2404 326 2485 dicebat,
356 2415 389 2468 et
410 2429 486 2468 suae
510 2407 724 2470 ordinationis
745 2418 841 2470 testes
864 2427 930 2468 non
952 2405 1087 2484 habuit,
1123 2403 1183 2487 qui
1206 2413 1314 2464 tamen

178 2487 376 2572 episcopalia
404 2490 423 2550 i
452 2491 630 2574 Magnardo
652 2491 903 2575 metropolitano
929 2489 1091 2574 Episcopo
1122 2496 1316 2550 consecutus

179 2578 238 2648 est,
259 2572 316 2654 qai
338 2573 434 2634 etiam
444 2575 607 2655 professus
629 2584 677 2636 est
697 2576 880 2636 Diaconum
894 2581 926 2632 et
944 2572 1173 2656 Presbyterum
1190 2591 1254 2631 non
1270 2589 1317 2630 sc·

179 2655 325 2716 cundiam
346 2655 535 2718 canonicam
556 2657 795 2720 ordinationem
815 2656 1110 2733 ordinatum-csse,
1140 2663 1177 2714 ut
1201 2653 1240 2713 ab
1258 2674 1315 2713 eo-

179 2735 255 2797 dem
269 2739 371 2822 gradu
393 2739 595 2824 episcopatis
617 2762 715 2822 quem
733 2763 767 2802 se
786 2739 905 2802 babere
928 2738 1073 2814 dicebat,
1096 2737 1317 2818 deponeretur

178 2818 198 2878 b
230 2822 397 2917 praedicto
435 2821 687 2906 Metropolitano
713 2823 782 2889 sive
818 2823 838 2884 i
863 2819 1191 2906 comprovincialibus
1219 2816 1314 2901 Epis-

180 2922 281 2985 copas.

239 3007 281 3070 Ut
294 3005 456 3074 'Monochi
472 3011 492 3071 d
514 3011 707 3075 secularibus
727 3015 862 3094 negotiis
885 3025 915 3076 ct
929 3013 1058 3099 placitis
1076 3007 1263 3072 obstineant.

262 3115 319 3178 lx.
349 3119 392 3179 Ut
417 3115 570 3182 Monachi
590 3117 631 3180 ad
656 3119 815 3181 secularia
845 3113 975 3204 negotia
1002 3114 1172 3201 nequead
1197 3111 1317 3197 placita

179 3201 362 3344 {perpenda
383 3225 450 3266 non
468 3211 601 3276 exeaut;
624 3201 688 3264 nisi
711 3205 757 3264 ita
769 3203 889 3266 saciant
901 3203 985 3266 sicut
1003 3201 1072 3286 ipsu
1092 3197 1206 3282 regula
1226 3216 1318 3280 prae-

219 3305 277 3366 ps.

185 3389 228 3452 ln
255 3394 391 3470 reclusi,
420 3397 485 3458 nisi
513 3419 557 3460 esc
583 3396 740 3483 Episcopi
765 3409 797 3458 et
823 3364 954 3460 Abbatis
973 3391 1219 3480 approbatione,
1241 3392 1316 3446 inon

263 3561 303 3620 X.
331 3563 375 3622 Ut
389 3562 510 3625 reclusi
528 3585 595 3626 non
617 3477 873 3645 fiant'ldiditonos
890 3558 963 3619 anti
980 3557 1161 3639 Episcopus
1180 3552 1316 3636 provin-

182 3637 252 3737 ciae
267 3643 487 3739 atqueAbbas
511 3645 802 3731 comprobaverint,
824 3653 856 3704 et
876 3641 1055 3704 secundiam
1074 3659 1188 3700 eorum
1208 3635 1317 3719 dispo-

180 3729 333 3786 sitionem
346 3748 382 3787 1n
402 3729 596 3791 reclusionis
617 3730 690 3791 loco
710 3727 945 3812 ingrediantur.

408 3835 453 3898 Ut
468 3839 572 3900 Attus
595 3859 666 3900 cnm
682 3841 746 3900 suis
770 3837 909 3898 dormiat
925 3831 1102 3893 Monocbis.

264 3941 321 4004 Xl.
351 3945 396 4007 Ut
408 3947 513 4009 Abhas
528 3969 603 4010 cum
616 3946 683 4009 suis
699 3944 837 4007 dormiat
847 3936 1015 4004 Monachis
1033 3931 1213 3999 secunddm
1227 3949 1321 4013 regu·

180 4021 363 4089 lamsuncti
377 4029 556 4093 Benedicti.
984 4041 989 4050 '

349 4119 492 4198 Ceilnrii¹
509 4139 544 4198 in
566 4109 765 4198 monasteriis
787 4131 894 4215 quoles
917 4127 1055 4211 eligendi
1081 4125 1155 4186 sint.

263 4239 335 4302 Xll.
360 4243 404 4303 Ut
423 4244 557 4306 Cellarii
580 4245 613 4304 in
636 4239 840 4304 monasteriis
861 4237 948 4300 avari
972 4257 1038 4298 non
1061 4233 1241 4316 eligantur,
1264 4224 1321 4289 sed

181 4318 265 4390 tates
282 4325 465 4432 electiusint
486 4328 598 4412 quales
623 4326 737 4410 regula
757 4321 858 4386 sancti
875 4318 1044 4388 Benedicti
1055 4319 1168 4404 :aocet
