2920 4972
200 356 250 427 50
425 373 462 432 Α
481 373 567 430 cua.
673 363 929 434 σιιιτιιιιιιιι
1033 377 1098 438 ιιι
1162 387 1166 394 ·

200 509 395 606 coniugium.
438 510 498 572 lile
517 511 610 575 cuius
639 534 722 576 uxor
744 514 828 594 fuit,
857 516 885 578 si
910 513 1001 594 vuit,
1025 521 1216 599 potestatem
1233 509 1330 576 habet

200 589 344 676 occipere
360 593 465 655 aliam.

279 701 328 759 De
344 722 380 761 eo
398 703 481 786 qui
470 725 490 760 a
508 701 697 780 Presbytero
716 725 780 767 non
803 705 958 790 baptizato
975 654 1149 788 baptizatus
1162 715 1225 770 est.

280 805 339 866 ΙΧ.
383 809 417 868 Si
439 807 511 904 quis
530 809 708 890 baptizatus
722 821 769 872 est
784 812 801 871 i
814 811 1005 894 Presbytero
1022 832 1087 872 nou
1107 808 1281 892 baptizato,
1296 820 1329 872 ct

198 897 290 950 aucta
309 890 478 951 Trinitas
471 914 503 950 m
527 891 595 972 ipso
608 892 792 974 baptismo
783 905 927 955 invocata
943 895 1042 954 fuerit
1042 893 1247 977 ,baptizatus
1268 903 1328 970 est,

198 974 280 1033 sicut
301 974 430 1055 Sergius
443 977 528 1054 Papa
548 974 630 1034 dixit
648 984 702 1047 w)
726 977 931 1057 impositione
946 941 1052 1039 temeti
1071 997 1225 1036 manuum
1232 975 1328 1056 Epis-

199 1079 270 1134 copi
263 1055 426 1152 ¹indiget:
451 1059 609 1139 Georgius
628 1059 807 1144 Episcopus
828 1063 990 1122 Romanus
1019 1069 1052 1121 et
1078 1059 1237 1124 iohannes
1268 1060 1328 1120 Sa-

199 1139 387 1198 cellarius
363 1161 409 1201 sic
430 1154 611 1204 senserunt.

238 1247 288 1304 De
307 1260 400 1332 patre
421 1267 474 1330 qut
469 1247 566 1332 filii
588 1250 638 1308 sui
664 1271 810 1333 sponsam
831 1247 1005 1346 oppressit,
1027 1259 1058 1308 et
1071 1245 1286 1332 posteofilius

571 1383 574 1394 .
628 1333 728 1416 ipsam
747 1335 877 1415 aceepit.

281 1435 321 1494 X.
364 1434 398 1495 Si
420 1445 509 1517 pater
533 1459 713 1534 sponsamr
695 1439 753 1498 filii
769 1439 818 1500 sui
838 1437 1043 1522 oppresserit,
1064 1445 1097 1498 et
1116 1445 1225 1520 postea
1241 1433 1327 1496 iilius

197 1539 243 1599 ps
237 1539 284 1575 ιιιι
303 1519 473 1599 acceperit,
496 1530 586 1600 puter
606 1519 674 1584 eius
693 1532 802 1622 postea
819 1543 884 1582 non
904 1519 1021 1582 habeat
1038 1541 1172 1580 uxorem
1200 1527 1234 1580 et
1258 1518 1326 1599 ipsa

198 1599 317 1660 semina
338 1623 402 1661 non
422 1601 582 1662 haheat'
551 1627 667 1680 virum,
685 1605 761 1687 quia
779 1613 843 1665 nou
865 1605 947 1666 dixit
957 1603 1046 1699 quod
1060 1611 1114 1682 put
1116 1623 1151 1662 er
1169 1601 1237 1662 eius
1253 1621 1329 1660 eum

199 1682 265 1762 ipsa
286 1685 467 1756 mansisset,
492 1686 577 1747 filius
601 1709 679 1750 vero
705 1689 773 1750 eius
802 1685 860 1770 qui
886 1685 1034 1750 nesciens
1060 1684 1157 1763 fecit,
1187 1681 1326 1764 accipiat

199 1765 368 1827 mulierem
384 1733 571 1850 legitimam

206 1895 248 1958 Ut
269 1899 498 1980 quoquomodo
517 1901 630 1960 mulier
648 1923 680 1961 ve
682 1901 747 1962 lum
763 1913 871 1986 sponte
900 1901 1072 1984 acceperit,
1096 1919 1158 1959 non
1179 1895 1329 1958 dimittat.

281 2002 341 2064 XI
385 2005 421 2064 in
452 2005 670 2088 qualicunque
691 2009 785 2070 modo
811 2007 930 2066 mulier
945 2007 1055 2066 velum
1070 2014 1214 2065 sanctum
1234 2025 1329 2065 acce-

200 2087 285 2170 perit
301 2099 414 2169 sponte
435 2089 468 2148 in
491 2107 528 2150 eo
541 2101 740 2173 permaneat,
763 2112 824 2151 uec
839 2089 984 2150 dimittat.
1013 2089 1253 2149 Consenserunt
1265 2089 1329 2148 Ge'·

200 2171 311 2253 orgius
325 2180 364 2244 cr)
376 2172 554 2255 Episcopus
573 2175 734 2235 Romanus
755 2184 787 2235 et
800 2173 959 2278 ΙοΙιιιιιιιιιι
975 2170 1176 2232 sacellarius.
1216 2233 1218 2239 ,

177 2299 179 2306 '
219 2300 320 2389 Depo
352 2324 405 2383 qur
401 2303 596 2386 filiastrum
617 2304 724 2366 oei
675 2303 736 2390 fi
723 2319 861 2366 rastrum
865 2316 935 2364 aute
957 2271 1147 2386 Episcopum
1165 2303 1308 2370 tenuerit.

281 2409 360 2470 XII
403 2409 438 2468 Si
453 2411 530 2490 quis
547 2411 713 2472 filiastrum
729 2421 784 2472 aut
802 2411 963 2472 filiastrum
979 2431 1068 2472 suam
1096 2417 1169 2470 aute
1189 2409 1324 2490 Episco-

200 2513 277 2574 pum
291 2492 330 2551 ad
345 2493 619 2556 confirmationem
637 2494 795 2570 tenuerit
817 2504 983 2590 separetur
1010 2492 1048 2550 ab
1069 2513 1169 2552 uxore
1198 2513 1270 2565 sua,
1293 2500 1327 2550 et

201 2576 333 2635 aiteram
358 2597 423 2634 non
441 2577 586 2673 accipiat.
628 2576 785 2640 Similiter
787 2541 919 2638 'femina
940 2575 1077 2636 aiterum
1095 2596 1161 2636 non
1180 2573 1325 2657 accipiat

200 2657 357 2740 Georgius
382 2659 552 2720 consensit.

199 2785 240 2847 Si
263 2788 333 2876 quis
359 2788 518 2866 coniugem
547 2787 719 2861 dimiserit,
748 2800 779 2849 et
799 2787 1019 2849 monasterium
1039 2785 1165 2868 ingredi
1192 2799 1247 2847 out
1274 2807 1328 2848 ve-

619 2872 681 2932 lari
697 2873 885 2956 permiserit.

207 3033 208 3036 ,
281 2973 377 3042 ΧΙΙΙ.
420 2975 452 3038 Si
479 2975 561 3071 quis
573 2975 624 3036 vir
644 2977 814 3038 mulierem
836 2997 924 3038 suam
945 2975 1111 3050 dimiserit,
1140 2984 1173 3037 et
1199 2975 1328 3038 dederit

201 3069 410 3122 commeatum
424 3082 483 3140 pro
503 3057 668 3139 religionis
689 3081 781 3120 causa
808 3060 892 3120 infra
914 3060 1144 3122 monasterium
1161 3059 1231 3119 Deo
1256 3081 1326 3120 ser-

200 3140 282 3214 vire,
300 3151 353 3200 aut
371 3143 454 3203 foras
472 3143 696 3202 monasterium
717 3143 843 3202 dederit
859 3141 1021 3202 licentiam
1038 3142 1157 3215 velare,
1171 3141 1256 3201 sicut
1273 3141 1327 3201 di-

202 3222 316 3293 ximus,
334 3234 464 3304 propter
485 3227 599 3300 Deum,
625 3225 675 3286 vir
693 3225 780 3284 illius
797 3223 931 3306 accipiat
953 3222 1325 3305 mulieremiegitimam.
1364 3285 1366 3288 ,

204 3304 362 3366 Similiter
379 3316 411 3368 et
427 3307 544 3366 mulier
561 3306 664 3372 saciat
707 3308 863 3389 Georgius
885 3305 1056 3408 consensit.

365 3437 465 3495 De'i
440 3457 449 3494 ι
465 3435 495 3494 lo
516 3435 570 3517 qui
582 3456 652 3494 cum
685 3449 782 3496 matre
800 3447 830 3496 et
837 3436 917 3518 filiu
936 3402 1114 3496 moechatus
1131 3448 1185 3498 est.

282 3539 374 3601 XIV.
417 3540 450 3602 Si
467 3540 538 3622 quis
558 3562 630 3600 cum
646 3549 744 3601 matre
760 3550 791 3600 et
812 3541 876 3600 iiiia
892 3541 924 3602 in
947 3541 1105 3602 adulterio
1119 3541 1244 3620 mansit,
1255 3565 1328 3602 nes-

201 3622 307 3684 ciente
332 3633 430 3683 matre
452 3623 537 3703 quod
560 3645 633 3682 cum
658 3623 723 3682 filia
749 3647 805 3684 sua
830 3625 1005 3696 mansisset,
1032 3624 1182 3686 similiter
1206 3635 1237 3684 et
1261 3625 1327 3684 iiiia

201 3707 338 3766 nescivit
352 3705 439 3786 quod
457 3727 530 3764 eum
549 3715 646 3764 matre
662 3728 717 3766 sua
735 3716 826 3782 esset,
848 3717 957 3787 postea
973 3707 1028 3766 iile
1045 3707 1095 3766 vir
1116 3707 1142 3766 si
1165 3708 1328 3786 acceperit

171 3783 173 3790 ’
200 3791 382 3865 mulierem,
411 3787 558 3862 dimittat,
579 3810 680 3868 usque
707 3788 740 3846 in
770 3789 984 3864 diem-mortis
1012 3811 1086 3849 suae
1116 3810 1179 3848 non
1210 3789 1329 3850 haheat

201 3893 346 3947 uxorem,
365 3881 397 3930 et
411 3872 467 3930 iiia
484 3871 602 3929 mulier
618 3893 713 3950 quam
729 3871 909 3950 reliquerit,
929 3869 1063 3952 accipiet
1079 3871 1201 3942 virum3
1224 3882 1256 3932 et
1270 3871 1329 3930 ilia

201 3963 348 4014 meteret
367 3953 443 4031 lilia,
465 3973 539 4012 cum
558 3952 673 4034 quibus
690 3954 723 4012 in
746 3953 904 4014 adulterio
929 3953 1054 4030 mansit,
1075 3953 1225 4015 ambabus
1251 3975 1328 4014 nes·

359 4093 360 4101 ι

202 4110 311 4122 ..ι-..ιι-
315 4109 427 4120 ..ι-..ι-

146 4245 148 4248 ,
236 4183 271 4254 w)
290 4185 440 4245 Sequentia
456 4184 572 4236 desunt
565 4205 593 4236 m
605 4193 659 4238 u'no
673 4187 738 4238 Cori
819 4163 857 4256 ἰ)
876 4189 953 4241 Idem
975 4155 1044 4242 eod.
1075 4188 1191 4244 Meteus.
1212 4185 1281 4246 heic¹
1299 4194 1328 4238 et

289 4255 390 4306 eadm
404 4263 467 4306 sunt
485 4273 516 4305 ex
543 4257 660 4327 Capitol.
681 4257 740 4310 Lib.
873 4259 969 4312 inirac
1001 4260 1038 4314 ιδ.
1060 4259 1143 4327 legit:
1163 4259 1274 4312 Lorius.

286 4327 318 4378 V.
338 4325 400 4382 ce
418 4324 465 4376 ubi
482 4335 593 4384 extent
1038 4367 1044 4378 .
1275 4371 1278 4376 .
