2958 4986
273 314 416 374 ncna.
525 301 916 378 naounraaucoaun
1024 311 1086 374 tot.
1183 295 1253 368 127

102 481 223 524 omnes
244 467 426 522 statuerunt
445 465 476 518 ct
501 456 749 540 aptificaverunt
774 464 808 516 nt
827 455 972 520 Saxones
996 453 1149 516 similiter·
1169 455 1257 518 sicut

105 557 142 608 ct
164 543 282 606 Franci
303 542 470 624 sexaginta
493 539 615 623 solidos
630 539 836 620 componant.

277 649 326 709 De
353 649 579 733 compositione
599 643 771 706 sccunddm
788 644 888 724 legem
910 644 1085 706 Somnum.
1124 695 1126 698 .

121 819 125 823 .
194 759 252 818 ΙΙΙ.
286 753 367 818 Item
384 753 508 837 placuit
525 753 865 820 omnibusSaxonibus
883 764 919 815 nt
937 754 1255 836 ubicunqneFranci

106 841 292 916 secundum
308 842 414 920 legem
427 837 547 902 solidos
565 839 737 900 duodecim
753 838 879 898 solvere
896 837 1027 918 debent,
1045 838 1088 901 ibi
1111 838 1255 898 nobilio·

108 948 165 986 res
184 926 328 985 Saxones
343 922 463 983 solidos
485 921 668 1001 duodecim,
687 921 823 1006 ingenui
847 920 1014 1004 quinque,
1046 921 1098 982 liti
1115 931 1256 1004 quatuor

110 1016 325 1092 componant.

108 1141 170 1202 De
188 1140 236 1198 bis
252 1141 308 1222 qui
322 1157 448 1201 causam
464 1135 638 1199 iudicatam
655 1149 796 1220 repetere
810 1147 1017 1220 praesumunt
1032 1137 1066 1198 in
1078 1138 1187 1222 patrio
1199 1149 1254 1198 oret

507 1225 541 1282 in
557 1222 739 1304 praesentia
760 1221 862 1298 Regis.
1076 1251 1079 1256 ·

195 1327 252 1389 IV.
286 1329 355 1388 Hoc
380 1326 477 1390 etiam
495 1337 695 1405 statuerunt,
729 1337 765 1388 ut
786 1326 1023 1409 qualiscunque
1052 1348 1145 1390 causa
1171 1328 1258 1389 insra

107 1409 249 1493 patriam
266 1432 341 1471 cnm
358 1412 499 1494 propriis
522 1412 739 1474 vicinantibus
760 1406 925 1494 liacificata
948 1408 1065 1489 fuerit,
1095 1413 1140 1472 ibi
1159 1413 1255 1474 solito

107 1513 202 1554 more
221 1493 282 1576 ipsi
294 1515 449 1576 pagenses
462 1495 582 1557 solidos
601 1495 773 1556 duodecim
789 1515 849 1578 pro
868 1493 1067 1555 districtione
1084 1495 1254 1579 recipiant,

107 1585 144 1637 et
164 1597 225 1657 pro
248 1577 435 1658 vurrrgilda,
465 1599 549 1659 quae
573 1578 662 1638 iuxta
688 1577 959 1640 consuetudinem
978 1599 1091 1648 eorum
1108 1579 1257 1640 sotebant

106 1660 233 1738 facere,
249 1659 312 1720 hoc
327 1681 517 1721 concessum
531 1661 680 1722 habeant.
724 1659 757 1721 si
775 1669 883 1720 autem
897 1659 931 1718 in
949 1661 1129 1741 praesentia
1145 1661 1255 1722 Misso·

107 1763 186 1802 rum
203 1743 363 1824 regalium
379 1764 493 1804 causae
514 1743 665 1806 definitae
683 1743 818 1821 fuerint,
839 1765 899 1826 pro
913 1743 1062 1804 iamdicta
1082 1743 1256 1826 vuargilda

108 1825 346 1908 suprascriptos
368 1824 488 1888 solidos
513 1826 687 1888 duodecim
708 1827 769 1909 ipsi
789 1847 944 1909 pagenses
965 1826 1105 1888 babeant
1124 1848 1258 1888 conces·

107 1929 173 1968 sos.
215 1907 258 1968 Et
281 1930 341 1990 pro
363 1909 427 1970 hoe
447 1909 524 1991 quia
546 1909 661 1971 Missus
680 1911 797 1991 regalis
816 1930 855 1970 ex
872 1908 932 1969 bac
952 1928 989 1969 re
1010 1910 1160 1988 fatigatus
1184 1909 1255 1972 fue-

105 1988 166 2066 rit,
193 1989 272 2052 alios
290 1991 462 2054 duodecim
478 1993 597 2053 solidos
617 1993 693 2080 inde
710 1992 847 2076 recipiat
869 1992 908 2052 ad
928 2001 1050 2072 pentem
1070 1993 1176 2076 Regis.
1219 1993 1255 2053 si

108 2081 221 2132 autem
242 2073 310 2156 ipsa
330 2097 424 2136 causa
442 2075 484 2136 ad
502 2075 656 2158 palatium
673 2076 710 2135 in
728 2076 908 2158 praesentia
924 2073 1020 2155 Itegis
1039 2076 1078 2136 ad
1098 2075 1256 2136 definien-

110 2155 303 2217 dumfuerit
317 2157 486 2240 perducta,
506 2153 586 2218 tunc
604 2158 735 2240 utrique
753 2157 850 2220 solidi
865 2159 1048 2235 duodecim,
1063 2157 1096 2218 id
1115 2168 1173 2236 est,
1193 2179 1253 2240 pro

109 2238 293 2320 vnargilda,
321 2250 352 2300 et
373 2240 462 2322 quod
482 2241 600 2304 vicinis
624 2242 738 2303 debuit
757 2257 968 2322 componere,
996 2263 1035 2302 eo
1059 2241 1149 2322 quod
1168 2241 1255 2336 infra

110 2321 248 2404 patriam
270 2322 403 2384 definita
433 2323 516 2384 ratio
545 2346 611 2386 non
642 2325 764 2403 fuerit,
794 2325 835 2384 ad
860 2333 983 2404 partem
1010 2324 1107 2405 Regis
1133 2325 1255 2384 faciunt

114 2425 328 2486 componere,
358 2405 448 2488 quod
473 2407 538 2468 sint
561 2406 654 2468 solidi
677 2407 792 2491 viginti
820 2415 968 2488 quatuor.
1009 2407 1089 2468 Nam
1109 2405 1134 2468 si
1156 2405 1256 2467 fuerit

111 2485 233 2568 aliquis
255 2489 312 2570 qui
340 2488 375 2548 iu
399 2489 518 2572 patria,
551 2489 640 2552 iuxta
658 2491 748 2574 quod
769 2489 818 2554 sui
839 2487 1006 2552 convicini
1025 2489 1254 2567 iudicaverint,

110 2591 212 2650 seque
227 2571 397 2651 pacificare
421 2572 582 2650 noluerit,
604 2574 697 2635 etad
717 2573 872 2656 palatium
892 2595 951 2654 pro
976 2572 1074 2632 buius
1092 2572 1141 2633 rei
1159 2593 1256 2633 causa
1288 2643 1291 2650 ⁸

110 2652 253 2729 venerit,
269 2661 301 2714 et
317 2654 362 2716 ibi
383 2655 413 2714 ei
430 2655 532 2718 fuerit
546 2656 724 2717 iudicatum
741 2656 829 2738 qnod
851 2656 972 2716 iustum
993 2655 1151 2716 iudicium
1172 2655 1257 2718 iudi-

110 2744 256 2812 cassent,
287 2736 321 2796 in
342 2736 446 2820 prima
467 2739 559 2816 vice,
594 2748 628 2799 ut
647 2741 744 2823 suprd
763 2739 885 2800 dictum
908 2748 972 2816 est,
993 2738 1114 2800 solidos
1137 2736 1254 2820 viginti

110 2827 254 2898 quatuor
274 2819 315 2881 ad
332 2829 456 2902 partem
470 2821 566 2903 Regis
586 2831 766 2905 componat.
815 2821 858 2881 Et
878 2820 905 2882 si
924 2831 1003 2883 tunc
1026 2821 1102 2881 inde
1121 2821 1254 2894 rediens

111 2921 146 2962 se
165 2900 336 2982 pacificare
360 2911 393 2962 et
413 2901 568 2964 iustitiam
593 2906 700 2966 facere
720 2904 886 2982 renuerit,
912 2915 945 2965 et
969 2905 1095 2966 iternm'
1109 2925 1168 2986 pro
1194 2903 1255 2963 ista

113 3003 210 3044 causa
231 2983 271 3044 ad
288 2985 444 3066 palatium
461 2987 563 3047 fuerit
578 2997 774 3048 convocatas
792 2997 823 3048 et
839 2987 1054 3064 deiudicatus,
1070 2987 1119 3047 bis
1131 2985 1255 3067 ⁴nissimi

112 3075 256 3145 quatuor
275 3067 396 3129 solidos
420 3079 601 3152 componat.
644 3071 678 3131 si
701 3092 779 3130 vero
802 3070 942 3131 necdum
965 3079 1132 3152 correptus
1158 3068 1256 3128 tertia

112 3148 188 3208 vice
209 3169 268 3229 pro
282 3150 395 3212 eadem
408 3173 445 3212 re
467 3153 508 3213 ad
528 3151 684 3235 palatium
703 3152 915 3231 remeaverit,
943 3154 1074 3238 triplam
1093 3149 1253 3236 composi-

111 3231 238 3292 tionem
258 3231 378 3294 exinde
397 3234 496 3296 faciat
514 3235 555 3296 ad
573 3246 697 3319 partem
714 3235 820 3318 Regis.

425 3339 477 3402 De
496 3343 689 3403 mannitione
713 3341 759 3402 od
773 3343 938 3427 placitum.

197 3445 239 3508 V.
273 3443 308 3508 si
329 3447 402 3531 quis
416 3449 456 3511 de
481 3449 696 3512 nobilioribus
718 3449 759 3511 ad
784 3449 939 3532 placitum
955 3448 1116 3511 mannitus
1137 3448 1252 3512 venire

114 3530 363 3614 contempserit,
393 3533 513 3596 solidos
534 3543 675 3616 quatuor
691 3543 880 3617 componat,
910 3532 1046 3616 ingenui
1073 3533 1175 3609 duos,
1202 3531 1253 3593 liti

113 3633 229 3672 unum.
750 3659 753 3666 .

196 3719 246 3778 De
264 3724 491 3806 compositione
508 3745 614 3787 rerum
632 3744 711 3808 quac
728 3723 929 3799 Presbyteris
945 3721 1068 3785 oblatae
1088 3734 1170 3781 sunt.

218 3829 275 3890 VI.
296 3831 344 3890 De
366 3829 566 3912 Presbyteris
585 3837 766 3890 statuerunt
782 3828 870 3912 quod
893 3828 918 3890 si
935 3829 1061 3910 aliquid
1076 3829 1122 3890 eis
1137 3837 1191 3888 aut
1204 3827 1256 3891 eo-

112 3929 188 3970 rum
200 3909 387 3973 hominihus
407 3913 480 3995 quis
495 3912 694 3974 contrariam
711 3913 817 3973 facere
833 3921 887 3972 aut
902 3911 1018 3973 toliere
1035 3933 1256 3996 praesumpse-

112 3992 157 4052 rit
179 4003 293 4054 contra
317 3995 492 4074 iustitiam,
524 3996 631 4057 omnia
652 3995 684 4054 in
707 3995 843 4080 duplum
863 3995 1019 4078 'restituat
1045 3995 1091 4058 eis
1113 4003 1145 4056 et
1165 4017 1254 4056 com-

111 4085 223 4157 ponat.
351 4083 353 4090 '
670 4156 673 4160 ῃ
1177 4095 1179 4100 ’

339 4159 389 4220 De
410 4161 636 4245 compositione
663 4161 838 4220 Missornm
860 4161 1029 4250 regiorum.

199 4267 271 4329 VII.
303 4271 356 4363 ¹De
374 4268 479 4330 Missis
497 4267 593 4352 Regis
617 4276 800 4329 statuerunt
818 4276 854 4328 ut
875 4266 902 4329 si
932 4267 971 4327 ab
991 4268 1037 4330 cis
1061 4266 1179 4352 aliquis
1201 4268 1254 4331 in-
