2952 4988
212 325 286 401 286
447 339 593 400 acan.
701 339 960 402 certauimus
1061 343 1130 407 aaa.

212 493 269 558 De
294 485 434 550 diuersis
452 485 708 566 generationibus
728 483 890 546 lominum
904 485 1008 566 quiin
1029 485 1129 548 ltalia
1153 503 1371 552 commanent.

563 565 606 628 Et
624 567 665 628 de
682 581 766 628 statu
785 569 1000 648 ingenuitatis.

295 673 405 740 XVII.
446 673 496 735 De
515 673 651 736 diversis
672 671 935 756 generationibus
953 671 1123 735 homiuum
1141 677 1201 758 qui
1220 679 1255 738 iu
1271 657 1371 739 'ltalia

213 767 431 837 commanent,
452 757 601 818 volumus
624 765 660 817 ut
683 756 872 838 ubicunque
895 755 991 838 culpa
1011 759 1186 842 contigerit
1204 761 1299 823 uude
1313 763 1370 821 fai-

213 847 253 908 da
273 862 419 908 crescere
436 848 554 924 potest,
569 860 628 922 pro
643 839 862 900 satisfactione
873 838 1012 901 hominis
1027 841 1117 903 illius
1134 854 1250 904 contra
1268 868 1368 926 quem
1446 880 1449 889 ·

212 926 368 1014 culpavit,
383 923 565 988 secundum
585 921 687 1006 ipsius
702 921 808 1004 legem
822 921 876 983 cui
897 922 985 1004 uegli
1011 925 1132 984 entiam
1149 929 1366 1006 commiserit,
1459 957 1460 994 ι

213 1009 374 1074 emendet.
416 1009 466 1068 De
492 1015 667 1068 statuvero
688 1005 899 1087 ingenuitatis
917 1015 949 1066 et
979 945 1231 1090 relinquendis,
1261 1034 1366 1073 unus-

189 1107 192 1114 ’
212 1093 354 1180 quisque
372 1088 554 1152 secundum
571 1089 678 1172 legem
697 1109 787 1150 suam
803 1109 837 1149 se
858 1083 964 1171 ipsum
984 1087 1147 1152 defendat.
1170 1102 1202 1164 s)

356 1199 412 1262 De
433 1195 714 1280 compositionibus
732 1213 812 1278 quoe
826 1193 872 1256 ad
881 1195 1037 1279 palatium
1050 1201 1224 1281 pertinent.

297 1304 425 1372 XVIII.
466 1307 516 1366 De
539 1303 829 1386 compositionibus
851 1302 936 1386 quae
965 1305 1006 1366 ud
1032 1307 1189 1390 palatium
1214 1317 1365 1370 nostrum
1460 1335 1461 1372 ι

212 1391 393 1538 pertinent,
410 1389 437 1452 si
457 1389 572 1450 Comes
594 1387 695 1470 ipsam
714 1408 843 1450 causam
871 1389 1084 1450 commoverit
1114 1389 1155 1450 ad
1183 1392 1364 1472 requiren-
1460 1389 1461 1392 ’

236 1497 302 1553 um,
319 1473 409 1534 illurn
428 1470 556 1532 tertiam
574 1479 699 1554 purtem
716 1469 757 1530 ad
777 1491 891 1532 eorum
912 1471 1072 1553 recipiant
1089 1495 1181 1556 opus,
1201 1474 1287 1536 duas
1307 1497 1364 1536 ve·
1450 1489 1461 1506 '¹

211 1581 250 1620 ro
273 1557 313 1619 ad
334 1555 499 1640 palatium.
541 1553 583 1615 Et
599 1553 626 1614 si
649 1574 710 1636 per
723 1574 814 1613 suam
833 1553 1072 1636 neglegentiam
1095 1558 1307 1634 remanserit,
1333 1567 1365 1618 et
1460 1563 1461 1626 l

212 1640 330 1702 Missus
349 1637 532 1698 dominicae
556 1635 638 1734 ipsas
656 1657 766 1696 causas
789 1637 934 1720 coeperit
951 1638 1131 1721 requirere,
1156 1647 1240 1700 tunc
1266 1641 1363 1702 volu·
1428 1701 1432 1712 ,
1460 1637 1461 1642 '

212 1745 283 1784 mus
301 1729 339 1782 ut
358 1720 414 1783 ille
433 1721 548 1782 Comes
570 1720 660 1780 illam
679 1717 809 1779 tertiam
829 1729 955 1804 partem
975 1741 1042 1782 uon
1057 1719 1185 1801 habeat,
1205 1723 1266 1785 sed
1289 1745 1363 1785 cum
1457 1775 1461 1795 ,

213 1804 401 1890 integritate
420 1803 454 1864 iu
474 1801 595 1887 palatio
612 1801 731 1864 veniat.

413 1913 469 1975 De
487 1910 687 1972 monasteriis
709 1921 740 1970 et
759 1909 971 1974 xenodochiis
986 1914 1153 1993 regalibus.

294 2017 390 2082 XIX.
431 2021 481 2081 De
497 2017 701 2080 monasteriis
720 2027 753 2079 et
780 2019 992 2081 xenodochiis
1013 2041 1095 2102 quae
1124 2041 1185 2102 per
1215 2019 1363 2082 diversos

214 2103 356 2165 Comites
377 2123 446 2164 esse
467 2101 634 2180 videntur,
650 2109 687 2161 ut
705 2101 826 2184 regalia
842 2101 922 2174 siut;
946 2111 979 2162 et
991 2103 1235 2188 quicunques)
1246 2126 1284 2166 eu
1302 2103 1362 2164 ha-

213 2187 291 2250 bere
314 2185 467 2264 voluerit,
486 2205 547 2270 per
565 2183 763 2245 heneficium
780 2185 901 2246 Domni
918 2185 1013 2268 Regis
1034 2187 1160 2248 haheat.
1188 2189 1199 2202 ⁵

601 2293 657 2354 De
676 2291 768 2354 rebus
783 2291 950 2374 forfactis.

295 2401 367 2464 XX.
407 2400 457 2462 De
475 2397 572 2490 rebus
592 2399 738 2462 forfactis
765 2421 825 2483 per
850 2399 996 2462 diversos
1021 2399 1176 2482 Comites,
1204 2401 1362 2465 volumus

213 2493 250 2546 ut
271 2485 311 2546 ad
336 2483 493 2568 palatium
510 2481 707 2568 pertineant.

395 2593 452 2658 De
477 2611 515 2652 eo
538 2590 627 2652 cuius
644 2609 695 2650 res
716 2589 751 2650 iu
767 2585 967 2667 eleemosyna
984 2587 1079 2650 datae
1096 2602 1177 2652 suut.

297 2695 387 2760 XXI.
430 2695 465 2758 Si
479 2695 704 2778 cuiuscunque
727 2715 780 2756 res
804 2694 837 2754 in
857 2695 1063 2780 eleemosyna
1085 2695 1178 2756 datae
1209 2705 1302 2778 sunt,
1332 2708 1364 2761 et

215 2782 284 2866 ipae
304 2789 452 2842 mortuus
466 2779 568 2840 fuerit
582 2787 756 2860 autequam
774 2799 826 2838 eas
853 2778 1028 2861 dispenset,
1048 2789 1127 2840 tunc
1157 2779 1275 2855 Missus
1300 2781 1362 2842 do·
1405 2783 1410 2796 '

216 2863 358 2926 minicus
381 2883 447 2924 uua
463 2884 538 2923 cnm
554 2861 716 2944 Episcopo
736 2859 907 2944 parochiae
927 2859 1027 2944 ipsius
1052 2861 1239 2924 consideret
1256 2865 1363 2946 quali-

212 2957 265 3010 ter
282 2947 315 3008 in
335 2945 456 3008 Domui
473 2945 569 3028 Regis
589 2945 740 3006 mercede
762 2943 831 3026 ipsa
854 2944 1060 3030 eleemosyna
1081 2946 1136 3006 fiat
1150 2945 1236 3007 facta
1256 2956 1290 3007 et
1307 2947 1362 3006 in-

213 3033 263 3093 fra
281 3030 414 3113 triginta
434 3037 545 3090 noctes
563 3027 695 3111 impleta
716 3047 784 3088 esse
807 3024 931 3087 debeat.

278 3141 335 3202 De
350 3141 418 3200 iure
430 3135 528 3223 filiae
546 3137 581 3196 iu
596 3155 647 3196 res
662 3154 830 3196 servorum
842 3154 920 3216 quos
952 3141 1053 3217 pater'
1060 3133 1144 3218 fecit
1167 3135 1297 3198 liberos.

296 3243 405 3308 XXII.
447 3245 495 3306 De
518 3241 584 3302 filia
599 3241 693 3302 cuius
713 3248 805 3322 pater
821 3261 880 3323 per
896 3261 1028 3301 manum
1051 3245 1227 3324 erogatoris
1243 3265 1360 3306 omnes

213 3349 324 3392 servos
339 3349 413 3389 suos
432 3326 524 3388 iussit
540 3323 609 3386 lieri
633 3323 765 3400 liberos,
782 3331 813 3384 et
829 3323 906 3406 quia
922 3332 1036 3385 contre
1057 3325 1162 3408 legem
1180 3349 1248 3389 osse
1269 3327 1361 3388 vide.

212 3421 278 3490 tur,
304 3410 503 3472 instituimus
517 3407 607 3492 quod
625 3407 693 3490 ipsa
713 3405 780 3466 filia
795 3405 842 3466 .in
863 3407 991 3468 tertiam
1009 3411 1194 3491 portionem
1214 3410 1255 3472 de
1269 3408 1358 3470 facto

213 3495 299 3558 servi
321 3495 439 3556 iterum
456 3493 594 3554 introire
611 3489 720 3574 possit.

447 3601 504 3664 De
527 3599 716 3660 auctoritate
732 3597 822 3682 1⁶ng
831 3608 862 3656 et
878 3595 1125 3659 consuetudinis.

294 3681 421 3746 XXIII.
459 3681 590 3744 Placuit
609 3679 701 3741 nobis
716 3679 874 3758 inserere,
894 3679 949 3738 uhi
971 3680 1026 3740 len
1054 3681 1155 3759 deest,
1177 3682 1356 3766 praecellat

216 3767 430 3846 cousuetudo,
453 3773 486 3827 et
503 3764 594 3826 nulla
614 3763 815 3824 consuetudo
836 3770 1076 3846 superponatur
1091 3765 1167 3848 legi.

371 3877 427 3940 De
447 3885 603 3959 potestate
622 3868 789 3932 uendendi
800 3881 830 3930 et
845 3868 990 3932 donandi
1010 3871 1044 3928 iu
1051 3869 1187 3951 femina.

259 3985 263 3994 “
294 3977 416 4062 XXIV.
456 3977 587 4042 Placuit
606 3975 703 4039 etiam
731 3975 824 4038 noble
845 3985 881 4038 nt
902 3997 1120 4060 quaecunque
1148 3978 1271 4041 femina
1294 4001 1352 4063 po·

246 4161 272 4232 e)
289 4161 324 4213 al.
343 4178 390 4212 ma.
407 4178 435 4212 se
456 4161 511 4232 ipsi
529 4156 688 4231 defendant.
878 4157 1028 4210 Comitatus
1056 4175 1112 4211 esse
1139 4159 1293 4222 uidentur,
1329 4174 1356 4214 et

245 4233 264 4288 f
258 4240 280 4300 )
299 4231 332 4282 al.
351 4247 398 4281 ms.
417 4231 458 4284 De
476 4230 651 4283 monasteriis
665 4241 691 4284 et
707 4245 758 4281 xe·
874 4229 984 4298 regalia
1011 4241 1092 4290 tutet,
1128 4244 1159 4284 ut
1188 4234 1354 4305 quicumque

280 4294 443 4360 nodoclsiis,
473 4317 545 4370 quae
561 4317 613 4370 ptr
630 4298 755 4356 diversos
874 4309 923 4351 tte.
