2952 4988
220 333 295 406 2¹0
482 349 625 408 acas.
730 347 989 408 carrrueanm
1081 347 1194 408 ωε·

220 492 298 556 deat
314 489 413 562 Reda
436 497 469 550 ct
487 490 527 552 ad
545 481 694 566 schesla,
718 489 774 550 nbi
787 489 982 634 praevideat
997 489 1174 572 Madalgoz.
1216 491 1270 554 Ad
1288 491 1363 554 Ma-

221 575 396 661 gadoburg,
423 573 610 654 praevideat
629 571 714 633 Atto.
757 571 782 632 Α
823 573 1003 656 Erpissurt‚
1028 573 1219 656 praevideat
1238 576 1364 636 Madal-

220 681 289 742 goz.
331 655 382 718 Ad
401 654 592 734 Halagcstat‚
616 655 682 736 ipsc
705 655 883 738 Madalgoz.
924 655 974 716 Ad
991 655 1177 732 Forchcim‚
1192 657 1232 718 ad
1249 658 1363 718 Brian-

218 763 309 824 pcrg‚
329 737 441 800 Odulf.
483 739 525 798 Et
544 739 583 798 ad
602 737 829 816 Reginisburg,
853 739 967 799 Odulf.
1009 738 1060 801 Ad
1075 737 1362 815 Loriacum‚Wa-

218 823 385 884 rinarium.
427 821 469 882 Et
486 829 522 880 ut
539 841 623 880 arma
641 829 672 878 ct
690 819 822 882 brunias
844 843 909 881 nou
929 821 1049 882 ducant
1070 822 1104 881 in
1127 822 1194 882 illis
1216 822 1298 882 locis
1320 817 1362 882 ad

218 905 439 968 vendendum.
482 903 580 980 Quod
600 902 626 962 si
653 901 780 962 inventi
802 904 924 964 fuerint
948 914 1130 985 portantes,
1161 905 1266 965 omnis
1286 905 1362 964 sub·

216 989 334 1052 stantia
352 1007 465 1048 eorum
482 987 648 1045 auferatur
662 985 701 1044 ab
721 986 788 1062 cis,
818 985 950 1046 dimidia
972 987 1105 1068 quidem
1120 1008 1192 1070 pars
1211 987 1360 1069 partibus

215 1069 339 1154 palatii,
354 1071 417 1130 alia
437 1090 517 1130 vero
535 1068 688 1128 medietas
711 1069 798 1128 inter
817 1070 975 1130 Comitem
992 1080 1024 1131 et
1047 1069 1254 1132 inventorem
1278 1071 1361 1131 divi·

217 1155 322 1232 datur,
348 1162 381 1214 ct
403 1153 489 1212 inter
511 1149 697 1210 iamdictam
716 1151 858 1212 Missum.

497 1258 546 1317 Dc
573 1256 797 1317 clamatoribus
817 1258 873 1318 vel
892 1257 1071 1322 causidicis.

295 1365 339 1430 X.
380 1367 429 1429 Dc
452 1363 678 1428 clamatoribus
703 1374 735 1424 et
755 1365 925 1428 causidicis
944 1368 1001 1450 qui
1022 1367 1139 1430 nolunt
1164 1369 1357 1432 consentire

212 1449 380 1516 Scabineis
398 1471 458 1510 nec
479 1446 702 1530 blasphemare
723 1469 836 1508 eorum
855 1449 1032 1530 iudicium,
1059 1459 1095 1510 ut
1115 1471 1218 1512 unum
1239 1452 1256 1512 ὲ
1276 1453 1358 1514 duo-

210 1533 271 1594 bus
293 1541 396 1615 agant.
437 1535 479 1594 Et
498 1531 524 1593 si
541 1525 724 1590 indiculum
744 1541 851 1615 portat
872 1533 912 1593 de
930 1543 1040 1610 curte,
1069 1553 1135 1594 nou
1151 1534 1300 1595 mittatur
1317 1535 1354 1595 in

210 1637 395 1694 carcerem,
429 1615 487 1678 sed
506 1611 566 1677 sub
588 1612 735 1675 custodia
765 1635 840 1674 cum
867 1614 937 1700 ipso
968 1615 1116 1678 indiculo
1138 1615 1287 1680 mittatur
1312 1619 1355 1678 ad

210 1707 345 1761 curtem.

561 1779 610 1840 De
626 1781 801 1844 iuramento
816 1780 995 1866 insontium.

291 1887 354 1952 XI.
395 1889 438 1950 Ut
457 1886 597 1950 infantes
615 1888 672 1970 qui
699 1890 792 1950 antea
814 1912 879 1951 non
898 1897 1075 1974 potnerunt
1098 1896 1233 1974 propter
1253 1889 1353 1954 iure·

208 1974 311 2038 uilem
328 1979 465 2034 aetatem
489 1970 608 2050 iurare,
630 1972 726 2034 modo
743 1982 780 2033 ut
797 1973 907 2036 iurent
925 1973 1107 2036 iubeantur.

644 2079 694 2140 Dc
716 2081 910 2140 iuramentis.

287 2187 360 2249 XII.
402 2186 452 2246 De
470 2181 676 2261 iuramentis,
702 2193 738 2245 nt
760 2185 879 2245 frustra
900 2205 966 2244 non
988 2185 1085 2262 liant,
1113 2193 1146 2246 ct
1164 2207 1229 2246 non
1249 2184 1347 2258 aliter

206 2269 270 2332 nisi
291 2267 479 2331 Senioribus
498 2271 538 2330 ad
563 2268 735 2331 utilitatem
757 2267 896 2348 regiam,
921 2277 954 2329 et
978 2267 1159 2349 unicuique
1178 2268 1235 2350 qui
1254 2258 1347 2330 sitam

205 2352 362 2414 iustitiam
383 2352 520 2433 quaerit.
564 2349 736 2416 caeteram
750 2351 806 2433 qui
828 2350 1062 2411 coniurationis
1082 2372 1211 2412 causam
1233 2361 1348 2431 agunt,

205 2436 370 2520 principes
391 2435 626 2497 coniurationis
650 2434 754 2512 capite
776 2433 971 2517 puniantur,
1002 2433 1123 2496 caeteri
1146 2454 1180 2494 se
1203 2433 1350 2498 invicem

205 2519 372 2602 flagellent
395 2526 428 2580 et
455 2539 550 2582 nares
568 2517 767 2602 praecidant.

564 2627 614 2686 Dc
629 2626 780 2709 periuriis
800 2625 990 2686 attactibus.
1091 2671 1098 2687 .

286 2731 376 2798 Xlll.
418 2733 468 2794 Dc
496 2733 669 2816 periuriis,
698 2743 734 2793 ut
755 2741 948 2807 caveantur,
986 2739 1018 2792 et
1043 2750 1111 2791 non
1133 2728 1345 2792 admittantur

204 2821 300 2874 testes
331 2816 372 2876 ad
396 2813 615 2876 iuramentum
646 2825 819 2897 antequam
850 2814 1074 2875 discutiantur.
1124 2813 1168 2874 Et
1194 2812 1221 2874 si
1248 2813 1346 2874 aliter

204 2896 321 2960 discuti
343 2919 408 2958 non
431 2907 584 2982 possunt,
609 2909 800 2980 separentur
822 2895 861 2958 ab
884 2895 1044 2974 invicem,
1078 2905 1110 2958 et
1134 2895 1346 2980 singulariter

204 2978 424 3059 inquirantur.
465 2981 507 3042 Et
528 2981 679 3041 meliores
698 2981 738 3040 ad
757 2979 979 3041 testimonium
999 2980 1171 3061 eligantur.
1213 2979 1255 3038 Et
1274 2999 1343 3040 om-

205 3061 411 3124 ninonullus
427 3063 467 3122 ad
484 3063 706 3124 testimonium
723 3063 777 3124 vel
797 3064 838 3124 ad
856 3063 1090 3138 iuramentum,
1115 3060 1178 3122 nisi
1201 3059 1344 3137 ieiunus,

204 3143 393 3205 adducatur.
435 3146 478 3205 Et
493 3147 549 3213 ille
568 3146 626 3228 qui
642 3147 683 3207 ad
703 3146 924 3207 testimonium
947 3145 1137 3221 adducitur,
1166 3143 1194 3204 si
1219 3143 1343 3202 refuta-

203 3234 274 3303 tur,
307 3227 393 3288 dicat
416 3227 473 3289 illc
495 3228 553 3310 qui
582 3251 657 3289 cum
675 3231 795 3290 refutat
816 3238 848 3289 et
869 3229 984 3310 probet
1007 3226 1148 3309 qualiter
1169 3224 1223 3288 vel
1243 3245 1344 3304 quare

203 3307 299 3368 illum
314 3310 459 3390 recipere
474 3311 566 3372 nolit.
608 3313 650 3372 Et
665 3312 691 3374 si
710 3333 775 3372 non
793 3320 898 3393 potest
912 3311 1068 3394 refutare,
1084 3307 1219 3390 recipiat
1239 3305 1343 3384 illum,

203 3391 327 3453 etiamsi
345 3393 437 3453 nolit.
465 3395 509 3454 Et
527 3395 567 3454 de
586 3393 655 3476 ipso
672 3416 764 3476 page,
782 3393 903 3454 nonde
920 3393 1033 3470 altero,
1050 3391 1214 3474 eligantur
1230 3397 1342 3458 testcs;

203 3473 267 3536 nisi
293 3475 377 3535 forte
397 3475 526 3556 longius
550 3485 640 3536 entra
661 3477 847 3537 comitatum
870 3497 965 3537 causa
990 3471 1260 3556 sit-inquirenda.
1301 3471 1345 3532 Et

203 3556 231 3618 si
247 3556 321 3640 quis
338 3557 508 3620 convictus
523 3559 624 3620 fuerit
634 3557 782 3641 periurii,
804 3559 919 3642 perdat
933 3565 1134 3618 mannm'aut
1154 3553 1305 3616 redimat.

527 3665 577 3724 De
597 3663 773 3724 Advocatis
797 3677 828 3724 et
848 3663 1022 3727 Iudicibus.

285 3766 374 3830 XIV.
417 3771 466 3832 Dc
485 3768 657 3832 Advocatis
682 3779 713 3830 et
737 3769 902 3830 Iudicibus
925 3769 1104 3844 Comitum,
1136 3776 1169 3830 et
1193 3762 1344 3826 omnibns

201 3850 341 3948 publicis
361 3852 558 3929 auctoribus,
580 3852 660 3912 tales
678 3851 841 3933 eligantur
861 3851 974 3933 quales
1001 3860 1033 3912 ct
1055 3851 1160 3913 sciant
1186 3857 1219 3909 et
1239 3845 1344 3906 velint

202 3934 286 3994 suste
308 3955 418 3995 causas
439 3935 623 3996 terminare.
664 3935 707 3994 Et
725 3933 781 3995 ubi
803 3935 879 3994 mali
898 3934 1025 3996 inventi
1048 3933 1184 4010 fuerint,
1207 3927 1342 3990 tMissis

203 4015 321 4077 nostris
344 4017 514 4078 mittantur
534 4016 696 4078 meliores.
745 4015 900 4100 Episcopi
928 4025 961 4078 ct
986 4015 1179 4079 Abbatcs.et
1200 4011 1342 4100 Comites

201 4098 294 4182 pravi
317 4095 452 4162 veniant
477 4098 519 4162 ad
544 4107 679 4161 curtem.
1083 4101 1085 4108 ’

232 4326 235 4332 ‚
283 4284 357 4349 XV·
374 4324 375 4328 =
397 4288 446 4352 Dc
465 4285 604 4350 teloneis
620 4205 729 4371 plagit
740 4203 897 4350 tibibiiliit
912 4279 1047 4372 antiqua
1066 4295 1098 4350 ct
1112 4281 1196 4348 iusta
1211 4286 1341 4347 telonea¹
