2920 4972
263 306 298 359 Α.
320 298 406 361 cun.
511 299 647 358 uranu
677 298 927 358 ruauconuu.
1032 303 1095 365 rso.
1215 280 1262 366 81

214 447 263 508 rio
279 446 354 525 fuit,
378 453 411 506 et
430 427 600 528 'q'uod'dia
629 442 780 520 servarit,
806 443 840 504 in
866 441 994 505 meliori
1028 445 1129 525 gradu
1149 448 1272 532 positas

213 529 360 591 amittere
379 550 445 589 nou
461 527 572 597 debet;
596 535 650 586 aut
675 527 702 587 si
731 535 915 610 corruptus,
945 529 1057 609 postei
1078 529 1270 616 baptizatus,

214 613 248 672 iu
264 611 459 672 monasterio
480 611 595 672 sedens
617 609 657 670 ud
679 608 850 672 clericatis
866 608 1014 670 ordinem
1039 615 1193 677 accedere
1211 642 1271 680 vo-

213 695 324 772 luerit,
344 715 480 755 uxorem
505 692 637 754 omnini>
654 691 774 754 habere
800 713 866 752 non
888 691 1018 776 poterit,
1035 696 1112 775 quia
1129 719 1189 760 uec
1210 699 1270 762 be-

214 776 323 838 nedici
345 796 420 838 cum
450 797 567 860 sponsa
590 784 697 858 potest
718 775 781 834 iam
811 784 992 858 corruptus.
1044 779 1136 854 Quae
1165 783 1270 844 forma

213 868 362 921 servatur
377 859 411 919 in
430 859 577 936 Clericis,
604 857 741 919 maxime
772 857 846 918 oiim
864 867 959 919 vetus
985 861 1099 940 regula
1125 861 1187 924 hoc
1209 865 1270 924 ha-

212 943 287 1004 heat
305 951 342 1004 ut
363 941 502 1024 quisque
520 951 690 1024 corruptus
711 940 889 1022 baptizatus
904 940 1052 1002 Clericus
1065 962 1134 1016 esse
1149 947 1271 1011 voluis-

213 1034 273 1103 set,
298 1025 474 1109 sponderet
495 1045 528 1086 sc
548 1045 683 1084 uxorem
698 1022 832 1085 omnino
855 1043 920 1082 non
941 1023 1070 1085 ducere.

421 1130 471 1190 Do
487 1131 611 1212 negotio
633 1129 828 1190 Clericorum
846 1131 930 1190 inter
943 1150 985 1189 se.

576 1237 605 1298 Ο
627 1259 651 1298 u
664 1260 710 1300 ur
732 1259 787 1300 su
802 1259 826 1298 s.

119 1411 122 1416 ,
216 1345 348 1410 XXVII.
391 1346 473 1406 Item
493 1343 658 1407 ineodem
682 1345 843 1424 Concilio,
864 1353 901 1406 ut
924 1345 950 1409 si
975 1346 1096 1410 Clerici
1119 1349 1207 1416 iuter
1233 1367 1268 1417 so

134 1427 454 1576 pigeptlipppsspllispuod
469 1427 655 1508 habuerint,
669 1429 686 1489 l
700 1450 759 1490 suo
781 1428 942 1514 Episcopo
960 1429 1190 1517 diiudicentur,
1201 1459 1268 1500 nou

155 1622 254 1684 Cone.
271 1619 381 1680 Chalc.
404 1639 515 1701 camp.
556 1616 590 1680 si
612 1617 685 1700 quis
706 1617 852 1682 Clericus
886 1643 960 1683 cum
989 1623 1118 1688 Clerico
1140 1649 1270 1690 eausam

215 1702 342 1779 habeat,
363 1701 561 1785 Episcopum
576 1723 671 1762 suurn
690 1723 756 1762 non
776 1703 912 1781 deserat,
928 1714 963 1767 et
981 1706 1021 1768 ad
1039 1708 1159 1771 iudicia
1173 1731 1270 1772 secu·

217 1784 297 1846 laria
320 1793 439 1862 currat,
462 1783 518 1844 sed
543 1784 634 1866 priirs
658 1785 744 1866 apud
764 1785 961 1870 Episcopum
989 1811 1084 1852 suum
1107 1793 1270 1854 examinet

216 1888 355 1948 causam,
383 1876 439 1928 aut
465 1865 552 1928 certis
581 1889 657 1930 cum
674 1867 849 1950 ¹voluntate
874 1869 974 1953 ipsius
994 1873 1147 1956 Episcopi
1174 1897 1270 1936 causa

118 1983 121 1992 ·
217 1950 347 2012 dicatur
367 1949 453 2033 apud
482 1969 564 2031 quos
594 1959 700 2034 partes
727 1960 885 2033 utraeque
911 1955 1086 2017 voluerint.
1128 1957 1163 2018 Si
1196 1957 1270 2039 quis
1327 1961 1331 1971 “

209 2043 324 2094 autem
339 2041 451 2113 contra
464 2031 547 2092 haee
563 2032 677 2095 venire
696 2035 880 2114 tentaverit,
898 2037 1063 2100 canonicis
1088 2039 1271 2103 interdictis

215 2117 387 2178 subiaceat.
431 2113 466 2175 si
482 2115 560 2176 veri)
582 2115 729 2176 Clericus
745 2115 872 2177 habeat*
883 2140 1010 2182 causam
1025 2144 1099 2182 cum
1116 2131 1272 2184 extraneo

214 2199 386 2283 Episcopo,
400 2198 454 2262 vel
479 2219 551 2258 cunr
572 2219 642 2276 suo,
662 2197 748 2282 apud
761 2199 918 2282 synodum
938 2204 1125 2284 provinciae
1144 2226 1272 2266 causam

216 2282 310 2342 dicat.
353 2281 387 2342 si
413 2289 521 2344 autem
543 2281 721 2364 Episcopus
751 2281 804 2342 vel
833 2284 980 2346 Clericus
1002 2287 1268 2368 disceptationem

212 2363 329 2425 habeat
351 2385 426 2426 cum
451 2363 699 2446 metropolitano
721 2365 895 2448 Episcopo,
926 2376 983 2428 aut
1009 2370 1050 2430 ad
1080 2370 1268 2431 dioeceseos

213 2447 348 2528 primam
361 2448 471 2509 sedem
491 2454 649 2524 recurrat,
668 2456 722 2507 aut
746 2447 787 2507 ad
807 2443 918 2512 sedem
938 2451 1268 2539 Constantinopolita-

134 2552 137 2558 ’
214 2552 297 2609 nam,
316 2529 404 2613 apud
421 2550 518 2614 quam
537 2550 631 2590 causa
653 2529 787 2592 dicatur.

275 2639 324 2698 De
346 2641 580 2724 conspiratione
603 2637 797 2700 Clericorum
812 2638 866 2699 oei
880 2620 1119 2704 Mesochorum.

575 2745 825 2812 Onursus

210 2857 359 2922 XXVIII.
402 2857 484 2918 Item
519 2854 552 2916 in
573 2853 691 2934 'eodem
723 2851 883 2930 Concilio,
908 2863 944 2914 nt
966 2876 1027 2916 nec
1052 2853 1173 2914 Clerici
1200 2874 1261 2916 nec

124 2939 280 3001 Monachi
313 2937 585 3026 conspirationem
609 2935 662 2998 vel
686 2933 818 2996 iusidias
845 2945 957 2998 contra
981 2946 1142 3022 pastorem
1164 2958 1262 2998 suum

118 3022 257 3083 faciant.
502 3089 506 3098 ,
1132 3024 1136 3036 '
1283 3037 1286 3043 ¹

146 3133 250 3214 Cpnc.
267 3131 377 3194 Chalc.
396 3151 466 3191 can.
489 3129 534 3191 18.
578 3125 821 3190 Coniurationis
847 3128 897 3188 vel
922 3124 1169 3210 conspirationis
1197 3145 1259 3186 crr-

209 3235 284 3274 men
305 3213 401 3274 etiam
414 3211 499 3294 apud
513 3211 707 3298 extrinsecas
723 3210 811 3292 leges
824 3209 952 3292 penitius
966 3204 1161 3292 amputatur:
1178 3207 1261 3268 mul·

210 3297 244 3358 ti)
260 3297 357 3380 magis
382 3297 415 3356 iu
431 3293 577 3356 Ecclesia
602 3293 666 3372 Dei
684 3293 747 3353 hoc
766 3314 807 3352 ne
836 3293 901 3370 liat,
928 3299 1055 3375 oportet
1081 3288 1259 3373 prohiberi.

209 3378 315 3461 Igitur
331 3378 452 3440 Clerici
470 3375 711 3454 autMonachi,
739 3375 765 3436 si
790 3375 915 3436 inventi
941 3375 1064 3436 luerint
1086 3371 1258 3449 coniurati,

116 3481 121 3488 ·
208 3469 266 3521 aut
285 3482 344 3542 per
359 3460 617 3522 coniurationem
633 3457 828 3519 calumniam
851 3458 1073 3519 machinantes
1090 3453 1259 3540 Episcopis

118 3565 120 3572 ’
208 3543 263 3607 rel
279 3540 426 3621 Clericis,
441 3541 610 3627 proprium
625 3539 774 3602 amittant
794 3541 935 3624 gradum.

312 3653 361 3712 Dc
379 3653 575 3740 accusatione
592 3648 747 3710 inicorum
761 3645 877 3709 contro'
891 3645 1076 3732 Episcopos.

546 3756 575 3818 A
593 3778 614 3818 n
664 3757 692 3816 0
710 3777 733 3816 u
747 3778 796 3835 un
818 3773 842 3814 s.

209 3869 327 3932 xxlx.
370 3869 452 3929 uem
468 3867 502 3927 in
522 3865 635 3928 eodem
666 3864 826 3941 concino,
850 3869 886 3921 a
908 3839 982 3920 laici
1005 3857 1181 3942 episcopos
1201 3867 1259 3920 aut

123 3949 272 4013 Clericos
289 3955 355 4014 non
373 3959 540 4028 accusent,
556 3947 619 4010 nisi
640 3945 731 4031 priiis
749 3965 861 4008 eorum
881 3941 1074 4006 discutiatur
1093 3941 1258 4003 existima-

121 4033 224 4096 tionis
239 4035 361 4118 opinio.

146 4142 247 4202 Cone.
265 4141 376 4203 Chalc.
398 4163 468 4204 can.
491 4162 539 4202 21.
562 4139 708 4202 Clericos
732 4135 785 4198 rel
798 4133 909 4222 laicos,
924 4131 981 4216 qui
999 4128 1258 4214 accusantEpis-

159 4284 160 4288 ,
210 4245 306 4308 copos
325 4225 378 4290 vel
397 4225 551 4304 Clericos,
568 4223 862 4310 quomodocunque
885 4225 920 4278 et
943 4217 1012 4290 siue
1042 4211 1164 4276 iudicio
1192 4234 1257 4274 non

1015 4328 1039 4400 6
