2958 4986
305 320 341 404 n,
360 309 447 383 cun
555 315 950 406 neounrnsncouun
1014 299 1114 370 'son
1226 265 1294 368 151

141 467 242 544 men,
264 463 290 526 si
305 462 458 544 voluerit,
475 461 714 526 usumfructum
751 483 788 525 er
828 455 985 527 recariani
1004 477 1056 518 res
1082 451 1215 515 traditus
1241 475 1297 515 ns-

152 571 220 633 que
241 547 276 608 in
291 555 418 631 tempus
442 545 613 608 definitum
635 485 834 636 possidendi,
848 546 890 609 sit
910 561 1062 606 concessa
1078 535 1223 599 facultas.

593 655 649 718 De
672 655 858 718 heribanno.

237 763 281 822 11.
324 761 359 824 si
379 760 453 843 quis
471 759 567 840 liber,
588 763 773 845 contempta
788 760 930 824 iussione
956 765 1077 834 nostra,
1102 748 1238 812 caeteris
1265 749 1299 808 in

154 845 338 908 exercitum
357 844 580 928 pergentibus,
598 845 686 906 domi
708 845 852 906 residere
878 837 1141 927 praesumpserit,
1164 832 1302 915 plenum

153 929 375 991 heribannum
394 927 575 990 secundnm
588 927 695 1010 legem
710 929 922 1005 Francorum,
938 925 971 986 id
992 931 1051 1000 est,
1074 915 1194 981 solidos
1214 927 1303 975 sexa-

155 1013 259 1095 gintas
279 1009 359 1072 sciat
377 1030 410 1071 se
430 1009 549 1072 dehere
568 1030 774 1094 componere.
817 1009 975 1072 Similiter
1000 1014 1032 1067 et
1054 1023 1114 1088 pro
1133 1006 1302 1080 contemp-

154 1105 195 1156 tu
217 1093 422 1176 singulorum
437 1093 657 1176 capitulorum
674 1093 793 1176 quihus
804 1114 865 1176 per
884 1099 1026 1154 nostram
1038 1083 1182 1167 regalem
1195 1089 1304 1140 aucto.

154 1177 288 1239 ritatem
306 1177 451 1236 bannum
469 1176 758 1260 promulgavimus,
783 1175 818 1237 id
835 1185 893 1254 est,
913 1172 972 1258 qni
1003 1189 1117 1258 pacem
1136 1161 1304 1258 Ecclqsia.

155 1281 233 1322 rum
255 1258 331 1336 Del,
361 1257 546 1337 Viduffl'um,
573 1259 804 1342 orphanorum,
832 1267 865 1320 et
891 1255 1096 1341 pupillorum
1125 1267 1161 1306 ac
1195 1265 1304 1305 minus

154 1341 341 1427 potentium
358 1341 524 1423 irruperit,
541 1351 596 1403 aut
612 1352 741 1426 raptum
756 1343 841 1402 intra
858 1339 996 1424 patriam
1015 1330 1141 1407 fecerit,
1155 1336 1210 1424 aut
1223 1327 1305 1422 alie-

157 1447 217 1486 nas
243 1425 353 1486 domos
370 1422 565 1502 incenderit,
584 1427 639 1490 vel
658 1448 733 1487 cum
751 1425 890 1500 collecta
913 1415 1125 1482 multitudine
1150 1432 1217 1475 vim
1237 1431 1305 1472 cnr·

156 1507 240 1572 libet
269 1504 423 1568 intulerit
438 1507 604 1590 sexaginta
626 1509 805 1570 solidorum
826 1508 960 1568 multam
988 1499 1141 1564 exsolvat.

586 1615 635 1674 De
663 1615 888 1678 desertoribus.

241 1721 303 1780 111.
346 1717 381 1780 Si
402 1718 475 1815 quis
498 1718 579 1781 adeo
613 1731 788 1782 contumax
816 1729 872 1780 aut
894 1716 1052 1802 superbus
1088 1709 1235 1774 extiterit
1259 1719 1307 1787 ut,

159 1801 291 1864 dimisso
310 1812 470 1880 exercitu,
489 1803 586 1884 absqe
604 1804 695 1864 iussu
707 1805 761 1866 vel
776 1801 910 1864 licentia
926 1799 1023 1884 Regis
1045 1796 1179 1858 domum
1198 1814 1309 1854 rever·

156 1895 257 1962 tatur,
274 1893 306 1945 et
323 1885 412 1966 quod
429 1907 487 1946 nos
502 1884 686 1948 Thendiscd
713 1887 825 1970 lingua
856 1885 994 1948 dicimus
1023 1879 1152 1941 herisliz
1180 1874 1307 1952 fecerit,

158 1969 230 2048 ipse
246 1977 369 2029 atreus
386 1967 560 2029 maiestatis
575 1969 661 2032 vitae
682 1968 829 2033 incurrat
848 1966 1044 2054 periculum,
1065 1971 1097 2024 et
1117 1980 1169 2021 res
1187 1959 1257 2020 eius
1272 1957 1309 2016 in'

158 2051 240 2111 fisco
264 2059 373 2112 nostro
390 2049 566 2112 socientur.

602 2135 651 2220 De
680 2161 867 2224 latronibus.

114 2337 118 2344 Ι
245 2265 303 2331 IV.
345 2263 471 2347 Siquis
487 2264 648 2328 latronem
670 2276 774 2329 morte
790 2267 926 2350 dignum
950 2262 1015 2327 sihi
1034 2260 1074 2326 ad
1088 2255 1308 2322 occidendum

160 2346 319 2415 traditum
345 2346 535 2426 servaverit,
552 2358 585 2409 et
599 2350 699 2412 vitam
722 2349 859 2432 indigno
872 2344 1079 2422 concesserit,
1101 2340 1311 2402 medietatem

160 2429 272 2491 damni
285 2439 420 2513 propter
439 2430 529 2513 quod
543 2432 681 2506 traditus
700 2442 759 2512 est,
779 2439 961 2516 componat.
1002 2429 1045 2490 Et
1059 2426 1147 2487 idem
1165 2423 1264 2500 latro,
1282 2423 1314 2484 si·

159 2534 275 2574 rursus
296 2514 330 2573 in
356 2512 529 2574 latrocinio
550 2514 650 2576 fuerit
666 2516 935 2600 comprehensus,
960 2512 1049 2597 qnod
1072 2507 1164 2594 prius
1185 2505 1317 2570 dehue-'

158 2605 224 2676 rat,
245 2595 376 2681 capitali
395 2595 556 2657 sententiat
575 2597 722 2659 debitum
737 2599 893 2662 exsolvat.

504 2703 553 2762 De
581 2707 777 2766 mancatione
799 2705 950 2790 qualibet.

246 2816 286 2878 V.
329 2812 364 2874 Si
385 2810 459 2899 quis
476 2811 615 2873 alterum
635 2815 875 2897 praesumptive
891 2814 949 2876 sunl
973 2817 1086 2894 sponte
1112 2801 1314 2880 castraverit,

167 2907 201 2960 et
216 2897 248 2958 ei
260 2897 367 2956 ambos
380 2895 547 2959 testiculos
564 2896 788 2979 amputaierit,
806 2898 971 2980 integrum
983 2889 1205 2973 widrigildum
1219 2907 1316 2947 snum

165 2983 258 3042 iuxta
272 2977 494 3040 conditionem
511 2998 669 3060 personae
691 2989 871 3064 componat.
915 2979 950 3040 Si
972 2975 1097 3059 virgam
1125 2967 1314 3043 absciderit,

165 3063 328 3131 similiter.
380 3061 415 3120 Si
448 3082 554 3120 unum
581 3062 791 3140 testiculum,
823 3061 1030 3123 medietatem
1050 3054 1226 3141 persolvat.
1273 3051 1318 3110 Et

164 3137 232 3207 hoc
247 3147 285 3206 de
309 3143 598 3221 oculis,manihus,
622 3154 653 3204 et
679 3139 829 3228 pedihus,
856 3143 909 3205 vel
935 3144 976 3205 de
998 3141 1112 3222 lingua
1137 3133 1311 3209 sancimus,

167 3239 207 3288 ut
223 3228 248 3289 si
262 3247 365 3286 unum
378 3225 495 3286 horum
509 3226 683 3289 abscissum
702 3227 814 3308 fuerit,
836 3225 991 3287 medietas
1019 3215 1198 3302 widrigildi
1220 3237 1310 3281 com-

167 3319 327 3398 ponatur;
362 3309 389 3369 si
418 3307 527 3388 ambo,
544 3309 714 3393 integritas
738 3333 797 3396 pro
828 3307 906 3371 facti
935 3303 1162 3370 emendatione
1183 3319 1319 3382 compa-

170 3403 278 3454 natur.
591 3451 594 3458 ,

253 3477 304 3536 De
326 3471 510 3536 aldionibus
529 3475 666 3559 publicis
690 3473 735 3536 ad
747 3476 796 3540 ius
813 3473 975 3557 publicum
992 3467 1235 3556 pertinentibus.

255 3581 311 3648 VI.
353 3579 511 3641 Aldiones
541 3581 594 3646 vel
624 3580 771 3642 aldianae
792 3580 833 3640 ad
851 3549 1088 3674 iuspuhlicuin
1112 3574 1316 3659 pertinentes

172 3664 212 3726 ed
232 3665 303 3745 lege
317 3661 429 3725 vivant
448 3663 482 3722 in
501 3663 593 3723 ltalia
610 3663 644 3723 in
667 3663 824 3725 servitute
844 3663 1050 3736 dominorum
1068 3678 1212 3732 suorum,
1245 3655 1320 3736 (qual
1345 3677 1346 3680 ¹

171 3746 311 3809 fiscalini
329 3746 383 3808 vel
405 3744 456 3805 liti
474 3745 594 3813 vivunt
615 3745 649 3804 in
670 3745 811 3806 Francia
833 3753 896 3827 a).

577 3851 660 3914 Item
682 3851 722 3912 de
747 3851 934 3912 latronibus.

257 3957 330 4019 VII.
374 3957 409 4018 si
423 3956 496 4039 quis
509 3959 616 4020 furem
636 3957 691 4020 rel
711 3959 872 4040 latronem
889 3950 1185 4038 comprehenderit,
1199 3961 1231 4011 et
1247 3943 1327 4016 eum.

176 4039 367 4101 indemnem
391 4041 561 4118 dimiserit,
582 4062 689 4122 neque
710 4040 860 4101 illurnad
886 4036 1102 4121 praesentiam
1136 4034 1237 4094 Ducis
1267 4046 1323 4094 aut

175 4122 310 4184 Comitis
328 4123 382 4186 rel
399 4125 464 4186 loci
480 4123 664 4210 servatoris,
688 4124 746 4205 qui
764 4123 880 4184 Missus
899 4120 1034 4182 Comitis
1051 4127 1108 4196 est,
1120 4123 1194 4178 'non
1219 4117 1323 4179 addu-

115 4279 121 4290 '
214 4285 246 4346 n)
264 4280 298 4337 al.
316 4297 362 4335 nn.
381 4284 438 4354 qui
451 4279 583 4356 'fiscalini
603 4283 695 4337 vitient
715 4279 798 4334 liberi
814 4278 860 4332 vel
878 4277 918 4330 ilu‘
937 4276 983 4332 uel
1001 4278 1032 4328 in
1048 4273 1180 4331 Francia.
