2958 4986
259 303 408 361 acim.
511 294 906 354 arconraancoaun
1013 293 1073 350 aaa.
1184 275 1251 347 191

108 462 186 514 tres
211 448 296 508 bene
324 414 436 520 docti,
470 437 631 502 electione
656 435 814 500 videlicet
842 441 1064 510 caeterorum,
1094 433 1133 494 ad
1163 431 1262 497 bene-

112 533 297 596 dictionem
318 525 477 598 dandam,
501 531 536 585 et
557 521 599 583 ad
616 517 872 604 periclitantium
890 515 1193 579 reconciliationem
1212 519 1262 578 fa-

112 615 293 690 ciendam,
315 631 357 670 ne
378 629 439 672 ,vos
455 615 489 668 et
511 626 570 668 nos
590 603 688 666 simul
712 623 787 662 cum
811 599 961 683 pluribus
984 619 1175 682 pereamus,
1207 601 1264 662 sed

116 719 237 764 eorum
262 692 438 778 precibus,
468 688 590 750 utiam
616 692 828 748 memoratum
851 692 918 761 est,
945 682 1128 744 fulciamur.
1158 685 1265 762 Quam

116 788 260 846 formam
277 787 309 838 et
325 776 366 838 de
380 770 610 836 Sacerdotibus
630 779 743 830 tenere
761 776 925 848 optamus,
939 765 1054 844 idest,
1078 775 1114 828 ιιι
1135 787 1196 828 uec
1214 766 1265 826 illi

119 871 157 928 in
177 865 305 925 hostem
320 857 384 920 nisi
401 856 487 916 bene
509 853 619 932 docti,
641 861 674 914 et
687 849 749 935 ipsi
766 848 927 912 electione
943 857 1040 930 atque
1053 850 1266 931 permissione

119 944 332 1034 propriorum
354 939 610 1024 Episcoporum;
641 933 700 1030 qui
725 941 830 994 tamen
859 932 940 993 tales
968 933 1034 992 sint
1063 932 1103 992 de
1127 953 1269 1016 quorum

120 1029 263 1100 scientia
287 1035 320 1087 et
336 1023 402 1086 vita
418 1043 455 1082 ac
475 1027 723 1082 couversatione
749 1035 860 1078 omnes
884 1013 991 1076 securi
1012 1036 1080 1077 esse
1100 1017 1269 1099 possimus.

122 1112 219 1180 lllud
236 1120 346 1170 tamen
360 1104 453 1169 vobis
474 1113 508 1165 et
527 1101 678 1164 omnibus
697 1097 781 1162 scire
796 1097 964 1182 cupimus,
987 1097 1078 1182 qnbd
1095 1119 1162 1160 non
1175 1121 1271 1183 prop-

124 1196 217 1260 terela
229 1193 311 1255 haec
327 1187 467 1272 petimus
481 1195 641 1248 uteorum
654 1205 706 1245 res
720 1191 776 1244 ant
791 1180 917 1264 aliquid
930 1202 971 1243 ex
985 1201 1098 1243 eorum
1109 1183 1270 1264 pecuniis,

126 1276 279 1360 nisiipsis
291 1271 417 1356 aliquid
427 1269 542 1353 sponte
552 1267 645 1330 nobis
655 1267 730 1328 dare
738 1264 910 1347 placuerit,
921 1273 977 1325 aut
985 1285 1098 1326 eorum
1107 1265 1271 1327 Ecclesiae

126 1355 446 1441 viduaricupiamus,
456 1353 512 1415 sed
521 1352 621 1434 magis
629 1349 686 1426 eis,
696 1347 724 1411 si
732 1347 893 1410 Dominus
901 1368 994 1430 posse
1006 1347 1144 1427 dederit,
1153 1368 1272 1431 augere

129 1443 368 1516 desideramus,
386 1445 463 1498 utet
471 1435 532 1519 ipsi
541 1443 638 1497 etvcs
646 1441 746 1494 etnos
755 1430 1274 1515 salvioressimus,-etDeopotiias

131 1513 1274 1610 ipsoamminiculanteplaceremereamur.ScimusenimresEcclesiae

131 1613 205 1674 Deo
219 1627 286 1670 esse
300 1612 458 1680 sacratas,
477 1601 598 1662 scimus
614 1620 667 1662 eae
685 1618 753 1659 csse
766 1595 946 1658 oblationes
960 1595 1107 1658 fidelium
1126 1608 1158 1659 et
1170 1597 1275 1682 pretia

132 1678 1276 1778 peccatorum.thaproptersiquiseasabEcclesiie,quibuslfadelibue

134 1771 416 1852 collataeDeoqae
430 1775 570 1830 sacratae
583 1774 677 1844 suut,
689 1763 814 1842 aufert,
824 1762 941 1848 procul
957 1763 1057 1825 dubio
1070 1763 1277 1848 sacrilegium

135 1853 311 1922 committit
330 1878 339 1914 ι
361 1871 476 1916 caecus
496 1849 586 1912 enim
601 1856 647 1911 est
664 1845 723 1930 qui
737 1845 797 1908 ista
811 1867 878 1908 non
893 1846 992 1909 videt.
1026 1847 1183 1930 Quisquis
1200 1868 1277 1930 ergo

138 1938 288 2005 nostrum
314 1955 387 1998 suas
409 1955 461 1996 res
484 1930 653 1996 Ecclesiae
674 1928 790 2008 tradit,
820 1928 961 1992 Domino
984 1931 1056 1992 Deo
1086 1930 1159 1993 illas
1185 1929 1279 1992 offert

138 2035 239 2107 atque
259 2018 406 2097 dedicat,
425 2015 559 2100 suisque
578 2012 725 2091 Sanctis,
748 2021 782 2074 et
799 2032 865 2074 nen
886 2012 998 2091 alteri,
1021 2013 1163 2076 dicendo
1180 2015 1279 2091 talia,
1373 2017 1385 2026 ‘

140 2118 177 2172 et
190 2103 316 2189 agendo
332 2102 386 2164 ita.
418 2099 510 2164 Facit
529 2098 618 2162 enim
631 2095 824 2179 scripturam
840 2095 880 2158 de
899 2095 977 2179 ipsis
991 2097 1088 2159 rebus
1110 2119 1190 2180 quas
1208 2099 1279 2158 Deo

142 2192 220 2254 dare
252 2184 435 2262 desiderat,
465 2192 500 2246 et
519 2181 621 2266 ipsam
640 2180 831 2263 scripturam
855 2200 963 2241 coram
992 2180 1086 2243 altari
1109 2189 1164 2240 aut
1183 2201 1281 2263 supra

142 2279 235 2336 tenet
255 2269 290 2328 in
306 2288 422 2346 manu,
444 2265 556 2328 dicens
572 2263 718 2327 eiusdem
733 2261 799 2324 loci
817 2261 1045 2327 Sacerdotibus
1061 2273 1158 2347 atque
1176 2273 1283 2325 custo-

144 2355 240 2421 dibus
262 2377 269 2412 :
294 2349 407 2432 Offcrc
422 2349 491 2410 Deo
510 2361 602 2433 atque
625 2344 740 2408 dedico
760 2365 866 2406 omncs
882 2365 933 2406 res
954 2365 1035 2430 quae
1055 2349 1114 2407 liae
1133 2349 1168 2408 iu
1185 2348 1281 2409 eliar-

145 2439 213 2503 tula
235 2445 381 2496 tenentur
399 2434 556 2504 insertae,
576 2450 637 2514 pro
661 2429 844 2490 remissione
860 2442 1062 2513 peecatorum
1078 2451 1220 2492 meorum
1244 2449 1280 2489 ac

142 2530 312 2610 parentum
325 2527 357 2576 et
366 2512 538 2600 filiorum,
553 2517 619 2591 (aut
632 2533 692 2595 pro
705 2531 904 2594 quocunque
921 2512 993 2574 illas
1009 2514 1081 2574 Deo
1103 2513 1284 2574 deliberare

113 2605 115 2612 ’
147 2599 301 2676 voluerit)
319 2596 365 2658 ad
378 2595 583 2658 serviendum
600 2617 643 2656 ex
656 2595 705 2654 bis
720 2595 796 2656 Deo
814 2594 849 2654 in
869 2594 1039 2680 sacrificiis
1051 2597 1285 2676 Mr'ssarumquc

149 2683 331 2754 solemniis,
362 2678 579 2751 orationibus,
608 2677 804 2749 luminariis,
829 2697 1006 2763 pauperum
1027 2700 1064 2740 ac
1090 2678 1286 2741 Clerieorum

150 2765 333 2836 alimoniis,
356 2775 388 2826 et
411 2762 545 2823 caeteris
569 2759 692 2821 divinis
715 2759 870 2832 cultibus,
900 2773 992 2844 atque
1013 2762 1101 2822 illius
1123 2761 1288 2823 Ecclesiae

152 2847 353 2914 utilitatibus.
394 2843 433 2904 Si
454 2844 525 2928 quis
554 2855 658 2904 autem
686 2862 739 2902 eas
760 2839 859 2915 inde,
892 2841 980 2926 quod
996 2839 1083 2928 fieri
1108 2841 1288 2905 naellatemls

153 2927 272 3000 credo,
292 2927 479 2999 abstulerit,
499 2926 555 2988 sub
569 2947 665 3010 poena
683 2923 843 3002 sacrilegii
855 2947 898 2987 ex
912 2927 970 2987 boc
983 2927 1219 2999 DominoDeo',
1239 2925 1291 2986 cui

153 3035 209 3078 eas
224 3008 329 3094 offero
349 3021 442 3093 atque
464 3006 579 3070 dedico
587 3052 599 3081 ,
625 3006 875 3068 districtissimas
891 3005 1009 3070 reddat
1025 3013 1173 3072 rationes.
1192 3007 1290 3072 Ponit

157 3097 254 3161 etiam
276 3093 310 3152 in
333 3113 371 3153 ea
386 3091 465 3153 alias
485 3089 744 3166 coniurationes,
766 3109 845 3172 quas
865 3111 1055 3154 enumerare
1079 3092 1214 3176 longum
1235 3098 1293 3152 est.

156 3174 317 3258 Numqui
342 3196 395 3236 eae
417 3173 493 3236 inde
514 3173 625 3257 posteb
646 3174 769 3249 aufert,
796 3171 877 3253 quid
894 3175 960 3257 agit
983 3175 1047 3237 nisi
1067 3173 1293 3257 sacrilegium?

160 3261 196 3324 si
215 3280 293 3342 ergo
320 3257 424 3318 amico
449 3257 616 3342 quippiam
644 3275 758 3339 rapere
782 3255 906 3314 furtum
928 3266 996 3337 est,
1024 3258 1192 3321 Ecclesiae
1215 3255 1294 3320 verb

160 3339 305 3409 fraudari
321 3342 376 3404 rel
392 3339 514 3401 auferri
536 3338 759 3400 indubitanter
778 3337 984 3422 sacrilegium
1001 3350 1058 3404 est.
1100 3341 1194 3402 Unde
1213 3349 1246 3402 et
1260 3338 1295 3398 in

162 3423 261 3492 sacris
281 3422 468 3486 Canonibus
491 3422 616 3507 Spiritu
641 3421 703 3483 Dei
725 3420 885 3498 conditis,
911 3422 1050 3485 habetur
1072 3423 1116 3485 ita
1138 3449 1146 3484 ι
1168 3422 1297 3505 Siquis

164 3507 339 3572 oblationes
352 3505 514 3567 Ecclesiae
529 3519 624 3568 extra
636 3504 812 3565 Ecclesiam
828 3506 971 3588 accipere
987 3507 1044 3574 arel
1061 3507 1141 3569 dare
1159 3504 1299 3567 uoluerit

163 3601 293 3678 praeter
312 3587 466 3673 Episcopi
485 3590 731 3658 conscientiam,
753 3586 809 3646 uel
831 3588 898 3646 elus
920 3591 971 3648 cui
991 3587 1209 3651 huiuscemodi
1227 3598 1300 3648 sunt

166 3669 282 3758 officia
306 3671 495 3744 commissa,
529 3691 585 3733 nec
608 3692 678 3731 cum
698 3671 766 3729 eius
785 3667 927 3732 voluerit
945 3692 1037 3752 agere
1052 3673 1185 3734 consilio
1193 3716 1206 3745 ,
1223 3691 1301 3731 ana-

169 3757 274 3816 tliema
295 3755 346 3815 sit.
387 3751 481 3814 Absit
504 3753 592 3814 enim
620 3761 788 3813 utrarum
811 3752 1100 3816 ecclesiasticarum
1125 3753 1303 3837 cupiditate

169 3837 224 3918 sel
245 3835 408 3898 ablatione
433 3835 583 3920 sacrilegi
608 3845 664 3896 aut
689 3833 859 3896 anathema
882 3836 1075 3917 efficiamur,
1107 3845 1164 3898 aut
1186 3835 1305 3898 talibus

170 3918 298 4003 laqueis
320 3939 466 4002 unquam
491 3918 735 3991 devinciamur;
762 3918 917 4002 quoniam
940 3921 1059 3983 seimus
1088 3918 1308 3982 anathematos

170 4000 337 4081 homines,
352 4001 414 4074 ,vel
437 3999 633 4086 sacrilegos,
655 4023 722 4064 non
745 4001 851 4064 sellim
877 4003 1029 4084 infames,
1052 4013 1086 4066 et
1107 4003 1126 4064 l
1144 4002 1308 4065 consortio

173 4083 340 4162 fidelium,
362 4082 552 4167 prinsquam
571 4085 651 4147 haee
666 4105 725 4168 per
738 4083 903 4166 publicam
922 4087 1173 4150 satisfactionem
1191 4087 1310 4150 Eccle-

174 4166 254 4232 siae·
270 4176 304 4227 et
324 4165 563 4251 Episcoporum
582 4167 845 4231 conciliationem
867 4171 1046 4252 manusque
1070 4169 1312 4254 impositionem

177 4249 372 4326 emendent,
395 4248 518 4315 alienos
536 4272 624 4331 esse,
642 4249 700 4313 sed
718 4249 814 4311 etiam
835 4251 852 4311 l
872 4273 974 4336 regno
988 4254 1050 4317 Dei
1072 4264 1217 4317 extorres
1230 4253 1313 4322 fieri,

178 4331 206 4396 si
228 4331 264 4393 in
284 4329 402 4394 talibus
421 4331 619 4416 defecerint,
640 4353 707 4398 non
727 4333 920 4398 dubitamus.
962 4339 1005 4402 Ut
1020 4338 1097 4425 ergb
1117 4336 1222 4403 omnis
1243 4355 1315 4400 sus-
