2952 4988
197 315 272 396 234
451 337 488 395 a,
507 335 595 396 cas.
700 335 959 396 cartaucaaaa
1062 337 1126 402 so).

235 501 264 542 2.
286 475 399 543 XXII.
441 479 485 542 Ut
518 477 659 558 Iudices,
697 477 917 556 vicedomini,
943 475 1136 564 Praepositi,
1163 477 1334 557 Advocati,

193 561 395 639 Centenarii,
417 563 569 626 scabinei
588 561 667 626 boni
691 572 724 626 et
740 583 873 626 veraces
886 569 919 624 et
941 563 1111 641 mansuetI,
1129 583 1204 624 cum
1223 562 1335 626 Comi-

192 655 225 709 tc
239 645 417 792 eplpopolo,
434 645 598 731 eligantur
614 655 647 709 et
659 646 901 710 constituantur
921 642 963 706 ad
978 665 1035 708 sua
1048 643 1229 710 ministeria
1239 667 1336 709 exer-

194 751 254 794 ceo
279 751 307 790 a.

276 807 410 874 XXIII.
452 810 487 876 Si
515 832 594 874 vero
622 811 807 876 Advocatus
832 820 1070 874 sacramentum
1090 819 1204 873 contra
1235 811 1336 872 alium

192 893 368 1037 babuerit,d
378 902 411 956 et
429 893 536 958 iurare
553 916 617 956 non
637 903 754 980 potest,
775 904 909 980 propter
934 893 998 956 boc
1020 893 1221 958 beneficiam
1240 917 1337 956 suum

193 999 261 1044 nou
311 997 347 1038 er
370 985 411 1038 at.

275 1001 400 1124 XXIV.
442 1061 491 1121 De
513 1057 630 1122 debitis
646 1083 709 1144 pau
734 1083 828 1126 erum
847 1059 1077 1140 anterior-ibus,
1095 1071 1129 1124 et
1142 1061 1276 1144 negotia
1289 1061 1338 1122 Ia·

192 1142 310 1208 cIenda
326 1150 499 1226 antequam
520 1143 644 1204 fructus
675 1084 871 1228 coIIigatur‚.
883 1144 1018 1207 omnino
1039 1145 1171 1208 inanted
1191 1145 1339 1207 cavenda

191 1225 256 1291 boc
273 1247 313 1289 ex
337 1245 393 1288 ore
407 1225 540 1308 proprio
562 1226 664 1288 locuti
681 1251 801 1290 sumus.
845 1228 1076 1323 Unusquisque
1091 1228 1255 1312 praesenti
1280 1249 1340 1287 an·

193 1331 249 1390 no,
272 1309 340 1454 abiae
355 1307 459 1370 libero
481 1308 549 1374 site
571 1331 676 1390 servo,
698 1333 792 1374 suum
817 1311 857 1374 de
883 1313 976 1374 famas
1003 1311 1114 1396 inopia
1136 1310 1339 1373 adiutorIum

219 1413 273 1456 rae
298 1399 358 1454 eat.
1176 1451 1180 1458 .

195 1415 218 1479 P
275 1475 377 1538 XXV.
419 1471 462 1536 Ut
481 1474 553 1536 Ioca
574 1473 630 1537 ubi
655 1475 775 1574 placita
799 1497 867 1540 esse
892 1475 1025 1554 debent,
1051 1476 1136 1538 bene
1159 1484 1340 1538 restaurata

193 1557 283 1638 bant,
302 1557 388 1621 sicut
406 1577 462 1620 ore
482 1557 616 1642 proprio
630 1557 783 1638 daximus,
798 1582 865 1644 quo
881 1559 915 1622 in
935 1559 1075 1622 hiberno
1099 1567 1140 1621 et
1159 1559 1194 1619 in
1217 1570 1338 1622 aestate

193 1641 235 1706 ad
249 1640 368 1729 placita
383 1639 584 1706 observanda
604 1664 680 1704 usus
700 1665 769 1706 esse
789 1643 899 1728 possit.

276 1722 398 1790 XXVI.
439 1725 488 1785 De
524 1725 763 1806 traditionibus,
796 1737 834 1790 ut
868 1725 902 1788 in
930 1725 1120 1790 abscondito
1157 1747 1224 1789 non
1258 1724 1341 1789 fiant

192 1818 328 1894 propter
342 1808 570 1872 contentiones
590 1808 745 1872 diversas.

277 1889 417 1955 XXVII.
459 1893 503 1952 Ut
522 1893 633 1954 nuIIus
650 1893 905 1978 comparationes
921 1893 1018 1956 faciat
1029 1916 1105 1956 cum
1123 1911 1269 1980 paupere
1282 1890 1339 1954 do-

195 1973 276 2054 lose,
297 1972 361 2035 nisi
402 1993 438 2036 er
459 1973 624 2038 iustitiam.
823 2035 826 2044 ,

277 1995 435 2121 XXVIII.
477 2061 520 2120 Ut
555 2069 703 2142 ostquam
721 2057 861 2142 quisque
878 2059 918 2122 ad
935 2069 1072 2122 mortem
1094 2059 1196 2122 suerit
1214 2057 1342 2119 iudica-

194 2148 257 2219 tus,
275 2159 384 2222 neque
399 2139 503 2203 Index
526 2080 591 2220 dat,
618 2163 726 2226 neque
750 2142 931 2220 Scabinius,
953 2165 1062 2226 neque
1081 2143 1185 2220 testis,
1207 2163 1270 2204 nec
1299 2142 1341 2202 ad

193 2232 428 2288 sacramentum
453 2223 651 2309 recipiatur;
684 2225 741 2288 sed
766 2227 854 2288 unde
885 2225 942 2286 alii
973 2226 1080 2289 iurare
1109 2226 1241 2304 debent,
1268 2225 1341 2310 ipse

193 2326 323 2391 semper
341 2305 383 2370 ad
397 2306 555 2370 iudicium
573 2309 636 2372 Dei
663 2309 896 2382 examinandus
911 2309 1052 2371 accedat.

277 2388 400 2468 XXIX.
443 2392 649 2454 Sacramenta
663 2413 742 2454 vcro
755 2413 839 2476 quae
863 2391 904 2453 ad
925 2391 1081 2476 palatium
1104 2391 1228 2454 fuerint
1247 2389 1340 2452 iudi·
1455 2429 1456 2436 κ

196 2481 277 2552 cata,
299 2473 421 2536 ibidem
439 2474 604 2538 finiantur.
646 2475 732 2536 Etsi
754 2476 1066 2538 consacramentales
1088 2474 1238 2536 homines
1262 2496 1342 2534 cum

138 2607 141 2614 .
196 2555 267 2638 ipso
290 2555 404 2620 venire
427 2559 612 2638 renuerint,
631 2557 773 2621 iussione
795 2559 957 2622 dominicd
974 2568 1030 2620 aut
1050 2557 1198 2620 indiculo
1222 2557 1264 2619 ad
1281 2580 1342 2641 pa-

186 2637 313 2704 ,latium
335 2640 451 2703 venire
474 2651 642 2726 cogantur.
1454 2711 1455 2714 ,

278 2720 386 2785 XXX.
428 2725 478 2786 De
501 2725 568 2787 illis
585 2721 773 2787 homiuibus
789 2723 848 2869 qui
863 2735 1006 2822 'propter
1030 2745 1145 2788 eorum
1165 2723 1278 2806 culpas
1302 2722 1343 2783 ad

196 2813 334 2868 mortem
349 2805 484 2870 Iudicati
505 2808 640 2888 fuerint,
660 2817 693 2870 et
712 2816 801 2890 poste
841 2829 889 2870 eas
913 2819 978 2871 vata
995 2805 1096 2870 fuerit
1123 2828 1288 2882 concessa,
1315 2806 1342 2866 si
1454 2829 1455 2852 .

196 2888 259 2974 ipsi
275 2887 430 2951 iustitiam
446 2891 486 2952 ab
500 2891 572 2953 aliis
592 2890 813 2976 requisierint,
831 2879 891 2952 isat
911 2893 951 2953 ab
971 2892 1018 2954 eis
1029 2889 1186 2952 iustitiam
1199 2910 1342 2972 quaere·

195 2993 232 3036 re
251 2971 429 3052 soluerint,
445 2974 597 3058 qualiter
618 2976 705 3038 inter
726 2973 801 3036 illos
826 2973 985 3036 iudicium
1002 2972 1205 3035 terminetur.
1228 2972 1342 3033 Primo

199 3055 398 3132 omniumdc
416 3057 481 3119 illis
499 3059 603 3120 causis
625 3081 685 3143 pro
707 3057 828 3140 quibus
849 3056 1010 3120 iudIcatus
1026 3056 1091 3118 fuit
1115 3057 1156 3118 ad
1184 3063 1340 3130 mortem,
1453 3113 1454 3138 ,

196 3138 322 3200 nullam
337 3147 443 3222 potest
461 3142 568 3204 tacere
594 3139 835 3225 repetitionem,
857 3140 935 3222 qnia
967 3161 1078 3203 omnes
1108 3161 1161 3202 res
1190 3159 1267 3200 suae
1293 3159 1342 3198 se·
1453 3153 1454 3192 1

196 3222 343 3283 cundum
367 3221 525 3286 iudIcium
548 3227 750 3286 Francorum
779 3222 813 3286 in
845 3223 978 3306 publico
1000 3225 1138 3285 fuerunt
1158 3230 1341 3284 revocatae.

196 3305 240 3366 Et
269 3303 295 3366 si
323 3305 449 3388 aliquid
474 3307 725 3391 inpostmodum,
754 3315 924 3390 postquam
954 3307 985 3370 ei
1006 3307 1073 3371 vita
1103 3327 1255 3376 concessa
1279 3314 1339 3379 est,
1453 3309 1454 3318 ³

199 3409 274 3450 cum
293 3388 416 3450 iustitia
435 3391 608 3473 adquirere
628 3389 759 3473 poterit,
782 3390 817 3448 in
841 3411 899 3451 sua
917 3390 1066 3452 libertate
1088 3398 1207 3465 teneat,
1235 3395 1267 3448 et
1286 3387 1341 3447 de·

195 3469 309 3534 fendat
328 3473 508 3535 secundum
532 3473 647 3556 legem.
690 3473 728 3533 In
753 3472 940 3535 testImonio
957 3495 1023 3535 non
1047 3471 1253 3556 suscipiatur,
1277 3490 1339 3530 nec

196 3552 285 3616 inter
306 3555 475 3619 Scabiuios
494 3557 535 3618 ad
558 3557 663 3638 legem
679 3555 886 3618 iudicandam
902 3559 1013 3619 Iocum
1028 3565 1149 3616 teneat.
1191 3556 1235 3615 Et
1254 3551 1280 3613 si
1299 3551 1340 3611 ad

197 3648 435 3700 sacramentum
453 3640 577 3722 aliquid
596 3640 625 3700 ei
646 3639 825 3700 iudicatum
841 3641 943 3702 fuerit
969 3639 1058 3723 quod
1082 3639 1190 3698 iurare
1212 3635 1339 3711 debeat,

196 3717 224 3780 si
234 3719 361 3815 'aliquis
378 3722 483 3867 ipdsum
504 3731 740 3786 sacramentum
755 3722 873 3785 falsum
895 3723 1005 3786 dicere
1022 3719 1176 3799 voluerit,
1198 3741 1272 3795 cum
1293 3739 1341 3778 ar-

198 3822 259 3864 mas
279 3811 397 3865 conten
424 3815 464 3868 at.

280 3883 410 3949 XXXI.
455 3888 490 3952 si
512 3887 611 3950 alicui
633 3897 705 3971 post
730 3885 889 3951 iudicium
904 3887 1129 3951 Scabinioram
1152 3884 1255 3946 fuerit
1275 3883 1341 3946 vita
1451 3885 1452 3896 ¹

197 3988 362 4063 eoncessa,
384 3977 418 4032 et
442 3972 510 4055 ipse
533 3971 774 4115 inpostmodum
793 3973 903 4055 aliqua
930 3973 1014 4033 mala
1033 3969 1279 4054 perpetraverit,
1309 3975 1345 4028 et·

198 4051 357 4111 austatiam
371 4053 510 4116 reddere
527 4077 569 4117 no
586 4055 683 4133 uerit,
699 4055 839 4116 diceudo
855 4055 944 4138 quod
964 4064 1110 4115 mortuus
1134 4052 1186 4130 sit,
1215 4061 1248 4112 ct
1267 4051 1340 4111 ideo

198 4131 355 4194 iustitiam
371 4135 509 4200 reddere
527 4159 594 4199 non
614 4137 740 4216 debeat,
755 4145 910 4199 statutum
926 4147 975 4199 est
999 4147 1034 4198 ut
1047 4137 1198 4220 superius
1222 4133 1341 4196 iudici·
1451 4201 1452 4216 χ

198 4215 424 4278 umsustineat
446 4220 535 4314 quod
559 4230 654 4281 antea
680 4219 840 4282 sustinere
868 4221 990 4282 debuit.
1031 4221 1074 4281 Et
1099 4219 1125 4280 si
1149 4217 1267 4300 aliquIs
1289 4215 1343 4277 ad*

198 4317 309 4358 versus
327 4319 401 4359 eum
424 4302 548 4384 aliquid
567 4302 787 4382 malefecerit,
808 4305 990 4367 secuudum
1007 4300 1177 4387 aequitatis
1193 4300 1343 4365 ordInem
