2928 4986
274 285 406 341 s.cun.
511 283 648 340 aucun
673 279 911 342 sanucoauu
1017 287 1079 345 an.
1188 263 1261 338 ets

127 425 277 502 cesserit,
307 426 425 508 absque
450 422 604 506 legitimis
624 423 735 486 liberis
762 424 858 485 rebus
889 423 1038 485 humanis
1068 427 1262 503 excesserit,

115 519 260 594 propter
278 508 422 570 omnium
445 508 581 570 salutem
598 515 631 567 et
643 507 807 568 Ecclesiae
832 508 1122 589 tranquillitatem,
1145 521 1176 571 et
1196 505 1264 573 lin-

127 586 212 676 perii
235 591 411 670 unitatem,
432 591 466 650 in
490 590 649 674 elegendo
665 612 732 650 uno
753 611 794 650 ex
815 590 927 652 liberis
950 591 1090 666 nostrie,
1112 594 1139 654 si
1155 615 1265 676 super-

129 675 218 736 stites
233 674 324 735 fratri
344 695 402 736 suo
417 673 569 752 fuerint,
583 693 654 732 eam
671 695 767 754 quam
789 673 822 732 in
841 671 931 736 illius
947 674 1109 737 electione
1128 677 1265 738 fecimus

128 757 372 835 conditionem,
403 757 588 826 imitentur;
622 766 782 836 quatenus
818 756 851 815 iu
880 779 919 817 eo
947 757 1177 821 constituendo
1200 781 1266 821 non

130 839 271 900 humana
282 887 291 919 ,
311 841 368 901 sed
382 841 446 901 Dei
467 849 643 922 quaeratur
664 841 815 902 voluntas
834 839 1050 923 adimplenda.

296 997 626 1059 ctrrrurtnn
669 951 1102 1075 Aoutsenauunsa

264 1117 327 1186 De
352 1118 490 1188 vitaer
516 1117 798 1186 conversatione
821 1114 1122 1206 Monacborum,

132 1249 217 1322 Sive
237 1261 436 1323 conventus
448 1247 749 1348 Aquisgranensis
763 1247 946 1320 Abbatum
964 1260 1001 1318 et
1017 1248 1220 1320 Monachu-

181 1373 265 1418 rum
280 1351 381 1440 regni
397 1349 647 1436 Francorum,
675 1350 714 1417 in
740 1375 811 1440 quo
838 1349 976 1420 sancita
1001 1359 1087 1417 sunt
1113 1351 1220 1442 Capi-

79 1472 82 1480 *
182 1449 259 1516 tula
274 1449 477 1540 octuaginta
492 1449 537 1520 ad
552 1449 790 1518 continendos
802 1451 841 1517 in
859 1448 980 1518 officio
997 1449 1198 1520 Monachus
1209 1443 1225 1528 tx

182 1571 275 1640 quae
294 1573 376 1617 cum
394 1547 575 1640 Principis
600 1549 816 1618 auctoritate
843 1547 1036 1618 constituta
1052 1546 1219 1632 fuissent,

184 1648 231 1715 ab
256 1670 374 1740 eoque
395 1649 565 1740 deinceps
592 1645 817 1741 approbata,
845 1649 942 1716 inter
966 1650 1044 1718 eius
1072 1648 1220 1742 Capitu-

449 1747 541 1816 laria
565 1748 700 1818 referri
724 1759 952 1817 meruerunt.

134 1839 252 1960 Anno
266 1899 496 1962 incarnationis
509 1901 640 1962 Domini
656 1901 758 1964 nostri
775 1901 849 1963 lesu
867 1901 988 1964 Christi
999 1901 1208 1966 DCCCXVII
1221 1913 1271 1989 p),

135 1981 265 2052 imperii
291 2006 369 2045 vero
395 1985 615 2068 gloriosissimi
650 1985 812 2068 Principis
844 1986 1042 2048 Hludouvici
1067 1995 1200 2068 quarto,
1230 2009 1274 2048 v1.

110 2113 112 2117 -
135 2067 215 2130 Ides
233 2067 355 2144 Iulias,
379 2091 452 2129 cum
474 2068 505 2128 in
528 2069 623 2129 domo
644 2067 842 2150 Aquisgrani
859 2069 992 2150 palatii,
1010 2091 1093 2150 quae
1107 2070 1274 2130 Lateranis

137 2151 268 2228 dicitur,
286 2150 423 2212 Abbates
441 2152 634 2233 (complures
660 2153 726 2212 una
744 2161 818 2212 cum
837 2151 902 2212 suis
921 2156 961 2235 q)
992 2152 1187 2214 resedissent
1202 2153 1274 2214 Μο-

137 2236 267 2313 nachis,
281 2233 361 2295 haec
381 2255 463 2317 quae
480 2235 723 2314 subsequuntur
737 2233 888 2316 Capitula
904 2234 1070 2296 communi
1084 2235 1222 2296 consilio
1238 2257 1275 2296 ac
1371 2297 1373 2305 Α

135 2318 206 2399 pari
229 2318 394 2380 voluntate
418 2317 654 2380 inviolabiliter
676 2316 926 2400 aRegularihus
948 2318 1133 2380 conservari
1159 2319 1275 2380 decre-

136 2409 264 2462 verunt.

435 2485 580 2546 tanes
610 2485 972 2546 Germanorum.

137 2601 186 2660 De
215 2600 408 2672 Abbatibus,
440 2623 517 2662 mox
544 2589 579 2660 ut
601 2599 647 2660 nd
674 2603 866 2661 monasteria
893 2622 950 2660 sun
976 2603 1207 2675 remeaverint,
1243 2615 1277 2662 ut

165 2685 317 2764 ¹regulum
341 2684 531 2760 discutiunt,
553 2696 584 2743 et
604 2681 782 2770 efficaciter
796 2685 921 2762 legant,
945 2696 976 2743 et
994 2682 1082 2766 quod
1101 2685 1235 2765 legerint

271 2779 302 2826 et
323 2767 560 2838 intellexerint,
584 2789 654 2827 cum
676 2769 740 2826 suis
764 2768 933 2829 observent
952 2767 1130 2827 Monncbis.

218 2875 244 2934 Ι.
287 2875 331 2934 Ut
353 2873 508 2950 Abbates,
531 2895 606 2933 mox
633 2883 669 2934 ut
690 2873 730 2934 ad
746 2872 939 2935 monasteria
960 2895 1017 2934 sua
1037 2874 1277 2949 remeaverint,

136 2957 283 3040 regulam
295 2978 355 3039 per
372 2957 517 3039 (singula
536 2956 635 3018 verba
654 2962 688 3035 r)
713 2958 922 3019 discutientes
939 2956 1082 3039 pleniter
1099 2958 1226 3039 legant,
1246 2967 1277 3017 et

137 3041 385 3124 intelligentes,
414 3039 554 3102 Domino
581 3040 780 3124 opitulante,
814 3039 986 3102 efficaciter
1013 3061 1088 3100 cum
1109 3039 1277 3102 Monachis

137 3125 203 3188 suis
220 3124 355 3208 implere
374 3124 535 3187 studeant.

138 3233 187 3292 De
212 3233 401 3305 Monacbis,
433 3245 466 3292 ut
495 3232 633 3310 regulam
658 3233 761 3292 suncti
786 3229 975 3302 Benedicti,
1013 3231 1069 3315 qui
1088 3228 1276 3302 valuerint,

542 3318 724 3376 memoriter
751 3314 884 3376 discant.

139 3503 170 3564 d·
220 3420 265 3484 ll.
309 3423 352 3484 Ut
372 3421 524 3484 Monachi
537 3443 668 3501 omnes,
686 3421 742 3506 qui
756 3429 908 3506 possunt,
930 3418 1116 3481 memoriter
1131 3417 1279 3503 regulam

162 3515 272 3567 1scant.

179 3612 228 3670 De
244 3615 382 3692 regulari
403 3611 514 3697 officio
523 3659 535 3687 ,
558 3627 592 3674 ut
613 3615 705 3673 iuxta
722 3622 926 3696 praeceptum
947 3611 1050 3671 saneti
1073 3607 1239 3672 Benedicti

543 3697 699 3758 celebrent
719 3694 881 3755 Monacbi.
1024 3695 1026 3700 '

7 3827 26 3864 „
221 3775 286 3840 III.
328 3779 371 3838 Ut
401 3777 542 3840 officium
563 3780 653 3839 iuxta
676 3777 765 3859 quod
785 3777 819 3835 in
847 3775 961 3858 regula
986 3772 1088 3838 sancti
1109 3773 1279 3836 Benedicti

128 3861 349 3962 continetur,
374 3863 542 3924 celebrent
558 3861 720 3923 Monachi.
829 3931 831 3936 Ι

139 3984 475 3998 Μ*

172 4056 205 4118 p)
223 4049 257 4102 al.
285 4069 331 4105 ms.
363 4053 733 4125 Dcccxvmmperttm
770 4058 808 4125 q)
828 4050 1280 4124 al.mss.cumqunmpluribusuna

104 4133 105 4136 ’
244 4140 306 4176 vero
329 4123 522 4191 gloriosissimi
546 4122 684 4194 Principis
839 4125 896 4174 suis
905 4143 915 4188 ,·
933 4140 992 4176 cum
1006 4121 1214 4194 quampluribus
1224 4138 1281 4174 una

242 4192 417 4246 Hludcuvici
434 4197 514 4246 tertio
533 4211 628 4255 αιιιιο,
649 4195 684 4244 Χ.
839 4212 899 4246 cum
918 4194 982 4246 suis.

243 4267 307 4317 Kal.
319 4266 487 4336 Septembris.
770 4269 806 4332 r)
825 4265 858 4316 al.
879 4283 925 4316 nis.
944 4263 1071 4333 singulas
1087 4262 1247 4316 sententias.
