2928 4986
191 303 264 378 382
454 319 594 378 ncur.
701 313 957 374 castraretur
1073 311 1135 374 su.

190 467 308 543 buerit,
340 479 371 525 et
398 467 485 526 intra
514 481 649 534 annum,
668 473 835 546 postquam
860 457 890 516 ei
911 457 931 516 b
953 455 1073 518 Comite
1107 453 1163 516 uel
1185 456 1206 516 b
1232 456 1339 520 Misso

189 562 299 610 nostro
324 560 432 608 notum
447 545 575 627 sactum
590 539 720 624 fuerit.
748 538 833 602 illud
862 539 1062 601 emendatum
1081 559 1146 601 non
1167 539 1337 614 babuerit,

189 635 292 716 ipsum
313 627 500 715 benificium
517 629 651 688 amittat.

313 720 316 730 Δ
498 735 546 796 De
567 729 658 792 malis
679 728 823 792 Scabinis
843 723 1017 790 eliciendis.
1080 799 1083 806 Ι
1176 727 1179 734 ’

272 845 318 913 Il.
362 849 405 910 Ut
417 841 506 906 Missi
522 839 623 904 nostri
638 839 828 922 ubicunqne
842 835 942 896 malos
960 834 1135 900 Scabineos
1147 835 1338 916 inveniunt,

189 933 328 1012 eiciant,
347 939 379 994 et
392 927 490 990 totius
505 922 616 1010 populi
631 943 791 986 consensu
805 921 838 982 in
857 921 929 982 loco
954 941 1068 984 eorum
1083 917 1187 983 bonos
1203 921 1337 1002 eligant.

189 1017 322 1078 Etcum
341 1011 435 1077 electi
458 1009 601 1087 inierint,
624 1005 730 1068 iurare
749 1004 870 1067 faciant
899 1013 935 1064 ut
953 1003 1096 1068 scienter
1115 1004 1236 1066 iniuste
1253 1003 1338 1066 iudi·

191 1119 264 1162 care
281 1120 347 1160 non
368 1096 517 1158 debcant.

410 1201 459 1263 De
475 1199 656 1262 melioribus
675 1209 707 1256 et
724 1194 941 1257 veracioribus
958 1191 1119 1274 eligendis.

272 1311 335 1378 Ill.
377 1310 472 1372 Utin
495 1307 582 1370 omni
604 1305 755 1367 comitato
780 1302 814 1364 hi
838 1299 896 1382 qui
916 1303 1066 1366 meliores
1101 1318 1134 1371 et
1154 1307 1336 1372 veraciores

191 1395 332 1460 inveniri
352 1403 505 1474 possunt,
528 1391 691 1474 eligantur
712 1387 730 1447 d
757 1385 860 1449 Missis
900 1389 1017 1453 nostris
1038 1390 1079 1452 ad
1105 1391 1334 1476 inquisitiones

187 1479 351 1541 faciendas
371 1485 402 1538 et
418 1475 466 1537 rei
483 1475 650 1537 veritatem
669 1469 856 1549 dicendam,
890 1480 923 1536 et
939 1481 975 1534 ut
994 1473 1156 1538 adiutores
1171 1473 1334 1536 Comitum

185 1563 253 1646 sint
277 1561 318 1622 ad
338 1559 474 1624 iustitias
492 1555 665 1622 iaciendas.

204 1669 253 1730 De
266 1667 411 1729 Scabinis
432 1667 487 1750 qui
503 1677 636 1752 propter
655 1682 786 1724 munera
804 1674 835 1722 et
855 1663 1025 1722 amicitiam
1045 1659 1158 1724 iniustb
1179 1659 1333 1723 iudicant.

273 1773 331 1838 lv.
379 1773 538 1836 Volumus
574 1779 610 1832 ut
638 1772 827 1854 quicunque
859 1769 899 1832 de
939 1763 1083 1832 scabinis
1110 1767 1334 1851 deprehensus

188 1859 288 1920 fuerit
306 1865 438 1939 propter
451 1876 585 1916 munera
598 1863 653 1915 aut
677 1863 811 1938 propter
828 1851 1003 1916 amicitiam
1019 1851 1137 1916 iniustis
1156 1850 1330 1929 iudicasse,

189 1951 228 2003 ut
243 1961 302 2024 per
320 1939 523 2000 fideiussores
544 1933 657 1998 missus
679 1937 719 1998 ad
733 1936 948 2022 praesentiam
963 1947 1101 1998 nostram
1121 1931 1239 1998 teniat.
1280 1938 1330 1996 De

190 2033 319 2086 caetero
340 2021 488 2082 omnibus
512 2019 658 2082 Scabiuis
680 2019 893 2080 denuntietur
910 2019 1043 2102 nequis
1062 2018 1216 2102 deinceps
1232 2019 1329 2081 etiam

79 2111 83 2122 '
190 2108 312 2168 iustum
332 2103 490 2166 iudicium
505 2103 647 2166 vendere
672 2109 863 2186 praesumat.

190 2223 239 2284 De
252 2221 398 2303 legitimis
418 2230 449 2282 et
465 2217 702 2282 rationabilibus
727 2213 1019 2281 commutationibus
1033 2215 1242 2280 Ecclesiamm
1254 2205 1328 2276 Dei.

277 2329 317 2392 V.
358 2327 554 2410 Ubicunque
571 2328 836 2390 commutationes
853 2335 918 2388 tam
936 2333 1079 2410 tempore
1093 2335 1199 2388 nostro
1212 2345 1329 2407 quam*

191 2435 256 2496 que
281 2409 436 2494 genitoris
458 2409 560 2472 nostri
583 2411 743 2494 legitimae
759 2420 790 2474 et
808 2409 1015 2472 rationabiles
1036 2418 1131 2492 atque
1144 2409 1240 2470 utiles
1254 2409 1321 2468 Ec-

190 2493 299 2560 clesiis
315 2491 376 2554 Dei
390 2493 492 2556 factae
508 2501 603 2572 sunt,
624 2503 843 2576 permaneant.
892 2493 1084 2574 Ubicunque
1103 2513 1182 2556 vero
1198 2491 1331 2558 inutiles

192 2589 226 2641 et
244 2577 465 2638 incommodae
486 2584 582 2658 atque
603 2575 845 2638 inrationabiles
866 2575 1079 2652 factitarunt,
1102 2574 1333 2656 dissolvantur,-

192 2671 225 2723 et
240 2658 376 2741 recipiat
389 2659 611 2744 unusquisque
626 2657 715 2742 quod
735 2659 834 2723 dedit.
886 2656 949 2720 Ubi
972 2679 1050 2720 vero
1073 2667 1199 2720 mortua
1217 2677 1331 2722 manus

192 2743 378 2820 interiacet,
400 2752 459 2804 aut
485 2741 547 2802 ulia
565 2742 730 2824 quaelibet
745 2763 840 2804 causa
869 2761 952 2824 quae
984 2740 1224 2818 (rationabilis)
1261 2763 1330 2805 esse

190 2827 356 2904 videatur,
379 2825 513 2887 inventa
529 2822 645 2903 fuerit,
665 2823 839 2910 diligenter
861 2821 1076 2904 describatur,
1091 2832 1124 2886 et
1137 2825 1178 2888 ad
1191 2835 1332 2888 nostram

193 2908 341 2971 notitiam
360 2909 552 2992 perferatur.

231 3027 288 3090 De
304 3045 340 3088 eo
359 3025 415 3110 qui
430 3021 582 3108 probatus
596 3020 815 3166 sueriglqustes
849 3024 883 3084 in
895 3021 1071 3107 periurium
1089 3026 1225 3088 scienter
1244 3025 1291 3086 in·

762 3125 832 3168 1550·

273 3217 332 3279 VI.
373 3213 572 3296 Quicunque
589 3211 814 3296 comprobatus
834 3213 933 3276 fuerit
955 3213 996 3276 de
1016 3234 1056 3276 eo
1077 3211 1167 3296 quod
1188 3213 1330 3278 scienter

191 3309 289 3363 testes
315 3299 350 3358 in
369 3297 551 3381 periurium
572 3295 769 3373 induxisset,
791 3295 851 3358 sub
876 3295 1083 3360 fideiussione
1106 3295 1147 3356 ad
1176 3297 1329 3380 palatium

193 3391 339 3446 nostrum
362 3377 473 3442 venire
495 3379 729 3462 compellatur,
752 3389 788 3440 ut
804 3379 849 3440 ibi
865 3401 940 3442 cum
954 3375 1105 3442 fidelibus
1119 3379 1237 3444 uostris
1252 3403 1329 3443 con·

192 3467 370 3530 rideremus
390 3461 470 3546 quid
487 3462 527 3525 de
544 3461 601 3523 tali
619 3461 752 3523 homine
771 3461 958 3526 faciendum
974 3461 1025 3525 sit.
1220 3471 1223 3474 '

489 3592 538 3653 De
566 3590 822 3656 discordantibus
843 3595 1049 3658 bominibus·

273 3699 349 3764 Vll.
390 3699 439 3764 De
472 3699 523 3762 his
557 3699 615 3782 qai
649 3699 817 3762 discordiis
846 3707 878 3762 et
905 3697 1169 3770 contentionibus
1196 3703 1327 3764 studere

191 3784 318 3862 solent,
341 3793 374 3846 et
390 3785 423 3844 in
445 3804 523 3868 pace
537 3783 711 3860 viverem)
731 3783 865 3860 nolunt,
891 3791 925 3846 et
941 3783 1016 3845 inde
1031 3785 1173 3847 convicti
1190 3785 1325 3863 fuerint,

190 3865 341 3929 similiter
366 3868 515 3928 volumus
540 3873 576 3927 at
602 3863 662 3927 snb
679 3863 921 3930 fideiussoribus
941 3867 982 3928 ad
1002 3875 1148 3930 nostrum
1168 3867 1326 3950 placitum

189 3949 341 4028 veniant,
362 3961 399 4012 at
419 3949 464 4010 ibi
481 3971 556 4010 cum
570 3947 720 4011 fidelibus
735 3949 853 4016 nostris
866 3950 1105 4016 consideremus
1122 3951 1203 4037 quid
1219 3949 1260 4013 de
1275 3959 1324 4012 ta·

188 4029 275 4096 libas
292 4031 479 4096 faciendum
492 4032 542 4095 sit.
713 4041 716 4048 '

200 4191 440 4212 nun—nnn·-

223 4291 272 4350 m)
289 4283 323 4338 sl.
342 4303 390 4338 ms.
408 4283 440 4336 in
456 4301 551 4354 pacem
568 4283 673 4339 uenire.
