2952 4988
195 277 268 350 272
447 294 593 356 acan.
696 295 955 354 casurusne
1046 292 1110 354 ut.

145 421 149 429 ’
195 439 245 499 De
265 435 314 498 lais
336 436 392 518 qui
404 433 562 520 fidelium
577 437 753 500 oblationes
778 435 927 520 auserunt
948 436 1005 498 oei
1023 450 1172 511 vastam,
1193 453 1248 504 out
1269 443 1339 504 sine

364 521 493 604 proprii
506 517 661 605 Episcopi
675 523 814 584 iussione
829 520 907 582 dant
921 521 977 582 oel
992 521 1161 605 accipiunt.

275 651 317 714 V.
358 649 425 728 Qui
441 647 588 712 fidelium
603 647 783 712 oblationes
801 650 841 712 ab
856 649 1013 716 Ecclesiis
1029 651 1082 712 vel
1102 650 1120 711 i
1138 650 1209 714 iure
1226 652 1338 716 Sacer·

193 736 305 800 dotum
327 733 502 810 auferunt,
525 733 579 795 vel
596 733 716 796 ablatas
731 733 916 816 accipiunt,
939 755 1006 795 non
1022 733 1128 795 solirm
1140 734 1248 797 aliena
1260 746 1338 798 vota

191 819 419 900 disrumpunt,
432 815 490 879 sed
504 825 538 878 et
552 817 759 901 sacrilegium
772 826 966 898 operantur,
979 837 1107 878 necnon
1122 825 1155 878 at
1167 817 1336 881 Ecclesiae

191 901 254 964 Dei
280 899 481 962 fraudatores
507 899 667 971 existunt;
690 899 767 982 quia
786 901 952 961 Ecclesiae
974 899 1100 982 aliquid
1118 901 1264 962 fraudari
1282 902 1337 965 vel

191 981 333 1063 auferri,
355 981 563 1066 sacrilegium
578 1004 647 1045 esse
669 983 688 1044 a
704 982 881 1044 maioribus
897 982 1102 1067 approbatur.

192 1117 243 1178 De
262 1113 444 1202 privilegiis
462 1111 679 1176 Ecclesiarurn
698 1115 754 1174 uel
773 1112 969 1175 Clericorum
991 1135 1055 1178 non
1083 1113 1336 1200 corrumpendis.

277 1221 335 1285 vl.
378 1221 421 1281 Ut
454 1219 626 1304 privilegia
654 1241 738 1302 quae
759 1219 915 1282 Ecclesiis
946 1229 980 1282 et
1005 1219 1142 1282 Clericis
1166 1221 1205 1282 ab
1248 1228 1340 1282 aute·
1403 1267 1406 1271 -

192 1303 515 1471 ppqqqqipptquostris
536 1303 589 1366 vel
605 1303 623 1363 a
641 1303 733 1364 nobis
754 1323 906 1365 concessa
927 1311 1021 1382 sunt,
1043 1323 1171 1387 semper
1184 1313 1339 1370 maneant

521 1491 571 1552 De
585 1493 766 1577 privilegiis
783 1491 1008 1554 Ecclesiarum.

275 1597 353 1664 Vll.
396 1601 440 1661 Ut
458 1597 631 1680 privilegia
651 1619 734 1680 quae
753 1599 963 1661 sacrosanctis
977 1600 1134 1662 Ecclesiis
1154 1601 1339 1666 etClericis

191 1685 210 1746 l
230 1681 367 1768 singulis
384 1679 526 1764 Regibus
547 1681 601 1742 vel
620 1681 809 1764 Episcopis,
823 1683 1024 1765 caeterisque
1041 1685 1242 1766 rectoribus,
1260 1695 1340 1748 suut

191 1788 365 1846 concessa,
386 1786 513 1849 semper
533 1773 685 1825 maneant
701 1764 900 1848 incorrupta.

235 1873 333 1961 Quid
345 1873 546 1954 sacrilegium
563 1873 605 1932 sit
617 1869 779 1933 Ecclesiae
796 1870 923 1955 aliquid
934 1870 1081 1954 auferre,
1105 1888 1160 1936 urst
1173 1875 1296 1936 Sacer·

291 1957 419 2022 dotibus
432 1956 487 2018 oei
499 1955 679 2026 Ministris,
702 1967 756 2015 aut
770 1956 841 2038 ipso
855 1952 965 2016 sancti
984 1957 1084 2018 cultui
1102 1958 1234 2043 locoque

612 2039 763 2098 iniuriam
779 2035 910 2119 inferre.

605 2166 689 2224 CAP.
726 2165 779 2220 Ex
814 2165 926 2224 LEGE.

272 2261 364 2326 Vlll.
406 2261 531 2346 Siquis
554 2260 589 2321 in
614 2259 678 2323 hoc
700 2283 801 2345 genus
823 2262 985 2346 sacrilegii
1010 2265 1213 2348 proruperit,
1244 2277 1282 2329 ut
1300 2269 1337 2332 iu

188 2345 352 2410 Ecclesias
370 2365 547 2428 earumque
563 2365 616 2405 res
630 2344 784 2422 inruens,
799 2345 1026 2408 Sacerdotibus
1040 2369 1077 2410 ac
1089 2349 1262 2428 Ministris,
1280 2352 1337 2413 vel

225 2452 260 2492 so
276 2427 380 2490 cultui
394 2428 538 2526 loc-oque¹
546 2426 688 2510 aliquid,
702 2427 791 2524 quod
804 2449 870 2488 non
886 2438 1031 2512 oportet,
1047 2429 1185 2493 iniuriae
1200 2431 1336 2510 inferat,

189 2454 200 2490 l

188 2453 294 2574 «livini
311 2511 419 2573 cultus
439 2533 592 2572 iniuriam
618 2521 788 2572 convictus
809 2510 879 2572 sive
893 2513 1059 2574 confessus
1085 2535 1177 2590 reus,
1201 2515 1337 2598 capitali

189 2593 350 2656 sententia
368 2593 495 2658 noverit
514 2591 754 2656 vindicandum.
795 2592 863 2656 Nec
885 2603 1077 2676 expectetur
1095 2607 1132 2657 ut
1149 2597 1335 2682 Episcopus

189 2676 329 2738 iniuriae
350 2676 500 2772 propriae
520 2675 681 2756 ultionem
701 2675 869 2760 deposcat,
898 2677 950 2737 cui
972 2679 1122 2740 sauctitas
1139 2680 1336 2763 ignoscendi

194 2759 256 2823 soli
281 2759 417 2843 gloriam
437 2759 624 2842 dereliquit.
666 2759 780 2842 Sitque
807 2759 933 2821 cunctis
954 2782 1020 2821 non
1041 2761 1147 2824 solirm
1170 2764 1334 2842 liberum,
1416 2823 1418 2832 .

188 2843 248 2905 scd
271 2841 367 2904 etiam
386 2841 569 2918 laudabile,
591 2843 689 2905 luctas
709 2852 832 2904 atroces
854 2843 1082 2924 Sacerdotibus
1103 2853 1159 2905 aut
1175 2845 1336 2910 Ministris

189 2925 326 2986 iniurias
343 2923 448 2987 veluti
469 2923 640 3023 publicum
656 2924 780 2988 crimen
796 2925 969 3010 persequi,
995 2948 1032 2988 ac
1057 2927 1097 2990 de
1119 2928 1238 2992 talibus
1266 2927 1336 2992 reis

190 3007 351 3070 ultionem
365 3027 495 3071 mereri.
537 3053 539 3056 ψ

234 3137 332 3224 Quid
349 3138 375 3198 ii
399 3139 456 3221 qui
472 3136 611 3224 praedia
628 3136 854 3198 Ecclesiastico
879 3135 1038 3220 diripiunt
1061 3139 1117 3200 vel
1137 3153 1266 3202 vastant
1277 3185 1290 3214 ,

438 3220 586 3302 sacrilegi
601 3222 687 3292 sint,
710 3219 871 3303 exilioque
895 3219 1080 3280 damnandi.
1102 3267 1104 3274 ,

270 3327 327 3388 lx.
369 3325 419 3386 nh
431 3325 580 3388 omnibus
592 3325 681 3387 illius
696 3323 911 3408 usurpationis
922 3325 1120 3386 contumelia
1136 3325 1334 3409 depellenda

190 3419 256 3488 est,
274 3429 316 3469 ne
330 3410 463 3490 praedia
483 3409 545 3472 sibi
559 3408 749 3472 coelestium
764 3417 963 3469 secretorum
982 3405 1086 3468 dicata
1106 3410 1122 3468 a
1139 3407 1332 3492 quibusdam
1385 3433 1388 3438 ·

190 3492 398 3556 inruentibus
413 3501 585 3556 vexentur.
627 3489 726 3570 Quod
745 3490 772 3551 si
796 3489 869 3572 quis
888 3491 1155 3573 praesumpserit,
1177 3500 1251 3574 post
1271 3490 1331 3552 de-

189 3579 276 3642 bitae
291 3575 426 3636 ultionis
447 3573 672 3652 acrimoniam,
688 3593 771 3656 quae
787 3593 862 3654 erga
880 3570 1053 3654 sacrilegos
1069 3573 1139 3636 iure
1152 3573 1329 3660 promenda

183 3670 256 3738 est,
280 3657 380 3720 exilio
394 3668 569 3744 perpetuae
586 3654 820 3740 deportationis
842 3655 1023 3716 damnetur.

234 3787 332 3874 Quid
350 3788 528 3874 praedones
553 3787 715 3849 Ecclesiae
737 3785 884 3864 sacrilegi
906 3786 991 3858 sinc,
1014 3787 1096 3846 sicut
1113 3789 1289 3872 scripturae

543 3870 721 3932 testimonio
746 3868 979 3952 comprobatur.

272 3977 313 4038 X.
355 3963 512 4060 Sacrilegi
529 3985 606 4038 suut
621 3973 786 4039 Ecclesiae
804 3971 994 4053 praedones.
1035 3972 1130 4033 Unde
1146 3973 1227 4034 etin
1247 3975 1330 4036 Con-

193 4059 270 4124 cilio
285 4059 481 4144 Agatheusi,
503 4059 565 4122 sub
589 4063 705 4142 quarto
728 4051 851 4138 capitul
910 4055 1081 4118 decretum
1104 4054 1244 4118 habetur
1264 4057 1328 4116 ita:

190 4143 301 4202 Ansico
322 4141 485 4226 quippiam
508 4161 647 4226 rapere,
661 4133 790 4222 suctum
812 4135 882 4206 es't,·
901 4135 1062 4200 Ecclesiae
1086 4138 1164 4198 uero
1175 4137 1332 4218 fraudari

190 4225 245 4288 vel
256 4223 397 4288 abstrahi
409 4225 610 4312 subripique,
630 4218 843 4306 sacrilegum,
864 4219 986 4286 Omnes
1004 4221 1091 4282 euim
1111 4231 1223 4285 contra
1240 4222 1329 4307 leges
