2958 4986
236 291 308 368 110
496 306 640 366 aestu.
734 305 1001 366 'castrassem
1093 309 1155 375 nc.

233 455 289 516 liat
309 449 408 514 iussio
425 447 570 534 qualiter
581 445 700 512 exinde
716 469 811 532 agere
826 447 974 512 debcant
1015 451 1145 516 Fideles
1161 453 1225 516 Dei
1247 479 1284 520 ac
1308 479 1371 521 nod

233 535 303 616 stri,
324 535 381 620 qui
402 533 466 596 boc
488 540 636 674 eperunt,
650 531 785 592 iderunt
797 531 853 593 ille
867 532 1057 618 Episcopus,
1073 535 1130 597 ille
1145 537 1233 618 Dux,
1261 541 1319 604 ille
1337 552 1371 604 et

232 621 290 682 ille
317 615 468 680 Comites.
527 616 561 676 ll.
576 617 652 676 Dux
667 614 706 675 de
721 614 851 692 Histria,
867 625 903 676 ut
917 617 1041 680 dictum
1058 628 1105 680 est
1122 621 1228 700 nobis,
1246 622 1370 686 ibidem

230 705 316 766 bene
331 701 409 764 iecit
423 719 497 761 cam
510 697 577 760 suis
596 695 790 758 hominibus.
833 697 925 760 Vassi
936 721 1015 763 vero
1035 701 1137 763 nostri
1152 703 1288 766 fuerunt
1306 707 1369 768 illis

230 789 296 850 Nos
310 781 579 861 autem,Domino
598 779 783 858 adiuvante,
799 778 901 842 tribus
919 782 1032 845 diebus
1048 783 1201 846 letaniam
1217 785 1368 869 lecimus,

231 869 346 944 idest,
370 864 471 928 Nonis
493 861 703 946 Septembris,
728 863 817 944 qnod
850 863 914 924 fnit
943 865 1044 927 Lunis
1069 867 1134 945 die,
1158 869 1366 954 incipientes,

232 961 266 1014 et
282 949 405 1027 Martis,
431 955 464 1008 et
488 945 655 1023 Mareotis,
667 943 730 1007 Dei
749 943 1001 1008 misericordiam
1018 948 1227 1032 deprecantes
1245 961 1280 1014 ut
1304 977 1367 1015 no-

230 1034 282 1096 bis
311 1051 424 1116 pacem
446 1037 479 1092 et
506 1031 685 1105 sanitatem,
707 1036 803 1109 atque
825 1027 993 1091 victoriam
1016 1040 1050 1092 et
1075 1053 1266 1117 prosperum
1291 1036 1364 1114 iter,

231 1117 375 1180 tribucre
397 1112 561 1196 dignetur,
584 1120 616 1174 et
631 1119 668 1173 nt
684 1109 716 1170 in
736 1133 794 1171 sua
818 1112 1039 1176 misericordia
1062 1124 1095 1176 et
1116 1116 1236 1200 pietate
1271 1119 1364 1181 nobis

231 1199 402 1262 adiutaret
419 1195 607 1258 consiliator
623 1203 721 1276 atque
738 1192 889 1256 defensor
905 1195 940 1255 in
958 1196 1107 1262 omnibns
1119 1201 1274 1282 angustiis
1288 1223 1364 1263 nos-·

230 1281 289 1345 tris
304 1280 429 1342 existat.
470 1280 512 1342 Et
528 1277 546 1338 t
561 1276 639 1340 vino
656 1285 689 1337 et
702 1295 798 1336 carne
819 1277 1055 1340 ordinaverunt
1075 1280 1265 1344 Sacerdotes
1287 1305 1362 1344 nos-

230 1365 284 1443 tri,
309 1362 366 1446 qui
383 1371 515 1458 propter
537 1357 756 1420 infirmitatem
771 1368 826 1420 ant
844 1361 1090 1424 senectudinem
1105 1373 1160 1424 ant
1180 1365 1365 1428 iuventuti·

230 1469 307 1510 nem
320 1447 479 1508 abstinere
494 1450 653 1541 poterant,
671 1451 708 1502 ut
724 1441 968 1504 abstinuissent:
991 1445 1097 1527 etqui
1125 1447 1286 1509 redimere
1303 1471 1361 1510 vo-

229 1531 345 1593 luisset
360 1527 450 1610 qubd
470 1548 585 1590 vinum
613 1523 779 1586 licentiam
802 1525 967 1588 habuisset
998 1525 1133 1589 bibendi
1160 1529 1237 1612 ipsis
1260 1531 1360 1593 tribus

230 1612 356 1688 diebus,
370 1609 502 1674 ditiores
517 1618 550 1672 et
563 1607 761 1692 potentiores
776 1607 924 1670 homines
940 1607 973 1668 in
999 1623 1194 1693 unaquaque
1213 1613 1265 1674 die
1291 1614 1362 1675 soli-

230 1697 308 1760 dum
322 1715 422 1756 unum
437 1693 611 1769 dedissent,
628 1691 734 1751 minus
753 1699 902 1774 potentes
921 1690 1013 1752 iuxta
1037 1693 1284 1776 possibilitatem
1311 1695 1362 1779 ip-¹

228 1801 350 1856 sorum,
368 1775 472 1858 etqui
492 1773 629 1858 amplius
649 1773 726 1834 dare
739 1795 805 1835 non
823 1783 961 1856 poterat,
981 1783 1016 1836 et
1038 1775 1153 1838 vinum
1172 1777 1285 1840 bibere
1303 1800 1360 1840 vo-

228 1863 327 1939 lebat,
351 1860 463 1922 saltem
479 1858 532 1920 vel
558 1878 661 1917 uuum
675 1857 845 1918 denarium
861 1857 1024 1928 donasset3
1047 1859 1284 1943 eleemosynam
1303 1881 1362 1924 re-

227 1967 265 2007 ro
284 1942 508 2024 unusquisque
526 1939 706 2002 secundnm
721 1939 884 2024 propriam
900 1948 996 2021 atque
1014 1940 1131 2001 honam
1151 1944 1362 2021 voluntatem,

227 2028 283 2090 vel
300 2027 390 2086 iuxta
413 2022 668 2107 possibilitatem,
700 2023 838 2086 fecisset
878 2023 921 2083 Et
949 2023 1104 2085 Sacerdos
1139 2027 1363 2109 unnsquisque

229 2110 358 2172 Missam
370 2106 543 2190 specialem
560 2107 701 2182 fecisset,
721 2107 782 2168 nisi
805 2103 972 2166 infirmitas
990 2105 1189 2188 impedisset;
1211 2117 1245 2170 et
1259 2109 1364 2170 Cleri³

230 2193 260 2253 ci
276 2193 333 2274 qui
348 2191 485 2274 psalmos
501 2188 656 2266 sciebant,
684 2188 907 2271 unusquisque
929 2187 1168 2270 quinquaginta
1187 2199 1360 2252 cantasset:

229 2283 262 2338 et
277 2274 408 2336 interim
429 2271 519 2354 qubd
538 2272 620 2356 ipsas
643 2271 771 2333 litanias
788 2271 960 2347 faciebant,
991 2269 1173 2332 discalceati
1201 2273 1361 2334 ambulas-

228 2365 310 2420 sent.
353 2355 407 2416 Sic
420 2355 706 2418 consideraverunt
730 2352 919 2416 Sacerdotes
935 2352 1047 2429 nostri,
1072 2362 1104 2414 et
1121 2375 1179 2416 nos
1193 2376 1303 2416 omnes
1318 2355 1361 2415 ita

229 2437 472 2522 aptificavimus,
489 2447 521 2499 et
536 2437 676 2498 Domino
699 2437 872 2502 adiuvante
896 2433 1139 2517 complevimus.
1182 2427 1275 2499 Unde
1301 2461 1362 2500 νο·-

228 2522 337 2582 lamus
359 2529 395 2581 nt
414 2529 451 2580 tu
470 2541 544 2580 cum
559 2521 606 2580 ill.
626 2528 659 2581 et
682 2519 729 2579 ill.
751 2519 804 2582 vel
822 2517 957 2580 caeteris
976 2515 1127 2578 fidelibus
1143 2520 1258 2581 nostris
1281 2543 1361 2582 con-

229 2604 372 2668 siderare
390 2601 506 2664 debeas
527 2603 668 2686 qualiter
691 2601 777 2684 ipsae
795 2601 926 2662 litaniae
943 2599 1065 2664 ibidem
1080 2601 1181 2663 factae
1202 2602 1289 2663 liant.
1309 2605 1362 2664 Tu

229 2695 337 2749 autem
370 2685 460 2745 iuxta
492 2686 581 2768 quod
602 2695 656 2746 tua
677 2683 844 2746 infirmitas
870 2683 1038 2766 permittit,
1060 2682 1094 2742 in
1121 2693 1177 2744 tuo
1213 2685 1362 2747 commit-1

227 2771 325 2832 timus
343 2766 484 2830 arbitrio.
525 2769 568 2830 Et
586 2769 704 2828 mirum
724 2768 816 2829 nobis
837 2767 901 2828 fuit
920 2765 997 2846 quia
1025 2775 1133 2827 vester
1156 2767 1271 2830 missus
1300 2789 1361 2830 nec

228 2854 377 2938 epistola,
399 2858 569 2934 postquam
594 2851 633 2912 de
648 2850 901 2932 Ragenisburgo,
923 2848 964 2908 ad
981 2869 1040 2910 uos
1059 2869 1126 2910 non
1145 2851 1244 2912 venit.
1266 2851 1360 2912 Unde

226 2939 378 3000 volumus
398 2942 435 2996 nt
454 2933 579 3016 saepius
596 2932 687 2994 nobis
707 2933 746 2994 de
764 2943 819 2993 tua
834 2932 979 3008 sanitate,
1009 2930 1063 2992 vel
1089 2931 1129 2993 de
1160 2933 1250 2994 aliud
1271 2933 1360 3015 quod

225 3019 398 3116 placuerit,
418 3013 599 3100 significare
611 3015 737 3078 debeas.
778 3017 966 3097 iterumque
988 3014 1162 3076 salutamus
1175 3024 1207 3077 te
1221 3016 1359 3078 multum

229 3125 264 3164 sn
279 3105 430 3163 Domino.

228 3297 559 3364 CAPITULARE
598 3297 665 3360 DE
708 3293 893 3358 cansts
927 3293 1090 3364 REGNl
1121 3290 1360 3373 ITALIAE,

227 3421 388 3511 Datum,
415 3429 459 3490 ut
487 3419 655 3503 videtur,
694 3438 789 3486 anno
824 3413 963 3484 Christi
1001 3411 1245 3486 Dccxctlt.
1277 3425 1360 3507 post

490 3517 630 3589 obitum
657 3514 893 3607 Hildegardis
918 3513 1091 3606 Reginae.

226 3666 369 3764 Incipit
396 3665 613 3762 Capitulum
650 3661 808 3754 qualiter
833 3657 1033 3754 praecepit
1064 3659 1240 3734 Domnaa
1274 3659 1358 3732 Rex

566 3763 613 3833 de
638 3758 858 3855 quibusdam
882 3760 1021 3834 causis.

561 3907 687 3956 INDEX
721 3907 1029 3952 castrutonnu.

835 3994 866 4074 4.
887 3989 936 4056 De
947 3993 1086 4056 diuersis
1105 3999 1358 4076 generationibus

232 4091 256 4129 ¹·
324 4077 584 4145 eXenodocliiis.
897 4079 1057 4144 bominum
1099 4080 1155 4160 qui
1195 4082 1230 4141 in
1263 4083 1361 4145 Italia

227 4187 255 4225 2.
276 4165 486 4229 DaEcclesiis
500 4167 539 4227 lta
562 4160 747 4224 tismalibusd
797 4188 809 4211 ·
897 4174 1101 4234 commanent.
1149 4157 1194 4226 Et
1214 4162 1254 4228 de
1274 4177 1360 4232 statu

227 4249 256 4310 3.
277 4249 326 4311 De
347 4185 745 4314 Advocatisdscerdotam.
892 4245 1108 4324 ,ingenuitatis

1452 685 1453 758 l

1450 859 1453 954 l
