2952 4988
118 287 285 399 1204Ι
417 307 561 366 acan.
665 285 922 370 emmam
1030 313 1091 368 sos.

537 451 593 512 De
613 452 744 513 iustitiis
760 453 968 532 generalibus.

264 551 310 620 Il.
351 555 401 616 De
411 551 549 616 »iustitiis
564 556 785 618 Ecclesiurum
798 559 877 636 Dei,
890 559 1082 634 viduarum,
1094 528 1335 638 orphanorum,

182 645 217 699 et
239 635 462 722 pupillorum,
487 647 523 698 ut
545 637 578 696 in
599 639 740 726 publicis
766 641 897 708 iudiciis
918 665 984 704 non
1010 641 1234 726 despiciantur
1263 639 1335 700 clu·

182 728 327 794 mantes,
346 720 404 784 sed
423 721 600 804 diligenter
616 723 799 785 audiantur.
882 779 889 790 .

556 829 614 890 De
629 831 759 890 iustitiis
775 831 941 909 regalibus.

263 907 329 976 III.
370 912 420 972 De
441 909 572 972 iustitiis
590 913 772 994 regalibus,
795 923 832 973 ut
851 913 996 999 pleniter
1014 911 1092 972 fiant
1117 910 1307 995 inquisitae.

348 1021 405 1084 De
414 1017 505 1102 same
513 1063 525 1092 ,
543 1017 653 1090 clade,
674 1032 705 1080 et
720 1020 924 1105 pestilentia,
946 1021 975 1079 si
995 1021 1147 1080 evenerit.

265 1126 327 1194 1v.
368 1129 418 1192 De
443 1125 507 1188 hoo
533 1123 560 1186 si
581 1125 729 1188 evenerit
748 1125 866 1203 fumes,
890 1125 1019 1202 clades,
1039 1135 1095 1185 aut
1112 1125 1332 1208 inaequalitas

184 1207 287 1290 aeris,
301 1210 355 1275 vel
370 1209 432 1270 alia
446 1207 685 1290 qualiscunque
703 1207 889 1286 tribulatio,
904 1219 1020 1269 utnon
1041 1219 1234 1294 expectetur
1263 1209 1333 1268 edi-

184 1305 273 1358 ctum
294 1302 450 1369 nostrum,
473 1291 529 1354 sed
548 1291 652 1388 statim
669 1291 864 1393 deprecetur
880 1291 941 1352 Dei
958 1291 1188 1354 misericordia.
1231 1294 1275 1351 Et
1296 1291 1331 1350 iu
1442 1315 1444 1321 ·

184 1377 347 1463 praesenti
364 1396 450 1436 anno
465 1375 504 1436 de
528 1374 620 1436 fumis
637 1397 758 1458 rnopur,
777 1384 814 1435 ut
830 1397 904 1436 suos
926 1376 1065 1461 quisque
1079 1376 1214 1436 adiuvet
1230 1383 1334 1456 prout

184 1469 301 1558 potest,
314 1469 347 1521 et
367 1479 457 1520 suam
481 1478 642 1518 annonam
657 1479 722 1517 non
746 1457 841 1518 nimis
858 1479 929 1518 care
952 1458 1081 1522 vendat.
1123 1459 1166 1526 Et
1187 1457 1331 1520 nefaris

185 1541 360 1628 imperium
377 1550 524 1604 nostrum
541 1539 704 1603 vendatur
720 1539 847 1623 aliquid
863 1540 1046 1602 alimoniae.

527 1647 582 1710 De
610 1647 708 1708 armis
726 1667 791 1708 non
813 1645 997 1731 portandis.

268 1757 310 1822 V.
351 1749 768 1834 Dearmisinirapatriam
793 1773 859 1812 non
878 1752 1058 1834 portandis,
1086 1751 1121 1814 id
1144 1763 1203 1832 est,
1226 1754 1332 1816 scutis
1402 1828 1405 1833 Ι

186 1837 357 1903 etlanceis
383 1847 416 1898 et
434 1835 553 1897 loricis.
595 1833 630 1896 si
657 1834 799 1896 faidosus
828 1835 901 1915 quis
930 1836 981 1912 sit,
1003 1835 1220 1897 discutiantur
1248 1848 1332 1898 tune

185 1921 259 2006 quis
281 1919 440 1984 bduobus
460 1917 642 1993 contrarius
660 1917 702 1980 sit
722 1928 759 1978 ut
771 1917 874 2000 pacati
887 1917 966 1989 sint;
991 1929 1024 1980 et
1043 1919 1333 2000 distringanturad

185 2025 309 2090 pacem,
328 2003 452 2066 etiamsi
473 2000 650 2062 noluerint.
692 2001 734 2066 Et
757 2001 783 2062 si
812 1999 909 2060 aliter
926 2002 1089 2084 pacificari
1118 2003 1250 2080 nolunt,
1270 2005 1332 2063 ud-

187 2090 350 2151 ducantur
370 2086 404 2146 in
421 2092 563 2146 nostram
579 2083 803 2166 praesentiam.
844 2083 888 2144 Et
908 2085 933 2146 si
954 2085 1071 2168 aliquis
1091 2096 1164 2168 post
1180 2086 1333 2168 pacifica-

187 2171 312 2233 tionem
336 2170 474 2230 alterum
504 2166 670 2245 occiderit,
692 2173 864 2249 componat
885 2167 989 2244 illum,
1012 2178 1045 2228 et
1071 2189 1203 2234 manum
1231 2191 1332 2251 quum
1391 2237 1394 2242 ¹

186 2253 367 2340 periuravit
385 2249 511 2336 perdat,
532 2259 563 2311 et
583 2249 716 2332 insuper
736 2250 881 2326 bannum
902 2251 1103 2331 dominicum
1118 2251 1230 2313 solvat.

470 2357 520 2417 De
543 2372 704 2419 armatura
725 2360 760 2418 in
780 2360 868 2420 lzoste
889 2357 1044 2420 labenda.

271 2468 328 2532 VI.
370 2468 421 2528 De
436 2473 596 2526 armatura
615 2464 648 2526 in
674 2464 833 2543 exercitu,
855 2465 939 2528 sicut
965 2466 1060 2526 antea
1081 2465 1115 2526 in
1140 2465 1204 2526 alio
1229 2466 1331 2547 Capi·

188 2551 287 2612 tulari
304 2549 528 2612 mandavimus
541 2557 593 2644 p),
618 2547 661 2608 ita
680 2559 838 2610 servetur.
879 2551 922 2610 Et
947 2549 1082 2629 insuper
1107 2548 1332 2614 omnishomo

187 2635 229 2698 de
255 2632 428 2699 duodecim
447 2653 565 2696 mansis
584 2631 734 2693 bruniam
752 2641 786 2713 q)
811 2630 936 2692 habeat.
978 2627 1044 2708 Qui
1071 2654 1151 2700 ,vero
1179 2631 1333 2691 bruniam

188 2717 323 2794 babens,
344 2737 414 2777 eam
429 2737 539 2778 secum
557 2735 623 2775 non
648 2713 772 2792 tulerit,
793 2735 888 2776 omne
901 2714 1107 2776 “beneficium
1121 2737 1196 2777 cum
1212 2716 1334 2778 brunia

192 2801 314 2884 Perdat·
408 2881 458 2940 Dc
477 2879 736 2960 negotiatoribus,
752 2899 911 2963 quamque
929 2880 1117 2965 Pmcedam'

271 2987 346 3051 vll.
388 2989 437 3052 De
459 2986 714 3069 negotiatoribus
736 2986 793 3067 qui
808 2988 954 3070 partibus
978 2988 1169 3051 Sclavoriun
1191 2996 1222 3048 et
1243 2986 1333 3049 Ava-

179 3089 301 3133 rorum
314 3081 467 3153 pergunt,
487 3073 658 3152 quousque
681 3069 860 3152 procedere
880 3093 956 3132 cum
975 3069 1042 3132 s'uis
1068 3071 1207 3154 negotiis
1228 3071 1332 3131 debe-

189 3161 255 3232 ant,
289 3153 324 3214 id
360 3165 418 3229 est,
442 3153 587 3236 partibus
614 3153 774 3214 Senoniae
799 3175 902 3248 usque
933 3153 973 3214 ad
1000 3153 1239 3230 Bardennvich,
1272 3153 1353 3212 ubi-

187 3236 376 3318 praevideat
390 3236 507 3306 Hrediss
531 3235 619 3297 etad
635 3234 778 3312 Sebeda,
800 3237 856 3296 ubi
877 3236 1064 3319 praevideat
1079 3237 1255 3319 Madalgoz.
1278 3236 1331 3296 Ad

187 3319 408 3403 Magadoburg
447 3318 611 3379 raevideat
630 3320 738 3380 Hatto.
780 3319 830 3379 Ad
854 3320 1019 3402 Erpisfurt
1044 3319 1232 3402 praevideat
1257 3319 1330 3378 Ma-

189 3402 378 3484 dalgaudus.
420 3341 471 3462 bd
487 3399 691 3477 Foracheim,
713 3401 753 3462 ad
770 3403 974 3482 Bceemberg‚
992 3411 1024 3462 et
1045 3402 1085 3463 ad
1106 3401 1330 3484 Ragenishurg

187 3484 363 3562 audulfus,
378 3493 410 3544 et
426 3484 466 3544 ad
485 3484 677 3546 Lauriacum
691 3485 890 3547 Warnarius.
933 3488 975 3548 Et
988 3495 1025 3545 ut
1041 3507 1128 3545 arma
1149 3495 1181 3546 et
1196 3483 1330 3544 brunias

190 3589 257 3628 non
284 3567 406 3630 ducant
423 3567 463 3627 ad
486 3568 749 3628 venundandum.
792 3569 889 3645 Quod
906 3568 932 3629 si
955 3569 1083 3630 inventi
1108 3568 1330 3648 fuerintpor-

189 3658 305 3728 tentes,
333 3651 438 3712 omnis
460 3649 636 3711 substantia
663 3671 776 3711 eornm
794 3652 960 3712 auferatur
973 3651 1012 3711 ab
1027 3652 1085 3727 eis,
1104 3645 1243 3712 dimidia
1255 3649 1332 3730 qui·
1433 3651 1435 3656 '

190 3733 264 3794 dem
283 3755 356 3816 pars
373 3732 518 3815 partibus
534 3732 657 3815 palatii,
685 3733 748 3792 alia
767 3755 844 3796 vero
868 3731 1022 3796 medietas
1048 3733 1135 3796 inter
1164 3732 1332 3802 iamdictos

89 3865 97 3880 .
189 3814 303 3878 Missos
326 3826 358 3878 et
372 3815 578 3878 inventorem
597 3814 769 3876 dividatur.

482 3917 531 3984 De
549 3917 772 3986 clamatoribus
791 3925 845 3984 uel
864 3921 1043 3986 causidicis.

273 4033 364 4096 VIII.
406 4033 455 4092 De
481 4029 707 4098 clamatoribus
734 4030 787 4093 vel
815 4029 985 4090 causidicis
1011 4029 1067 4110 qui
1092 4049 1151 4092 nec
1175 4025 1332 4088 iudicium

190 4114 417 4177 scabiniorum
429 4113 651 4197 adquiescere,
669 4135 729 4175 nec
741 4111 963 4196 blasphemare
976 4111 1100 4188 volunt,
1110 4107 1243 4193 antiqua
1258 4131 1335 4172 con-

198 4225 438 4243 w-

226 4286 258 4350 ρ)
277 4280 309 4330 el.
331 4296 378 4332 ms.
402 4276 654 4335 eonemcucluvimus.
823 4284 856 4348 q)
875 4277 967 4328 sl.n1s.
988 4277 1127 4350 biacueum.
