<?xml version="1.0" encoding="UTF-8"?>
<!DOCTYPE html PUBLIC "-//W3C//DTD XHTML 1.0 Transitional//EN"
    "http://www.w3.org/TR/xhtml1/DTD/xhtml1-transitional.dtd">
<html xmlns="http://www.w3.org/1999/xhtml" xml:lang="en" lang="en">
 <head>
  <title>
</title>
<meta http-equiv="Content-Type" content="text/html;charset=utf-8" />
  <meta name='ocr-system' content='tesseract 3.04.00' />
  <meta name='ocr-capabilities' content='ocr_page ocr_carea ocr_par ocr_line ocrx_word'/>
</head>
<body>
  <div class='ocr_page' id='page_1' title='image "./corpusiurisgerm05visigoog_0321.png"; bbox 0 0 2928 4986; ppageno 0'>
   <div class='ocr_carea' id='block_1_1' title="bbox 172 282 1080 360">
    <p class='ocr_par' dir='ltr' id='par_1_1' title="bbox 172 282 1080 360">
     <span class='ocr_line' id='line_1_1' title="bbox 172 282 1080 360; baseline -0.001 -1"><span class='ocrx_word' id='word_1_1' title='bbox 172 282 247 359; x_wconf 86' lang='grc'>308</span> <span class='ocrx_word' id='word_1_2' title='bbox 409 303 445 360; x_wconf 83' lang='lat' dir='ltr'>a.</span> <span class='ocrx_word' id='word_1_3' title='bbox 466 301 553 360; x_wconf 84' lang='lat' dir='ltr'>cua.</span> <span class='ocrx_word' id='word_1_4' title='bbox 658 300 915 358; x_wconf 74' lang='lat' dir='ltr'>castrassem</span> <span class='ocrx_word' id='word_1_5' title='bbox 1019 301 1080 360; x_wconf 79' lang='lat' dir='ltr'>aaa.</span> 
     </span>
    </p>
   </div>
   <div class='ocr_carea' id='block_1_2' title="bbox 141 439 1328 4334">
    <p class='ocr_par' dir='ltr' id='par_1_2' title="bbox 141 439 1328 4334">
     <span class='ocr_line' id='line_1_2' title="bbox 173 439 1325 522; baseline -0.001 -16"><span class='ocrx_word' id='word_1_6' title='bbox 173 447 291 506; x_wconf 87' lang='lat' dir='ltr'>Notum</span> <span class='ocrx_word' id='word_1_7' title='bbox 305 442 346 505; x_wconf 90' lang='lat' dir='ltr'>sit</span> <span class='ocrx_word' id='word_1_8' title='bbox 362 439 513 504; x_wconf 86' lang='lat' dir='ltr'>omnibus</span> <span class='ocrx_word' id='word_1_9' title='bbox 528 439 679 504; x_wconf 84' lang='lat' dir='ltr'>fidelibus</span> <span class='ocrx_word' id='word_1_10' title='bbox 692 451 820 502; x_wconf 85' lang='lat' dir='ltr'>sanctae</span> <span class='ocrx_word' id='word_1_11' title='bbox 835 441 897 502; x_wconf 89' lang='lat' dir='ltr'>Dei</span> <span class='ocrx_word' id='word_1_12' title='bbox 920 439 1089 503; x_wconf 80' lang='lat' dir='ltr'>Ecclesiae</span> <span class='ocrx_word' id='word_1_13' title='bbox 1115 449 1147 501; x_wconf 88' lang='lat' dir='ltr'>et</span> <span class='ocrx_word' id='word_1_14' title='bbox 1185 439 1325 522; x_wconf 90' lang='lat' dir='ltr'>nostris,</span> 
     </span>
     <span class='ocr_line' id='line_1_3' title="bbox 173 523 1328 610; baseline 0.001 -23"><span class='ocrx_word' id='word_1_15' title='bbox 173 537 238 588; x_wconf 89' lang='lat' dir='ltr'>tam</span> <span class='ocrx_word' id='word_1_16' title='bbox 261 523 483 610; x_wconf 84' lang='lat' dir='ltr'>praesentibus</span> <span class='ocrx_word' id='word_1_17' title='bbox 506 545 604 608; x_wconf 90' lang='lat' dir='ltr'>quam</span> <span class='ocrx_word' id='word_1_18' title='bbox 630 533 662 584; x_wconf 89' lang='lat' dir='ltr'>et</span> <span class='ocrx_word' id='word_1_19' title='bbox 689 523 819 600; x_wconf 85' lang='lat' dir='ltr'>suturis,</span> <span class='ocrx_word' id='word_1_20' title='bbox 854 545 913 584; x_wconf 87' lang='lat' dir='ltr'>scu</span> <span class='ocrx_word' id='word_1_21' title='bbox 947 523 1044 583; x_wconf 89' lang='lat' dir='ltr'>etiam</span> <span class='ocrx_word' id='word_1_22' title='bbox 1076 525 1328 588; x_wconf 89' lang='lat' dir='ltr'>successoribus</span> 
     </span>
     <span class='ocr_line' id='line_1_4' title="bbox 175 605 1327 690; baseline -0.001 -20"><span class='ocrx_word' id='word_1_23' title='bbox 175 611 304 686; x_wconf 86' lang='lat' dir='ltr'>nostris,</span> <span class='ocrx_word' id='word_1_24' title='bbox 321 608 397 690; x_wconf 90' lang='lat' dir='ltr'>quia</span> <span class='ocrx_word' id='word_1_25' title='bbox 415 615 587 690; x_wconf 88' lang='lat' dir='ltr'>postquam</span> <span class='ocrx_word' id='word_1_26' title='bbox 600 605 746 690; x_wconf 81' lang='lat' dir='ltr'>Hispani,</span> <span class='ocrx_word' id='word_1_27' title='bbox 760 607 817 688; x_wconf 93' lang='lat' dir='ltr'>qui</span> <span class='ocrx_word' id='word_1_28' title='bbox 835 605 874 667; x_wconf 89' lang='lat' dir='ltr'>de</span> <span class='ocrx_word' id='word_1_29' title='bbox 885 615 1044 689; x_wconf 82' lang='lat' dir='ltr'><strong>potestate</strong></span> <span class='ocrx_word' id='word_1_30' title='bbox 1061 609 1327 670; x_wconf 80' lang='lat' dir='ltr'>sarracenorum</span> 
     </span>
     <span class='ocr_line' id='line_1_5' title="bbox 173 688 1326 770; baseline -0.002 -15"><span class='ocrx_word' id='word_1_31' title='bbox 173 714 206 754; x_wconf 88' lang='lat' dir='ltr'>sc</span> <span class='ocrx_word' id='word_1_32' title='bbox 224 692 465 768; x_wconf 84' lang='lat' dir='ltr'>subtraxerunt,</span> <span class='ocrx_word' id='word_1_33' title='bbox 484 698 516 750; x_wconf 88' lang='lat' dir='ltr'>et</span> <span class='ocrx_word' id='word_1_34' title='bbox 530 688 571 750; x_wconf 84' lang='lat' dir='ltr'>ad</span> <span class='ocrx_word' id='word_1_35' title='bbox 587 697 728 750; x_wconf 89' lang='lat' dir='ltr'>nostram</span> <span class='ocrx_word' id='word_1_36' title='bbox 754 710 812 750; x_wconf 89' lang='lat' dir='ltr'>seu</span> <span class='ocrx_word' id='word_1_37' title='bbox 839 689 995 770; x_wconf 79' lang='lat' dir='ltr'>genitoris</span> <span class='ocrx_word' id='word_1_38' title='bbox 1025 691 1127 750; x_wconf 87' lang='lat' dir='ltr'>nostri</span> <span class='ocrx_word' id='word_1_39' title='bbox 1153 691 1259 752; x_wconf 85' lang='lat' dir='ltr'>fidem</span> <span class='ocrx_word' id='word_1_40' title='bbox 1291 714 1326 753; x_wconf 89' lang='lat' dir='ltr'>se</span> 
     </span>
     <span class='ocr_line' id='line_1_6' title="bbox 173 771 1325 856; baseline -0.003 -19"><span class='ocrx_word' id='word_1_41' title='bbox 173 775 396 850; x_wconf 86' lang='lat' dir='ltr'>contulerunt,</span> <span class='ocrx_word' id='word_1_42' title='bbox 427 781 459 834; x_wconf 94' lang='lat' dir='ltr'>et</span> <span class='ocrx_word' id='word_1_43' title='bbox 482 781 690 856; x_wconf 84' lang='lat' dir='ltr'>praeceptum</span> <span class='ocrx_word' id='word_1_44' title='bbox 722 771 920 832; x_wconf 79' lang='lat' dir='ltr'>auctoritatis</span> <span class='ocrx_word' id='word_1_45' title='bbox 958 781 1085 833; x_wconf 88' lang='lat' dir='ltr'>nostrae</span> <span class='ocrx_word' id='word_1_46' title='bbox 1112 773 1266 854; x_wconf 87' lang='lat' dir='ltr'>qualiter</span> <span class='ocrx_word' id='word_1_47' title='bbox 1288 774 1325 834; x_wconf 94' lang='lat' dir='ltr'>in</span> 
     </span>
     <span class='ocr_line' id='line_1_7' title="bbox 172 853 1327 940; baseline -0.003 -20"><span class='ocrx_word' id='word_1_48' title='bbox 172 878 274 940; x_wconf 80' lang='lat' dir='ltr'>regno</span> <span class='ocrx_word' id='word_1_49' title='bbox 287 865 397 918; x_wconf 89' lang='lat' dir='ltr'>nostro</span> <span class='ocrx_word' id='word_1_50' title='bbox 417 876 492 918; x_wconf 88' lang='lat' dir='ltr'>cum</span> <span class='ocrx_word' id='word_1_51' title='bbox 512 853 579 916; x_wconf 85' lang='lat' dir='ltr'>suis</span> <span class='ocrx_word' id='word_1_52' title='bbox 597 853 778 916; x_wconf 90' lang='lat' dir='ltr'>Comitibus</span> <span class='ocrx_word' id='word_1_53' title='bbox 795 853 981 916; x_wconf 82' lang='lat' dir='ltr'>conversari</span> <span class='ocrx_word' id='word_1_54' title='bbox 999 865 1033 915; x_wconf 90' lang='lat' dir='ltr'>et</span> <span class='ocrx_word' id='word_1_55' title='bbox 1046 864 1192 916; x_wconf 88' lang='lat' dir='ltr'>nostrum</span> <span class='ocrx_word' id='word_1_56' title='bbox 1207 857 1327 918; x_wconf 75' lang='lat' dir='ltr'>servi·-</span> 
     </span>
     <span class='ocr_line' id='line_1_8' title="bbox 173 931 1326 1024; baseline -0.002 -22"><span class='ocrx_word' id='word_1_57' title='bbox 173 939 255 1002; x_wconf 90' lang='lat' dir='ltr'>tium</span> <span class='ocrx_word' id='word_1_58' title='bbox 272 958 426 1024; x_wconf 81' lang='lat' dir='ltr'>peragere</span> <span class='ocrx_word' id='word_1_59' title='bbox 444 937 613 1014; x_wconf 86' lang='lat' dir='ltr'>deberent,</span> <span class='ocrx_word' id='word_1_60' title='bbox 632 937 773 1000; x_wconf 86' lang='lat' dir='ltr'>scribere</span> <span class='ocrx_word' id='word_1_61' title='bbox 795 945 827 999; x_wconf 88' lang='lat' dir='ltr'>et</span> <span class='ocrx_word' id='word_1_62' title='bbox 843 937 890 1000; x_wconf 87' lang='lat' dir='ltr'>eis</span> <span class='ocrx_word' id='word_1_63' title='bbox 907 935 983 998; x_wconf 87' lang='lat' dir='ltr'>dare</span> <span class='ocrx_word' id='word_1_64' title='bbox 1011 931 1171 1018; x_wconf 84' lang='lat' dir='ltr'>iussimus,</span> <span class='ocrx_word' id='word_1_65' title='bbox 1201 939 1326 1022; x_wconf 85' lang='lat' dir='ltr'>queri-</span> 
     </span>
     <span class='ocr_line' id='line_1_9' title="bbox 173 1019 1327 1104; baseline -0.001 -20"><span class='ocrx_word' id='word_1_66' title='bbox 173 1021 315 1084; x_wconf 85' lang='lat' dir='ltr'>moniam</span> <span class='ocrx_word' id='word_1_67' title='bbox 328 1021 430 1104; x_wconf 81' lang='lat' dir='ltr'>aliqui</span> <span class='ocrx_word' id='word_1_68' title='bbox 446 1041 487 1082; x_wconf 83' lang='lat' dir='ltr'>ex</span> <span class='ocrx_word' id='word_1_69' title='bbox 505 1019 580 1104; x_wconf 87' lang='lat' dir='ltr'>ipsis</span> <span class='ocrx_word' id='word_1_70' title='bbox 596 1020 746 1104; x_wconf 87' lang='lat' dir='ltr'>Hispanis</span> <span class='ocrx_word' id='word_1_71' title='bbox 763 1020 882 1081; x_wconf 88' lang='lat' dir='ltr'>nostris</span> <span class='ocrx_word' id='word_1_72' title='bbox 896 1019 1027 1082; x_wconf 88' lang='lat' dir='ltr'>auribus</span> <span class='ocrx_word' id='word_1_73' title='bbox 1042 1021 1234 1083; x_wconf 88' lang='lat' dir='ltr'>detulerunt</span> <span class='ocrx_word' id='word_1_74' title='bbox 1253 1023 1327 1084; x_wconf 90' lang='lat' dir='ltr'>duo</span> 
     </span>
     <span class='ocr_line' id='line_1_10' title="bbox 173 1103 1328 1188; baseline -0.001 -21"><span class='ocrx_word' id='word_1_75' title='bbox 173 1104 316 1188; x_wconf 89' lang='lat' dir='ltr'>capitula</span> <span class='ocrx_word' id='word_1_76' title='bbox 336 1103 584 1176; x_wconf 64' lang='lat' dir='ltr'>continentem·</span> <span class='ocrx_word' id='word_1_77' title='bbox 600 1123 741 1184; x_wconf 90' lang='lat' dir='ltr'>quorum</span> <span class='ocrx_word' id='word_1_78' title='bbox 766 1123 869 1162; x_wconf 88' lang='lat' dir='ltr'>unum</span> <span class='ocrx_word' id='word_1_79' title='bbox 885 1111 934 1164; x_wconf 89' lang='lat' dir='ltr'>est</span> <span class='ocrx_word' id='word_1_80' title='bbox 951 1103 1042 1186; x_wconf 88' lang='lat' dir='ltr'>qnod</span> <span class='ocrx_word' id='word_1_81' title='bbox 1062 1105 1194 1186; x_wconf 90' lang='lat' dir='ltr'>quando</span> <span class='ocrx_word' id='word_1_82' title='bbox 1213 1106 1328 1168; x_wconf 92' lang='lat' dir='ltr'>iidem</span> 
     </span>
     <span class='ocr_line' id='line_1_11' title="bbox 172 1186 1327 1270; baseline -0.001 -21"><span class='ocrx_word' id='word_1_83' title='bbox 172 1188 229 1250; x_wconf 86' lang='lat' dir='ltr'>His</span> <span class='ocrx_word' id='word_1_84' title='bbox 253 1188 306 1248; x_wconf 91' lang='lat' dir='ltr'>ani</span> <span class='ocrx_word' id='word_1_85' title='bbox 321 1186 354 1247; x_wconf 92' lang='lat' dir='ltr'>in</span> <span class='ocrx_word' id='word_1_86' title='bbox 367 1195 512 1248; x_wconf 89' lang='lat' dir='ltr'>nostrum</span> <span class='ocrx_word' id='word_1_87' title='bbox 527 1207 665 1268; x_wconf 80' lang='lat' dir='ltr'>regnum</span> <span class='ocrx_word' id='word_1_88' title='bbox 682 1195 853 1262; x_wconf 84' lang='lat' dir='ltr'>venerunt,</span> <span class='ocrx_word' id='word_1_89' title='bbox 868 1193 900 1246; x_wconf 92' lang='lat' dir='ltr'>et</span> <span class='ocrx_word' id='word_1_90' title='bbox 913 1186 1022 1246; x_wconf 89' lang='lat' dir='ltr'>locum</span> <span class='ocrx_word' id='word_1_91' title='bbox 1033 1186 1327 1270; x_wconf 88' lang='lat' dir='ltr'>desertum,qucm</span> 
     </span>
     <span class='ocr_line' id='line_1_12' title="bbox 174 1209 1327 1354; baseline 0 -22"><span class='ocrx_word' id='word_1_92' title='bbox 174 1271 215 1332; x_wconf 89' lang='lat' dir='ltr'>ad</span> <span class='ocrx_word' id='word_1_93' title='bbox 229 1209 441 1331; x_wconf 71' lang='lat' dir='ltr'>babitandum</span> <span class='ocrx_word' id='word_1_94' title='bbox 462 1277 714 1354; x_wconf 79' lang='lat' dir='ltr'>occupaverunt,</span> <span class='ocrx_word' id='word_1_95' title='bbox 729 1287 789 1352; x_wconf 87' lang='lat' dir='ltr'>per</span> <span class='ocrx_word' id='word_1_96' title='bbox 801 1277 1012 1351; x_wconf 87' lang='lat' dir='ltr'>praeceptum</span> <span class='ocrx_word' id='word_1_97' title='bbox 1026 1269 1146 1330; x_wconf 89' lang='lat' dir='ltr'>Domni</span> <span class='ocrx_word' id='word_1_98' title='bbox 1165 1278 1200 1331; x_wconf 88' lang='lat' dir='ltr'>et</span> <span class='ocrx_word' id='word_1_99' title='bbox 1214 1271 1327 1332; x_wconf 88' lang='lat' dir='ltr'>Geni·</span> 
     </span>
     <span class='ocr_line' id='line_1_13' title="bbox 172 1351 1325 1436; baseline 0 -22"><span class='ocrx_word' id='word_1_100' title='bbox 172 1352 250 1414; x_wconf 89' lang='lat' dir='ltr'>toris</span> <span class='ocrx_word' id='word_1_101' title='bbox 263 1351 364 1414; x_wconf 88' lang='lat' dir='ltr'>nostri</span> <span class='ocrx_word' id='word_1_102' title='bbox 383 1373 418 1414; x_wconf 92' lang='lat' dir='ltr'>ac</span> <span class='ocrx_word' id='word_1_103' title='bbox 438 1361 585 1414; x_wconf 84' lang='lat' dir='ltr'>nostrum</span> <span class='ocrx_word' id='word_1_104' title='bbox 600 1351 663 1412; x_wconf 89' lang='lat' dir='ltr'>sibi</span> <span class='ocrx_word' id='word_1_105' title='bbox 683 1373 720 1412; x_wconf 92' lang='lat' dir='ltr'>ac</span> <span class='ocrx_word' id='word_1_106' title='bbox 735 1351 975 1414; x_wconf 85' lang='lat' dir='ltr'>successoribus</span> <span class='ocrx_word' id='word_1_107' title='bbox 992 1351 1058 1413; x_wconf 89' lang='lat' dir='ltr'>suis</span> <span class='ocrx_word' id='word_1_108' title='bbox 1080 1351 1121 1412; x_wconf 91' lang='lat' dir='ltr'>ad</span> <span class='ocrx_word' id='word_1_109' title='bbox 1146 1353 1325 1436; x_wconf 86' lang='lat' dir='ltr'>possiden-</span> 
     </span>
     <span class='ocr_line' id='line_1_14' title="bbox 171 1433 1324 1518; baseline -0.001 -20"><span class='ocrx_word' id='word_1_110' title='bbox 171 1437 249 1498; x_wconf 91' lang='lat' dir='ltr'>dum</span> <span class='ocrx_word' id='word_1_111' title='bbox 266 1434 373 1517; x_wconf 84' lang='lat' dir='ltr'>adepti</span> <span class='ocrx_word' id='word_1_112' title='bbox 390 1443 477 1512; x_wconf 91' lang='lat' dir='ltr'>sunt,</span> <span class='ocrx_word' id='word_1_113' title='bbox 496 1434 531 1494; x_wconf 88' lang='lat' dir='ltr'>bi</span> <span class='ocrx_word' id='word_1_114' title='bbox 552 1434 608 1518; x_wconf 91' lang='lat' dir='ltr'>qui</span> <span class='ocrx_word' id='word_1_115' title='bbox 623 1435 709 1496; x_wconf 86' lang='lat' dir='ltr'>inter</span> <span class='ocrx_word' id='word_1_116' title='bbox 730 1453 785 1496; x_wconf 90' lang='lat' dir='ltr'>eos</span> <span class='ocrx_word' id='word_1_117' title='bbox 798 1433 935 1496; x_wconf 86' lang='lat' dir='ltr'>maiores</span> <span class='ocrx_word' id='word_1_118' title='bbox 955 1444 988 1495; x_wconf 88' lang='lat' dir='ltr'>et</span> <span class='ocrx_word' id='word_1_119' title='bbox 1003 1434 1204 1517; x_wconf 87' lang='lat' dir='ltr'>potentiores</span> <span class='ocrx_word' id='word_1_120' title='bbox 1219 1445 1324 1497; x_wconf 85' lang='lat' dir='ltr'>erant</span> 
     </span>
     <span class='ocr_line' id='line_1_15' title="bbox 171 1515 1324 1600; baseline 0.001 -22"><span class='ocrx_word' id='word_1_121' title='bbox 171 1518 212 1578; x_wconf 89' lang='lat' dir='ltr'>ad</span> <span class='ocrx_word' id='word_1_122' title='bbox 227 1515 382 1600; x_wconf 87' lang='lat' dir='ltr'>palatium</span> <span class='ocrx_word' id='word_1_123' title='bbox 404 1517 584 1596; x_wconf 85' lang='lat' dir='ltr'>venientes,</span> <span class='ocrx_word' id='word_1_124' title='bbox 604 1517 665 1600; x_wconf 91' lang='lat' dir='ltr'>ipsi</span> <span class='ocrx_word' id='word_1_125' title='bbox 678 1525 849 1600; x_wconf 89' lang='lat' dir='ltr'>praecepta</span> <span class='ocrx_word' id='word_1_126' title='bbox 866 1517 988 1600; x_wconf 80' lang='lat' dir='ltr'>regalia</span> <span class='ocrx_word' id='word_1_127' title='bbox 1005 1527 1231 1600; x_wconf 87' lang='lat' dir='ltr'>susceperunt,</span> <span class='ocrx_word' id='word_1_128' title='bbox 1243 1518 1324 1600; x_wconf 87' lang='lat' dir='ltr'>qui·</span> 
     </span>
     <span class='ocr_line' id='line_1_16' title="bbox 168 1599 1320 1684; baseline 0 -22"><span class='ocrx_word' id='word_1_129' title='bbox 168 1601 231 1663; x_wconf 87' lang='lat' dir='ltr'>bus</span> <span class='ocrx_word' id='word_1_130' title='bbox 248 1600 414 1684; x_wconf 84' lang='lat' dir='ltr'>susceptis,</span> <span class='ocrx_word' id='word_1_131' title='bbox 431 1599 557 1682; x_wconf 89' lang='lat' dir='ltr'>eosqui</span> <span class='ocrx_word' id='word_1_132' title='bbox 573 1601 749 1661; x_wconf 89' lang='lat' dir='ltr'>interillos</span> <span class='ocrx_word' id='word_1_133' title='bbox 764 1601 906 1661; x_wconf 87' lang='lat' dir='ltr'>minores</span> <span class='ocrx_word' id='word_1_134' title='bbox 930 1609 964 1662; x_wconf 86' lang='lat' dir='ltr'>ct</span> <span class='ocrx_word' id='word_1_135' title='bbox 990 1599 1184 1662; x_wconf 82' lang='lat' dir='ltr'>infirmiores</span> <span class='ocrx_word' id='word_1_136' title='bbox 1206 1609 1320 1680; x_wconf 84' lang='lat' dir='ltr'>crant,</span> 
     </span>
     <span class='ocr_line' id='line_1_17' title="bbox 169 1681 1321 1768; baseline 0 -24"><span class='ocrx_word' id='word_1_137' title='bbox 169 1683 241 1744; x_wconf 88' lang='lat' dir='ltr'>loca</span> <span class='ocrx_word' id='word_1_138' title='bbox 253 1691 360 1743; x_wconf 89' lang='lat' dir='ltr'>tamen</span> <span class='ocrx_word' id='word_1_139' title='bbox 384 1681 538 1744; x_wconf 88' lang='lat' dir='ltr'>suabene</span> <span class='ocrx_word' id='word_1_140' title='bbox 559 1683 739 1744; x_wconf 85' lang='lat' dir='ltr'>excoluisse</span> <span class='ocrx_word' id='word_1_141' title='bbox 765 1681 971 1760; x_wconf 86' lang='lat' dir='ltr'>videbantur,</span> <span class='ocrx_word' id='word_1_142' title='bbox 987 1704 1048 1768; x_wconf 89' lang='lat' dir='ltr'>per</span> <span class='ocrx_word' id='word_1_143' title='bbox 1062 1683 1197 1744; x_wconf 90' lang='lat' dir='ltr'>illorum</span> <span class='ocrx_word' id='word_1_144' title='bbox 1215 1704 1321 1765; x_wconf 88' lang='lat' dir='ltr'>prae-</span> 
     </span>
     <span class='ocr_line' id='line_1_18' title="bbox 169 1763 1319 1848; baseline -0.001 -20"><span class='ocrx_word' id='word_1_145' title='bbox 169 1773 338 1848; x_wconf 85' lang='lat' dir='ltr'>ceptorum</span> <span class='ocrx_word' id='word_1_146' title='bbox 352 1765 587 1842; x_wconf 84' lang='lat' dir='ltr'>auctoritatem,</span> <span class='ocrx_word' id='word_1_147' title='bbox 602 1773 657 1824; x_wconf 88' lang='lat' dir='ltr'>aut</span> <span class='ocrx_word' id='word_1_148' title='bbox 671 1765 801 1848; x_wconf 90' lang='lat' dir='ltr'>penitus</span> <span class='ocrx_word' id='word_1_149' title='bbox 820 1763 859 1824; x_wconf 92' lang='lat' dir='ltr'>ab</span> <span class='ocrx_word' id='word_1_150' title='bbox 876 1765 998 1826; x_wconf 90' lang='lat' dir='ltr'>eisdem</span> <span class='ocrx_word' id='word_1_151' title='bbox 1028 1765 1109 1826; x_wconf 90' lang='lat' dir='ltr'>locis</span> <span class='ocrx_word' id='word_1_152' title='bbox 1142 1765 1319 1848; x_wconf 87' lang='lat' dir='ltr'>depellere</span> 
     </span>
     <span class='ocr_line' id='line_1_19' title="bbox 169 1847 1320 1930; baseline 0 -20"><span class='ocrx_word' id='word_1_153' title='bbox 169 1857 224 1910; x_wconf 92' lang='lat' dir='ltr'>aut</span> <span class='ocrx_word' id='word_1_154' title='bbox 240 1847 301 1909; x_wconf 88' lang='lat' dir='ltr'>sibi</span> <span class='ocrx_word' id='word_1_155' title='bbox 326 1848 366 1908; x_wconf 94' lang='lat' dir='ltr'>ad</span> <span class='ocrx_word' id='word_1_156' title='bbox 387 1847 556 1910; x_wconf 86' lang='lat' dir='ltr'>servitium</span> <span class='ocrx_word' id='word_1_157' title='bbox 578 1847 736 1910; x_wconf 86' lang='lat' dir='ltr'>subiicere</span> <span class='ocrx_word' id='word_1_158' title='bbox 750 1847 859 1909; x_wconf 89' lang='lat' dir='ltr'>conati</span> <span class='ocrx_word' id='word_1_159' title='bbox 874 1857 960 1908; x_wconf 88' lang='lat' dir='ltr'>sunt.</span> <span class='ocrx_word' id='word_1_160' title='bbox 980 1848 1126 1910; x_wconf 87' lang='lat' dir='ltr'>Alterum</span> <span class='ocrx_word' id='word_1_161' title='bbox 1148 1857 1205 1926; x_wconf 87' lang='lat' dir='ltr'>est,</span> <span class='ocrx_word' id='word_1_162' title='bbox 1221 1848 1320 1930; x_wconf 85' lang='lat' dir='ltr'>quod</span> 
     </span>
     <span class='ocr_line' id='line_1_20' title="bbox 169 1929 1318 2008; baseline -0.003 -13"><span class='ocrx_word' id='word_1_163' title='bbox 169 1930 268 1995; x_wconf 88' lang='lat' dir='ltr'>simili</span> <span class='ocrx_word' id='word_1_164' title='bbox 290 1929 387 1993; x_wconf 91' lang='lat' dir='ltr'>modo</span> <span class='ocrx_word' id='word_1_165' title='bbox 402 1929 442 1992; x_wconf 85' lang='lat' dir='ltr'>de</span> <span class='ocrx_word' id='word_1_166' title='bbox 464 1929 520 1992; x_wconf 90' lang='lat' dir='ltr'>His</span> <span class='ocrx_word' id='word_1_167' title='bbox 544 1930 617 1990; x_wconf 87' lang='lat' dir='ltr'>ania</span> <span class='ocrx_word' id='word_1_168' title='bbox 634 1929 814 2008; x_wconf 84' lang='lat' dir='ltr'>venientes,</span> <span class='ocrx_word' id='word_1_169' title='bbox 838 1939 871 1992; x_wconf 92' lang='lat' dir='ltr'>et</span> <span class='ocrx_word' id='word_1_170' title='bbox 890 1931 930 1992; x_wconf 92' lang='lat' dir='ltr'>ad</span> <span class='ocrx_word' id='word_1_171' title='bbox 945 1931 1088 1992; x_wconf 89' lang='lat' dir='ltr'>Comites</span> <span class='ocrx_word' id='word_1_172' title='bbox 1109 1931 1177 1992; x_wconf 88' lang='lat' dir='ltr'>sive</span> <span class='ocrx_word' id='word_1_173' title='bbox 1203 1953 1318 1994; x_wconf 78' lang='lat' dir='ltr'>vassos</span> 
     </span>
     <span class='ocr_line' id='line_1_21' title="bbox 171 1953 1319 2090; baseline -0.002 -14"><span class='ocrx_word' id='word_1_174' title='bbox 171 2023 296 2076; x_wconf 90' lang='lat' dir='ltr'>nostros</span> <span class='ocrx_word' id='word_1_175' title='bbox 317 2013 370 2076; x_wconf 84' lang='lat' dir='ltr'>vel</span> <span class='ocrx_word' id='word_1_176' title='bbox 390 2011 486 2073; x_wconf 88' lang='lat' dir='ltr'>etiam</span> <span class='ocrx_word' id='word_1_177' title='bbox 503 1953 544 2075; x_wconf 59' lang='lat' dir='ltr'>ab</span> <span class='ocrx_word' id='word_1_178' title='bbox 561 2034 666 2076; x_wconf 82' lang='lat' dir='ltr'>vassos</span> <span class='ocrx_word' id='word_1_179' title='bbox 686 2013 849 2074; x_wconf 89' lang='lat' dir='ltr'>Comitum</span> <span class='ocrx_word' id='word_1_180' title='bbox 873 2034 907 2074; x_wconf 91' lang='lat' dir='ltr'>se</span> <span class='ocrx_word' id='word_1_181' title='bbox 924 2013 1247 2090; x_wconf 84' lang='lat' dir='ltr'>commendaverunt,</span> <span class='ocrx_word' id='word_1_182' title='bbox 1283 2023 1319 2075; x_wconf 93' lang='lat' dir='ltr'>et</span> 
     </span>
     <span class='ocr_line' id='line_1_22' title="bbox 170 2095 1315 2178; baseline 0 -20"><span class='ocrx_word' id='word_1_183' title='bbox 170 2097 212 2160; x_wconf 86' lang='lat' dir='ltr'>ad</span> <span class='ocrx_word' id='word_1_184' title='bbox 236 2095 448 2158; x_wconf 88' lang='lat' dir='ltr'>habitandum</span> <span class='ocrx_word' id='word_1_185' title='bbox 478 2104 575 2178; x_wconf 89' lang='lat' dir='ltr'>atquc</span> <span class='ocrx_word' id='word_1_186' title='bbox 598 2095 817 2158; x_wconf 85' lang='lat' dir='ltr'>excolendum</span> <span class='ocrx_word' id='word_1_187' title='bbox 840 2096 967 2156; x_wconf 89' lang='lat' dir='ltr'>deserta</span> <span class='ocrx_word' id='word_1_188' title='bbox 995 2097 1067 2156; x_wconf 89' lang='lat' dir='ltr'>loca</span> <span class='ocrx_word' id='word_1_189' title='bbox 1094 2117 1169 2158; x_wconf 89' lang='lat' dir='ltr'>acce</span> <span class='ocrx_word' id='word_1_190' title='bbox 1195 2107 1315 2169; x_wconf 76' lang='lat' dir='ltr'>erunt3</span> 
     </span>
     <span class='ocr_line' id='line_1_23' title="bbox 169 2119 1315 2262; baseline 0 -21"><span class='ocrx_word' id='word_1_191' title='bbox 169 2199 252 2262; x_wconf 89' lang='lat' dir='ltr'>quae</span> <span class='ocrx_word' id='word_1_192' title='bbox 271 2179 326 2240; x_wconf 89' lang='lat' dir='ltr'>ubi</span> <span class='ocrx_word' id='word_1_193' title='bbox 342 2177 382 2240; x_wconf 92' lang='lat' dir='ltr'>ab</span> <span class='ocrx_word' id='word_1_194' title='bbox 399 2178 446 2240; x_wconf 88' lang='lat' dir='ltr'>eis</span> <span class='ocrx_word' id='word_1_195' title='bbox 466 2178 598 2240; x_wconf 83' lang='lat' dir='ltr'>exculta</span> <span class='ocrx_word' id='word_1_196' title='bbox 613 2187 701 2256; x_wconf 90' lang='lat' dir='ltr'>sunt,</span> <span class='ocrx_word' id='word_1_197' title='bbox 724 2200 764 2240; x_wconf 83' lang='lat' dir='ltr'>ex</span> <span class='ocrx_word' id='word_1_198' title='bbox 781 2177 983 2260; x_wconf 85' lang='lat' dir='ltr'>quibuslibet</span> <span class='ocrx_word' id='word_1_199' title='bbox 1006 2119 1231 2242; x_wconf 67' lang='lat' dir='ltr'>occasionibus</span> <span class='ocrx_word' id='word_1_200' title='bbox 1255 2201 1315 2241; x_wconf 91' lang='lat' dir='ltr'>eos</span> 
     </span>
     <span class='ocr_line' id='line_1_24' title="bbox 170 2261 1317 2346; baseline -0.001 -22"><span class='ocrx_word' id='word_1_201' title='bbox 170 2262 247 2324; x_wconf 89' lang='lat' dir='ltr'>inde</span> <span class='ocrx_word' id='word_1_202' title='bbox 272 2261 451 2346; x_wconf 83' lang='lat' dir='ltr'>expellere,</span> <span class='ocrx_word' id='word_1_203' title='bbox 470 2270 503 2321; x_wconf 88' lang='lat' dir='ltr'>et</span> <span class='ocrx_word' id='word_1_204' title='bbox 526 2261 566 2322; x_wconf 88' lang='lat' dir='ltr'>ad</span> <span class='ocrx_word' id='word_1_205' title='bbox 589 2281 669 2344; x_wconf 88' lang='lat' dir='ltr'>opus</span> <span class='ocrx_word' id='word_1_206' title='bbox 683 2261 852 2344; x_wconf 88' lang='lat' dir='ltr'>proprium</span> <span class='ocrx_word' id='word_1_207' title='bbox 870 2261 1027 2334; x_wconf 88' lang='lat' dir='ltr'>retinere,</span> <span class='ocrx_word' id='word_1_208' title='bbox 1048 2271 1103 2322; x_wconf 81' lang='lat' dir='ltr'>aut</span> <span class='ocrx_word' id='word_1_209' title='bbox 1124 2261 1195 2323; x_wconf 91' lang='lat' dir='ltr'>aliis</span> <span class='ocrx_word' id='word_1_210' title='bbox 1210 2283 1317 2344; x_wconf 91' lang='lat' dir='ltr'>prop-</span> 
     </span>
     <span class='ocr_line' id='line_1_25' title="bbox 168 2343 1317 2424; baseline -0.003 -17"><span class='ocrx_word' id='word_1_211' title='bbox 168 2355 220 2407; x_wconf 90' lang='lat' dir='ltr'>ter</span> <span class='ocrx_word' id='word_1_212' title='bbox 232 2344 410 2424; x_wconf 83' lang='lat' dir='ltr'>praemium</span> <span class='ocrx_word' id='word_1_213' title='bbox 421 2343 497 2406; x_wconf 85' lang='lat' dir='ltr'>dare</span> <span class='ocrx_word' id='word_1_214' title='bbox 511 2344 696 2406; x_wconf 81' lang='lat' dir='ltr'>voluerunt.</span> <span class='ocrx_word' id='word_1_215' title='bbox 707 2345 856 2422; x_wconf 90' lang='lat' dir='ltr'>Quorum</span> <span class='ocrx_word' id='word_1_216' title='bbox 870 2353 1023 2406; x_wconf 90' lang='lat' dir='ltr'>neutrum</span> <span class='ocrx_word' id='word_1_217' title='bbox 1035 2345 1155 2406; x_wconf 91' lang='lat' dir='ltr'>iustum</span> <span class='ocrx_word' id='word_1_218' title='bbox 1168 2354 1224 2404; x_wconf 90' lang='lat' dir='ltr'>aut</span> <span class='ocrx_word' id='word_1_219' title='bbox 1236 2344 1317 2404; x_wconf 88' lang='lat' dir='ltr'>rati·</span> 
     </span>
     <span class='ocr_line' id='line_1_26' title="bbox 170 2425 1317 2510; baseline -0.002 -20"><span class='ocrx_word' id='word_1_220' title='bbox 170 2427 299 2490; x_wconf 92' lang='lat' dir='ltr'>onabile</span> <span class='ocrx_word' id='word_1_221' title='bbox 313 2426 406 2488; x_wconf 86' lang='lat' dir='ltr'>nobis</span> <span class='ocrx_word' id='word_1_222' title='bbox 421 2447 489 2488; x_wconf 90' lang='lat' dir='ltr'>esse</span> <span class='ocrx_word' id='word_1_223' title='bbox 502 2427 640 2488; x_wconf 81' lang='lat' dir='ltr'>ridetur.</span> <span class='ocrx_word' id='word_1_224' title='bbox 661 2427 703 2486; x_wconf 92' lang='lat' dir='ltr'>Et</span> <span class='ocrx_word' id='word_1_225' title='bbox 715 2426 789 2488; x_wconf 91' lang='lat' dir='ltr'>ideo</span> <span class='ocrx_word' id='word_1_226' title='bbox 801 2449 860 2509; x_wconf 88' lang='lat' dir='ltr'>per</span> <span class='ocrx_word' id='word_1_227' title='bbox 872 2425 958 2489; x_wconf 87' lang='lat' dir='ltr'>hanc</span> <span class='ocrx_word' id='word_1_228' title='bbox 971 2437 1101 2490; x_wconf 83' lang='lat' dir='ltr'>nostrae</span> <span class='ocrx_word' id='word_1_229' title='bbox 1111 2426 1317 2510; x_wconf 84' lang='lat' dir='ltr'>praeceptio·</span> 
     </span>
     <span class='ocr_line' id='line_1_27' title="bbox 172 2509 1315 2592; baseline 0 -22"><span class='ocrx_word' id='word_1_230' title='bbox 172 2511 222 2570; x_wconf 90' lang='lat' dir='ltr'>nis</span> <span class='ocrx_word' id='word_1_231' title='bbox 236 2509 461 2570; x_wconf 89' lang='lat' dir='ltr'>auctoritatem</span> <span class='ocrx_word' id='word_1_232' title='bbox 476 2509 680 2570; x_wconf 88' lang='lat' dir='ltr'>decernimus</span> <span class='ocrx_word' id='word_1_233' title='bbox 699 2517 795 2591; x_wconf 87' lang='lat' dir='ltr'>atque</span> <span class='ocrx_word' id='word_1_234' title='bbox 810 2509 968 2588; x_wconf 88' lang='lat' dir='ltr'>iubemus,</span> <span class='ocrx_word' id='word_1_235' title='bbox 990 2520 1026 2572; x_wconf 89' lang='lat' dir='ltr'>ut</span> <span class='ocrx_word' id='word_1_236' title='bbox 1042 2509 1078 2570; x_wconf 88' lang='lat' dir='ltr'>hi</span> <span class='ocrx_word' id='word_1_237' title='bbox 1094 2509 1153 2592; x_wconf 88' lang='lat' dir='ltr'>qui</span> <span class='ocrx_word' id='word_1_238' title='bbox 1165 2509 1220 2572; x_wconf 84' lang='lat' dir='ltr'>vel</span> <span class='ocrx_word' id='word_1_239' title='bbox 1234 2529 1315 2570; x_wconf 89' lang='lat' dir='ltr'>nos-</span> 
     </span>
     <span class='ocr_line' id='line_1_28' title="bbox 170 2591 1317 2676; baseline -0.001 -23"><span class='ocrx_word' id='word_1_240' title='bbox 170 2603 256 2653; x_wconf 87' lang='lat' dir='ltr'>trum</span> <span class='ocrx_word' id='word_1_241' title='bbox 269 2593 323 2654; x_wconf 77' lang='lat' dir='ltr'>vel</span> <span class='ocrx_word' id='word_1_242' title='bbox 337 2591 458 2654; x_wconf 89' lang='lat' dir='ltr'>Domni</span> <span class='ocrx_word' id='word_1_243' title='bbox 469 2601 502 2653; x_wconf 89' lang='lat' dir='ltr'>et</span> <span class='ocrx_word' id='word_1_244' title='bbox 511 2591 676 2654; x_wconf 84' lang='lat' dir='ltr'>Genitoris</span> <span class='ocrx_word' id='word_1_245' title='bbox 691 2592 794 2653; x_wconf 87' lang='lat' dir='ltr'>nostri</span> <span class='ocrx_word' id='word_1_246' title='bbox 803 2603 1012 2676; x_wconf 89' lang='lat' dir='ltr'>praeceptum</span> <span class='ocrx_word' id='word_1_247' title='bbox 1026 2593 1172 2675; x_wconf 85' lang='lat' dir='ltr'>accipere</span> <span class='ocrx_word' id='word_1_248' title='bbox 1186 2611 1317 2652; x_wconf 85' lang='lat' dir='ltr'>merue-</span> 
     </span>
     <span class='ocr_line' id='line_1_29' title="bbox 171 2673 1316 2757; baseline -0.003 -19"><span class='ocrx_word' id='word_1_249' title='bbox 171 2684 261 2754; x_wconf 88' lang='lat' dir='ltr'>runt,</span> <span class='ocrx_word' id='word_1_250' title='bbox 281 2673 344 2736; x_wconf 91' lang='lat' dir='ltr'>boc</span> <span class='ocrx_word' id='word_1_251' title='bbox 366 2673 456 2755; x_wconf 89' lang='lat' dir='ltr'>quod</span> <span class='ocrx_word' id='word_1_252' title='bbox 476 2673 539 2757; x_wconf 88' lang='lat' dir='ltr'>ipsi</span> <span class='ocrx_word' id='word_1_253' title='bbox 559 2696 634 2736; x_wconf 88' lang='lat' dir='ltr'>cum</span> <span class='ocrx_word' id='word_1_254' title='bbox 655 2673 721 2735; x_wconf 89' lang='lat' dir='ltr'>suis</span> <span class='ocrx_word' id='word_1_255' title='bbox 744 2673 931 2737; x_wconf 91' lang='lat' dir='ltr'>hominibus</span> <span class='ocrx_word' id='word_1_256' title='bbox 947 2675 987 2736; x_wconf 91' lang='lat' dir='ltr'>de</span> <span class='ocrx_word' id='word_1_257' title='bbox 1006 2677 1132 2737; x_wconf 89' lang='lat' dir='ltr'>deserto</span> <span class='ocrx_word' id='word_1_258' title='bbox 1155 2674 1316 2736; x_wconf 82' lang='lat' dir='ltr'>excolue-</span> 
     </span>
     <span class='ocr_line' id='line_1_30' title="bbox 171 2754 1315 2840; baseline 0 -22"><span class='ocrx_word' id='word_1_259' title='bbox 171 2767 261 2836; x_wconf 85' lang='lat' dir='ltr'>runt,</span> <span class='ocrx_word' id='word_1_260' title='bbox 275 2777 335 2840; x_wconf 84' lang='lat' dir='ltr'>per</span> <span class='ocrx_word' id='word_1_261' title='bbox 346 2765 486 2818; x_wconf 89' lang='lat' dir='ltr'>nostram</span> <span class='ocrx_word' id='word_1_262' title='bbox 497 2755 739 2820; x_wconf 86' lang='lat' dir='ltr'>concessionem</span> <span class='ocrx_word' id='word_1_263' title='bbox 748 2755 898 2820; x_wconf 89' lang='lat' dir='ltr'>habeant.</span> <span class='ocrx_word' id='word_1_264' title='bbox 911 2759 1039 2819; x_wconf 87' lang='lat' dir='ltr'>Caeteri</span> <span class='ocrx_word' id='word_1_265' title='bbox 1050 2779 1128 2821; x_wconf 83' lang='lat' dir='ltr'>vero</span> <span class='ocrx_word' id='word_1_266' title='bbox 1142 2756 1199 2840; x_wconf 88' lang='lat' dir='ltr'>qui</span> <span class='ocrx_word' id='word_1_267' title='bbox 1213 2754 1315 2818; x_wconf 89' lang='lat' dir='ltr'>simul</span> 
     </span>
     <span class='ocr_line' id='line_1_31' title="bbox 170 2837 1314 2923; baseline -0.002 -22"><span class='ocrx_word' id='word_1_268' title='bbox 170 2839 316 2902; x_wconf 79' lang='lat' dir='ltr'>cum-eis</span> <span class='ocrx_word' id='word_1_269' title='bbox 333 2849 496 2901; x_wconf 87' lang='lat' dir='ltr'>venerunt</span> <span class='ocrx_word' id='word_1_270' title='bbox 513 2849 545 2900; x_wconf 90' lang='lat' dir='ltr'>et</span> <span class='ocrx_word' id='word_1_271' title='bbox 563 2839 634 2901; x_wconf 90' lang='lat' dir='ltr'>loca</span> <span class='ocrx_word' id='word_1_272' title='bbox 658 2840 786 2901; x_wconf 88' lang='lat' dir='ltr'>deserta</span> <span class='ocrx_word' id='word_1_273' title='bbox 812 2851 1065 2923; x_wconf 83' lang='lat' dir='ltr'>occupaverunt,</span> <span class='ocrx_word' id='word_1_274' title='bbox 1086 2837 1247 2923; x_wconf 91' lang='lat' dir='ltr'>quicquid</span> <span class='ocrx_word' id='word_1_275' title='bbox 1270 2838 1314 2901; x_wconf 88' lang='lat' dir='ltr'>de</span> 
     </span>
     <span class='ocr_line' id='line_1_32' title="bbox 171 2921 1314 3007; baseline -0.003 -23"><span class='ocrx_word' id='word_1_276' title='bbox 171 2923 298 2984; x_wconf 88' lang='lat' dir='ltr'>inculto</span> <span class='ocrx_word' id='word_1_277' title='bbox 324 2921 550 2999; x_wconf 84' lang='lat' dir='ltr'>excoluerunt,</span> <span class='ocrx_word' id='word_1_278' title='bbox 583 2923 701 3004; x_wconf 84' lang='lat' dir='ltr'>absque</span> <span class='ocrx_word' id='word_1_279' title='bbox 732 2923 831 2984; x_wconf 89' lang='lat' dir='ltr'>ullius</span> <span class='ocrx_word' id='word_1_280' title='bbox 857 2923 1086 3004; x_wconf 87' lang='lat' dir='ltr'>inquietudine</span> <span class='ocrx_word' id='word_1_281' title='bbox 1112 2921 1314 3007; x_wconf 85' lang='lat' dir='ltr'>possideant,</span> 
     </span>
     <span class='ocr_line' id='line_1_33' title="bbox 171 3003 1315 3088; baseline -0.002 -21"><span class='ocrx_word' id='word_1_282' title='bbox 171 3017 237 3067; x_wconf 87' lang='lat' dir='ltr'>tam</span> <span class='ocrx_word' id='word_1_283' title='bbox 258 3003 320 3088; x_wconf 91' lang='lat' dir='ltr'>ipsi</span> <span class='ocrx_word' id='word_1_284' title='bbox 340 3025 437 3086; x_wconf 88' lang='lat' dir='ltr'>quam</span> <span class='ocrx_word' id='word_1_285' title='bbox 455 3005 588 3065; x_wconf 91' lang='lat' dir='ltr'>illorum</span> <span class='ocrx_word' id='word_1_286' title='bbox 613 3005 794 3088; x_wconf 88' lang='lat' dir='ltr'>posteritas;</span> <span class='ocrx_word' id='word_1_287' title='bbox 819 3006 863 3065; x_wconf 88' lang='lat' dir='ltr'>ita</span> <span class='ocrx_word' id='word_1_288' title='bbox 893 3007 1050 3066; x_wconf 80' lang='lat' dir='ltr'>duntaxat</span> <span class='ocrx_word' id='word_1_289' title='bbox 1079 3016 1115 3066; x_wconf 91' lang='lat' dir='ltr'>ut</span> <span class='ocrx_word' id='word_1_290' title='bbox 1142 3003 1315 3067; x_wconf 83' lang='lat' dir='ltr'>servitium</span> 
     </span>
     <span class='ocr_line' id='line_1_34' title="bbox 172 3087 1314 3172; baseline -0.001 -23"><span class='ocrx_word' id='word_1_291' title='bbox 172 3099 318 3150; x_wconf 89' lang='lat' dir='ltr'>nostrum</span> <span class='ocrx_word' id='word_1_292' title='bbox 338 3109 412 3148; x_wconf 89' lang='lat' dir='ltr'>cum</span> <span class='ocrx_word' id='word_1_293' title='bbox 430 3087 489 3148; x_wconf 92' lang='lat' dir='ltr'>illo</span> <span class='ocrx_word' id='word_1_294' title='bbox 509 3089 578 3170; x_wconf 58' lang='lat' dir='ltr'>&#39;qui</span> <span class='ocrx_word' id='word_1_295' title='bbox 602 3087 707 3170; x_wconf 89' lang='lat' dir='ltr'>ipsum</span> <span class='ocrx_word' id='word_1_296' title='bbox 734 3099 945 3172; x_wconf 86' lang='lat' dir='ltr'>praeceptum</span> <span class='ocrx_word' id='word_1_297' title='bbox 970 3088 1104 3171; x_wconf 86' lang='lat' dir='ltr'>accepit,</span> <span class='ocrx_word' id='word_1_298' title='bbox 1128 3109 1187 3172; x_wconf 89' lang='lat' dir='ltr'>pro</span> <span class='ocrx_word' id='word_1_299' title='bbox 1213 3088 1314 3148; x_wconf 89' lang='lat' dir='ltr'>modo</span> 
     </span>
     <span class='ocr_line' id='line_1_35' title="bbox 170 3169 1314 3256; baseline -0.001 -25"><span class='ocrx_word' id='word_1_300' title='bbox 170 3169 381 3256; x_wconf 89' lang='lat' dir='ltr'>possessionis</span> <span class='ocrx_word' id='word_1_301' title='bbox 402 3193 497 3252; x_wconf 91' lang='lat' dir='ltr'>quam</span> <span class='ocrx_word' id='word_1_302' title='bbox 524 3179 625 3247; x_wconf 91' lang='lat' dir='ltr'>tenet,</span> <span class='ocrx_word' id='word_1_303' title='bbox 640 3172 748 3232; x_wconf 89' lang='lat' dir='ltr'>lacere</span> <span class='ocrx_word' id='word_1_304' title='bbox 778 3171 902 3233; x_wconf 90' lang='lat' dir='ltr'>debeat.</span> <span class='ocrx_word' id='word_1_305' title='bbox 945 3172 986 3232; x_wconf 91' lang='lat' dir='ltr'>Hi</span> <span class='ocrx_word' id='word_1_306' title='bbox 1011 3193 1088 3233; x_wconf 84' lang='lat' dir='ltr'>vero</span> <span class='ocrx_word' id='word_1_307' title='bbox 1117 3170 1175 3253; x_wconf 90' lang='lat' dir='ltr'>qui</span> <span class='ocrx_word' id='word_1_308' title='bbox 1198 3171 1314 3253; x_wconf 78' lang='lat' dir='ltr'>posted</span> 
     </span>
     <span class='ocr_line' id='line_1_36' title="bbox 174 3252 1313 3337; baseline -0.002 -21"><span class='ocrx_word' id='word_1_309' title='bbox 174 3263 346 3332; x_wconf 83' lang='lat' dir='ltr'>venerunt,</span> <span class='ocrx_word' id='word_1_310' title='bbox 370 3263 451 3315; x_wconf 86' lang='lat' dir='ltr'>etse</span> <span class='ocrx_word' id='word_1_311' title='bbox 471 3263 525 3332; x_wconf 79' lang='lat' dir='ltr'>aut</span> <span class='ocrx_word' id='word_1_312' title='bbox 545 3253 737 3332; x_wconf 91' lang='lat' dir='ltr'>Comitibus,</span> <span class='ocrx_word' id='word_1_313' title='bbox 753 3263 808 3316; x_wconf 90' lang='lat' dir='ltr'>aut</span> <span class='ocrx_word' id='word_1_314' title='bbox 830 3257 926 3318; x_wconf 86' lang='lat' dir='ltr'>vassis</span> <span class='ocrx_word' id='word_1_315' title='bbox 950 3253 1079 3331; x_wconf 88' lang='lat' dir='ltr'>nostris,</span> <span class='ocrx_word' id='word_1_316' title='bbox 1100 3263 1155 3315; x_wconf 85' lang='lat' dir='ltr'>aut</span> <span class='ocrx_word' id='word_1_317' title='bbox 1179 3252 1313 3337; x_wconf 87' lang='lat' dir='ltr'>paribus</span> 
     </span>
     <span class='ocr_line' id='line_1_37' title="bbox 173 3336 1314 3412; baseline -0.001 -14"><span class='ocrx_word' id='word_1_318' title='bbox 173 3337 238 3398; x_wconf 91' lang='lat' dir='ltr'>suis</span> <span class='ocrx_word' id='word_1_319' title='bbox 256 3357 288 3397; x_wconf 89' lang='lat' dir='ltr'>se</span> <span class='ocrx_word' id='word_1_320' title='bbox 306 3336 625 3412; x_wconf 76' lang='lat' dir='ltr'>commendaverunt,</span> <span class='ocrx_word' id='word_1_321' title='bbox 640 3345 671 3396; x_wconf 91' lang='lat' dir='ltr'>et</span> <span class='ocrx_word' id='word_1_322' title='bbox 688 3337 727 3396; x_wconf 90' lang='lat' dir='ltr'>ab</span> <span class='ocrx_word' id='word_1_323' title='bbox 741 3337 786 3398; x_wconf 87' lang='lat' dir='ltr'>eis</span> <span class='ocrx_word' id='word_1_324' title='bbox 803 3347 902 3399; x_wconf 90' lang='lat' dir='ltr'>terras</span> <span class='ocrx_word' id='word_1_325' title='bbox 923 3339 963 3399; x_wconf 90' lang='lat' dir='ltr'>ad</span> <span class='ocrx_word' id='word_1_326' title='bbox 981 3336 1192 3399; x_wconf 87' lang='lat' dir='ltr'>habitandum</span> <span class='ocrx_word' id='word_1_327' title='bbox 1216 3357 1314 3397; x_wconf 86' lang='lat' dir='ltr'>acce·</span> 
     </span>
     <span class='ocr_line' id='line_1_38' title="bbox 170 3417 1313 3504; baseline -0.001 -25"><span class='ocrx_word' id='word_1_328' title='bbox 170 3428 303 3504; x_wconf 84' lang='lat' dir='ltr'>perant,</span> <span class='ocrx_word' id='word_1_329' title='bbox 315 3417 373 3479; x_wconf 89' lang='lat' dir='ltr'>sub</span> <span class='ocrx_word' id='word_1_330' title='bbox 384 3419 473 3502; x_wconf 89' lang='lat' dir='ltr'>quali</span> <span class='ocrx_word' id='word_1_331' title='bbox 486 3420 712 3482; x_wconf 78' lang='lat' dir='ltr'>convenientia</span> <span class='ocrx_word' id='word_1_332' title='bbox 723 3427 818 3501; x_wconf 90' lang='lat' dir='ltr'>atque</span> <span class='ocrx_word' id='word_1_333' title='bbox 831 3421 1018 3481; x_wconf 91' lang='lat' dir='ltr'>conditione</span> <span class='ocrx_word' id='word_1_334' title='bbox 1032 3427 1240 3502; x_wconf 88' lang='lat' dir='ltr'>acceperunt,</span> <span class='ocrx_word' id='word_1_335' title='bbox 1253 3417 1313 3479; x_wconf 90' lang='lat' dir='ltr'>tali</span> 
     </span>
     <span class='ocr_line' id='line_1_39' title="bbox 141 3501 1312 3586; baseline -0.003 -22"><span class='ocrx_word' id='word_1_336' title='bbox 141 3517 142 3522; x_wconf 76' lang='grc'>’</span> <span class='ocrx_word' id='word_1_337' title='bbox 173 3524 225 3564; x_wconf 89' lang='lat' dir='ltr'>eas</span> <span class='ocrx_word' id='word_1_338' title='bbox 234 3501 268 3560; x_wconf 91' lang='lat' dir='ltr'>in</span> <span class='ocrx_word' id='word_1_339' title='bbox 280 3501 428 3562; x_wconf 84' lang='lat' dir='ltr'>futurum</span> <span class='ocrx_word' id='word_1_340' title='bbox 439 3511 471 3562; x_wconf 93' lang='lat' dir='ltr'>et</span> <span class='ocrx_word' id='word_1_341' title='bbox 480 3501 540 3585; x_wconf 91' lang='lat' dir='ltr'>ipsi</span> <span class='ocrx_word' id='word_1_342' title='bbox 549 3501 744 3585; x_wconf 86' lang='lat' dir='ltr'>possideant,</span> <span class='ocrx_word' id='word_1_343' title='bbox 756 3511 787 3564; x_wconf 91' lang='lat' dir='ltr'>et</span> <span class='ocrx_word' id='word_1_344' title='bbox 797 3525 872 3565; x_wconf 88' lang='lat' dir='ltr'>suae</span> <span class='ocrx_word' id='word_1_345' title='bbox 882 3503 1059 3586; x_wconf 88' lang='lat' dir='ltr'>posteritati</span> <span class='ocrx_word' id='word_1_346' title='bbox 1069 3502 1312 3582; x_wconf 87' lang='lat' dir='ltr'>derelinquant.</span> 
     </span>
     <span class='ocr_line' id='line_1_40' title="bbox 171 3585 1315 3668; baseline -0.002 -21"><span class='ocrx_word' id='word_1_347' title='bbox 171 3587 241 3647; x_wconf 88' lang='lat' dir='ltr'>Hoc</span> <span class='ocrx_word' id='word_1_348' title='bbox 256 3594 383 3646; x_wconf 87' lang='lat' dir='ltr'>nostrae</span> <span class='ocrx_word' id='word_1_349' title='bbox 395 3585 592 3648; x_wconf 87' lang='lat' dir='ltr'>auctoritatis</span> <span class='ocrx_word' id='word_1_350' title='bbox 605 3585 773 3646; x_wconf 88' lang='lat' dir='ltr'>decretum</span> <span class='ocrx_word' id='word_1_351' title='bbox 788 3607 852 3647; x_wconf 91' lang='lat' dir='ltr'>non</span> <span class='ocrx_word' id='word_1_352' title='bbox 866 3586 971 3653; x_wconf 88' lang='lat' dir='ltr'>solum</span> <span class='ocrx_word' id='word_1_353' title='bbox 984 3605 1058 3668; x_wconf 81' lang='lat' dir='ltr'>erga</span> <span class='ocrx_word' id='word_1_354' title='bbox 1075 3585 1266 3668; x_wconf 87' lang='lat' dir='ltr'>praeteritos</span> <span class='ocrx_word' id='word_1_355' title='bbox 1279 3592 1315 3645; x_wconf 90' lang='lat' dir='ltr'>ct</span> 
     </span>
     <span class='ocr_line' id='line_1_41' title="bbox 170 3667 1312 3752; baseline 0.001 -24"><span class='ocrx_word' id='word_1_356' title='bbox 170 3677 369 3752; x_wconf 85' lang='lat' dir='ltr'>praesentes,</span> <span class='ocrx_word' id='word_1_357' title='bbox 383 3689 497 3729; x_wconf 84' lang='lat' dir='ltr'>verum</span> <span class='ocrx_word' id='word_1_358' title='bbox 509 3667 605 3728; x_wconf 89' lang='lat' dir='ltr'>etiam</span> <span class='ocrx_word' id='word_1_359' title='bbox 615 3689 690 3751; x_wconf 80' lang='lat' dir='ltr'>erga</span> <span class='ocrx_word' id='word_1_360' title='bbox 703 3669 830 3730; x_wconf 87' lang='lat' dir='ltr'>futuros</span> <span class='ocrx_word' id='word_1_361' title='bbox 844 3669 901 3751; x_wconf 82' lang='lat' dir='ltr'>q&#39;ui</span> <span class='ocrx_word' id='word_1_362' title='bbox 916 3668 1021 3729; x_wconf 90' lang='lat' dir='ltr'>adhuc</span> <span class='ocrx_word' id='word_1_363' title='bbox 1036 3687 1076 3728; x_wconf 85' lang='lat' dir='ltr'>ex</span> <span class='ocrx_word' id='word_1_364' title='bbox 1087 3667 1154 3730; x_wconf 92' lang='lat' dir='ltr'>illis</span> <span class='ocrx_word' id='word_1_365' title='bbox 1166 3667 1312 3750; x_wconf 87' lang='lat' dir='ltr'>partibus</span> 
     </span>
     <span class='ocr_line' id='line_1_42' title="bbox 172 3749 1313 3828; baseline 0.002 -19"><span class='ocrx_word' id='word_1_366' title='bbox 172 3751 214 3810; x_wconf 86' lang='lat' dir='ltr'>ad</span> <span class='ocrx_word' id='word_1_367' title='bbox 235 3760 375 3811; x_wconf 88' lang='lat' dir='ltr'>nostram</span> <span class='ocrx_word' id='word_1_368' title='bbox 389 3749 486 3812; x_wconf 88' lang='lat' dir='ltr'>fidem</span> <span class='ocrx_word' id='word_1_369' title='bbox 503 3752 633 3812; x_wconf 85' lang='lat' dir='ltr'>venturi</span> <span class='ocrx_word' id='word_1_370' title='bbox 648 3760 735 3827; x_wconf 90' lang='lat' dir='ltr'>sunt,</span> <span class='ocrx_word' id='word_1_371' title='bbox 750 3751 1008 3813; x_wconf 87' lang='lat' dir='ltr'>conservandum</span> <span class='ocrx_word' id='word_1_372' title='bbox 1026 3751 1205 3828; x_wconf 86' lang='lat' dir='ltr'>statuimus,</span> <span class='ocrx_word' id='word_1_373' title='bbox 1225 3750 1313 3811; x_wconf 89' lang='lat' dir='ltr'>etde</span> 
     </span>
     <span class='ocr_line' id='line_1_43' title="bbox 170 3832 1313 3917; baseline 0 -25"><span class='ocrx_word' id='word_1_374' title='bbox 170 3832 231 3894; x_wconf 86' lang='lat' dir='ltr'>hac</span> <span class='ocrx_word' id='word_1_375' title='bbox 238 3833 467 3906; x_wconf 79' lang='lat' dir='ltr'>constitutione</span> <span class='ocrx_word' id='word_1_376' title='bbox 480 3843 718 3916; x_wconf 86' lang='lat' dir='ltr'>nostraseptem</span> <span class='ocrx_word' id='word_1_377' title='bbox 727 3844 897 3917; x_wconf 74' lang='lat' dir='ltr'>praccepta</span> <span class='ocrx_word' id='word_1_378' title='bbox 909 3856 975 3894; x_wconf 91' lang='lat' dir='ltr'>uno</span> <span class='ocrx_word' id='word_1_379' title='bbox 994 3843 1107 3894; x_wconf 88' lang='lat' dir='ltr'>tenore</span> <span class='ocrx_word' id='word_1_380' title='bbox 1122 3832 1313 3894; x_wconf 87' lang='lat' dir='ltr'>conscribe·</span> 
     </span>
     <span class='ocr_line' id='line_1_44' title="bbox 169 3916 1312 3998; baseline -0.003 -22"><span class='ocrx_word' id='word_1_381' title='bbox 169 3937 206 3976; x_wconf 87' lang='lat' dir='ltr'>rc</span> <span class='ocrx_word' id='word_1_382' title='bbox 221 3916 387 3978; x_wconf 89' lang='lat' dir='ltr'>iussimus:</span> <span class='ocrx_word' id='word_1_383' title='bbox 410 3937 548 3998; x_wconf 90' lang='lat' dir='ltr'>quorum</span> <span class='ocrx_word' id='word_1_384' title='bbox 562 3939 665 3977; x_wconf 90' lang='lat' dir='ltr'>unum</span> <span class='ocrx_word' id='word_1_385' title='bbox 680 3917 713 3975; x_wconf 89' lang='lat' dir='ltr'>in</span> <span class='ocrx_word' id='word_1_386' title='bbox 730 3917 896 3996; x_wconf 87' lang='lat' dir='ltr'>Narbona,</span> <span class='ocrx_word' id='word_1_387' title='bbox 908 3918 1049 3978; x_wconf 86' lang='lat' dir='ltr'>alterum</span> <span class='ocrx_word' id='word_1_388' title='bbox 1061 3917 1093 3976; x_wconf 90' lang='lat' dir='ltr'>in</span> <span class='ocrx_word' id='word_1_389' title='bbox 1104 3917 1312 3993; x_wconf 84' lang='lat' dir='ltr'>Carcassona,</span> 
     </span>
     <span class='ocr_line' id='line_1_45' title="bbox 169 3999 1313 4084; baseline 0 -26"><span class='ocrx_word' id='word_1_390' title='bbox 169 4000 303 4059; x_wconf 88' lang='lat' dir='ltr'>tertium</span> <span class='ocrx_word' id='word_1_391' title='bbox 317 4000 349 4059; x_wconf 94' lang='lat' dir='ltr'>in</span> <span class='ocrx_word' id='word_1_392' title='bbox 372 3999 569 4077; x_wconf 84' lang='lat' dir='ltr'>Rosciliona,</span> <span class='ocrx_word' id='word_1_393' title='bbox 590 4009 740 4082; x_wconf 88' lang='lat' dir='ltr'>quartum</span> <span class='ocrx_word' id='word_1_394' title='bbox 763 4001 796 4059; x_wconf 89' lang='lat' dir='ltr'>in</span> <span class='ocrx_word' id='word_1_395' title='bbox 816 3999 993 4084; x_wconf 81' lang='lat' dir='ltr'>Emporiis,</span> <span class='ocrx_word' id='word_1_396' title='bbox 1013 4000 1165 4084; x_wconf 88' lang='lat' dir='ltr'>quintum</span> <span class='ocrx_word' id='word_1_397' title='bbox 1179 3999 1214 4058; x_wconf 92' lang='lat' dir='ltr'>in</span> <span class='ocrx_word' id='word_1_398' title='bbox 1232 3999 1313 4060; x_wconf 90' lang='lat' dir='ltr'>Bar-</span> 
     </span>
     <span class='ocr_line' id='line_1_46' title="bbox 174 4079 1315 4166; baseline 0.002 -26"><span class='ocrx_word' id='word_1_399' title='bbox 174 4079 327 4160; x_wconf 90' lang='lat' dir='ltr'>cbinona,</span> <span class='ocrx_word' id='word_1_400' title='bbox 340 4091 466 4142; x_wconf 85' lang='lat' dir='ltr'>sextum</span> <span class='ocrx_word' id='word_1_401' title='bbox 487 4083 520 4142; x_wconf 91' lang='lat' dir='ltr'>in</span> <span class='ocrx_word' id='word_1_402' title='bbox 538 4083 703 4161; x_wconf 86' lang='lat' dir='ltr'>Gerunda,</span> <span class='ocrx_word' id='word_1_403' title='bbox 720 4082 892 4166; x_wconf 84' lang='lat' dir='ltr'>septimum</span> <span class='ocrx_word' id='word_1_404' title='bbox 909 4084 941 4142; x_wconf 93' lang='lat' dir='ltr'>in</span> <span class='ocrx_word' id='word_1_405' title='bbox 951 4083 1084 4145; x_wconf 88' lang='lat' dir='ltr'>Biterris</span> <span class='ocrx_word' id='word_1_406' title='bbox 1097 4081 1210 4142; x_wconf 86' lang='lat' dir='ltr'>haberi</span> <span class='ocrx_word' id='word_1_407' title='bbox 1222 4101 1315 4165; x_wconf 86' lang='lat' dir='ltr'>prae·</span> 
     </span>
     <span class='ocr_line' id='line_1_47' title="bbox 171 4164 1312 4248; baseline 0 -24"><span class='ocrx_word' id='word_1_408' title='bbox 171 4164 328 4245; x_wconf 82' lang='lat' dir='ltr'>cepimus,</span> <span class='ocrx_word' id='word_1_409' title='bbox 347 4171 378 4224; x_wconf 88' lang='lat' dir='ltr'>et</span> <span class='ocrx_word' id='word_1_410' title='bbox 395 4165 561 4248; x_wconf 88' lang='lat' dir='ltr'>exemplar</span> <span class='ocrx_word' id='word_1_411' title='bbox 576 4187 685 4226; x_wconf 86' lang='lat' dir='ltr'>eorum</span> <span class='ocrx_word' id='word_1_412' title='bbox 710 4167 742 4224; x_wconf 91' lang='lat' dir='ltr'>in</span> <span class='ocrx_word' id='word_1_413' title='bbox 758 4165 891 4227; x_wconf 86' lang='lat' dir='ltr'>archivo</span> <span class='ocrx_word' id='word_1_414' title='bbox 907 4165 1016 4248; x_wconf 87' lang='lat' dir='ltr'>palatii</span> <span class='ocrx_word' id='word_1_415' title='bbox 1034 4165 1147 4243; x_wconf 88' lang='lat' dir='ltr'>nostri,</span> <span class='ocrx_word' id='word_1_416' title='bbox 1160 4172 1197 4225; x_wconf 87' lang='lat' dir='ltr'>ut</span> <span class='ocrx_word' id='word_1_417' title='bbox 1214 4184 1312 4246; x_wconf 88' lang='lat' dir='ltr'>prae-</span> 
     </span>
     <span class='ocr_line' id='line_1_48' title="bbox 171 4241 1310 4334; baseline 0 -28"><span class='ocrx_word' id='word_1_418' title='bbox 171 4246 249 4306; x_wconf 88' lang='lat' dir='ltr'>dicti</span> <span class='ocrx_word' id='word_1_419' title='bbox 277 4247 409 4332; x_wconf 89' lang='lat' dir='ltr'>Hispani</span> <span class='ocrx_word' id='word_1_420' title='bbox 436 4247 560 4309; x_wconf 91' lang='lat' dir='ltr'>abillis</span> <span class='ocrx_word' id='word_1_421' title='bbox 583 4248 706 4332; x_wconf 85' lang='lat' dir='ltr'>septem</span> <span class='ocrx_word' id='word_1_422' title='bbox 733 4249 928 4334; x_wconf 84' lang='lat' dir='ltr'>exemplaria</span> <span class='ocrx_word' id='word_1_423' title='bbox 952 4248 1098 4334; x_wconf 81' lang='lat' dir='ltr'>accipere</span> <span class='ocrx_word' id='word_1_424' title='bbox 1128 4257 1160 4310; x_wconf 90' lang='lat' dir='ltr'>et</span> <span class='ocrx_word' id='word_1_425' title='bbox 1189 4241 1310 4308; x_wconf 85' lang='lat' dir='ltr'>habere</span> 
     </span>
    </p>
   </div>
   <div class='ocr_carea' id='block_1_3' title="bbox 1420 14 1441 829">
    <p class='ocr_par' dir='ltr' id='par_1_3' title="bbox 1420 14 1447 829">
     <span class='ocr_line' id='line_1_49' title="bbox 1420 14 1429 267; baseline 0 -87"><span class='ocrx_word' id='word_1_426' title='bbox 1420 14 1429 267; x_wconf 73' lang='lat' dir='ltr'>l</span> 
     </span>
     <span class='ocr_line' id='line_1_50' title="bbox 1424 346 1433 557; baseline 0 0"><span class='ocrx_word' id='word_1_427' title='bbox 1424 346 1433 557; x_wconf 67' lang='lat' dir='ltr'>l</span> 
     </span>
     <span class='ocr_line' id='line_1_51' title="bbox 1429 560 1441 829; baseline 0 -173"><span class='ocrx_word' id='word_1_428' title='bbox 1429 560 1441 829; x_wconf 60' lang='lat' dir='ltr'>p</span> 
     </span>
    </p>
   </div>
   <div class='ocr_carea' id='block_1_4' title="bbox 0 0 1468 4986">
    <p class='ocr_par' dir='ltr' id='par_1_4' title="bbox 0 0 1468 4986">
     <span class='ocr_line' id='line_1_52' title="bbox 0 0 1468 4986; baseline 0 1"><span class='ocrx_word' id='word_1_429' title='bbox 0 0 1468 4986; x_wconf 95' lang='lat' dir='ltr'> </span> 
     </span>
    </p>
   </div>
  </div>
 </body>
</html>
