2920 4972
451 357 486 413 Α.
506 350 595 410 CHR.
702 351 957 412 carnulenta
1059 351 1111 412 743

333 565 493 624 lucramur
517 583 691 623 anaanrcra
713 563 873 623 Carrruta
905 583 942 622 rr
964 581 1070 622 annau
1093 579 1219 621 raxrus.

250 704 299 776 De
322 705 443 786 prioris
478 701 604 780 Synoda'
622 702 768 788 capitalis
790 703 945 761 eomnruni
976 721 1128 760 consensu
1152 699 1285 783 receptis
1307 710 1337 758 et

333 787 524 868 approbatis.

249 929 273 986 Ι.
294 925 390 986 Modo
411 934 518 987 autem
538 926 571 985 in
596 925 658 986 hoc
680 925 827 1007 synodali
842 925 1026 1000 Conventa,
1041 922 1097 1006 qui
1122 931 1335 1004 congregatus

206 1019 256 1070 est
275 1009 314 1067 ad
329 1007 491 1070 Kalendas
512 1008 641 1068 Martias
661 1007 694 1068 in
707 1080 708 1084 Ἰ
722 1007 795 1068 loco
814 1007 873 1088 qui
901 1006 1022 1067 dicitur
1048 1007 1202 1090 Liptinas,
1223 1025 1335 1063 omnes

204 1090 408 1154 venerabiles
435 1089 623 1150 Sacerdotes
648 1089 720 1166 Dei,
749 1099 782 1150 et
809 1089 950 1150 Comites
974 1097 1007 1150 et
1029 1087 1191 1148 Praefecti
1217 1085 1333 1170 prioris

165 1169 170 1178 ’
205 1173 339 1255 Synodi,
361 1171 489 1232 decreta
513 1171 754 1233 consentientes
771 1171 991 1247 firmaverunt,
1015 1191 1114 1250 seque
1141 1192 1177 1230 ea
1200 1168 1335 1248 implere

204 1256 292 1317 velle
311 1263 342 1312 ct
363 1253 774 1334 observarepromiserunt.
816 1255 858 1314 Et
879 1253 982 1314 omnis
1009 1251 1216 1314 ecclesiastici
1244 1249 1335 1309 ordi-

204 1338 256 1400 nis
272 1336 399 1411 Clerus,
414 1336 578 1418 Episcopi,
597 1345 629 1397 ct
651 1335 844 1419 Presbyteri,
874 1345 906 1396 et
925 1335 1074 1414 Diaconi,
1099 1357 1173 1396 cum
1196 1331 1332 1411 reliquis

205 1417 351 1495 Clericis,
380 1418 592 1500 suscipientes
617 1418 823 1498 antiquorum
850 1427 978 1499 patrum
1004 1437 1155 1494 canones,
1182 1414 1337 1498 promise·

203 1510 282 1562 runt
302 1522 334 1560 se
356 1499 441 1562 velle
459 1499 675 1581 ecclesiastica
696 1501 767 1560 iura
785 1501 928 1562 moribus
945 1510 976 1559 et
995 1499 1149 1560 doctrinis
1179 1507 1211 1558 et
1234 1495 1331 1554 mini-

204 1578 303 1648 sterio
324 1603 526 1662 recuperare.
566 1581 704 1644 Ahlrates
727 1585 804 1644 verli
831 1593 864 1644 et
893 1579 1043 1642 Monachi
1071 1587 1266 1662 receperunt
1285 1597 1333 1636 re-

205 1665 313 1748 gulam
328 1663 428 1726 sancti
451 1663 547 1746 patris
564 1665 743 1742 Benedicti,
766 1667 805 1728 ad
820 1663 1059 1728 restaurandam
1076 1685 1220 1726 normam
1235 1681 1332 1742 regu-

204 1747 281 1810 laris
302 1747 396 1808 vitae.
437 1747 662 1808 Fornicatores
679 1770 816 1830 namque
838 1757 870 1808 et
893 1745 1057 1807 adulteros
1086 1745 1242 1819 clericos,
1276 1741 1334 1822 qus

204 1839 313 1896 sancta
342 1829 414 1888 loca
437 1831 490 1889 vel
517 1829 707 1890 monasteria
737 1832 810 1890 ante
846 1837 993 1890 tenentes
1027 1826 1332 1908 coinquinaverunt,

203 1911 426 1997 praecepimus
447 1911 523 1972 inde
540 1912 655 1972 tollere
673 1921 705 1972 et
732 1912 772 1972 ad
793 1911 1025 1994 poenitentiam
1046 1910 1202 1991 redigere.
1243 1909 1284 1967 Et
1304 1905 1331 1964 si

184 1997 276 2077 'post
296 1995 380 2053 hanc
402 1994 623 2054 definitionem
647 1994 680 2053 in
711 1995 832 2056 crimen
854 1993 1076 2056 fornicationis
1103 1993 1155 2050 vel
1181 1987 1330 2050 adulterii

205 2077 395 2152 ceciderint,
423 2076 540 2156 prioris
563 2076 683 2159 Synodi
711 2077 869 2140 iudicium
888 2075 1076 2137 sustineant.
1119 2073 1277 2136 Similiter
1299 2078 1331 2129 et

205 2159 356 2221 Monaclii
379 2168 411 2220 et
422 2161 565 2220 Nonnac.

243 2309 292 2369 De
307 2311 440 2391 pecrtnia
457 2310 667 2376 ecclesiastica
679 2311 735 2370 sub
749 2313 895 2392 precario
918 2323 948 2370 et
974 2330 1067 2369 censu
1092 2309 1124 2382 in
1153 2301 1329 2364 sradsidium

329 2391 487 2450 exercitiis
500 2392 702 2472 praestanda.

287 2521 326 2579 Il.
369 2521 544 2582 statuimus
562 2522 692 2602 quoque
708 2521 931 2583 cumconsilio
948 2542 1115 2582 servorum
1129 2521 1197 2580 ¹Dei
1220 2526 1251 2578 et
1275 2539 1330 2598 po-

202 2602 274 2685 puli
287 2602 472 2678 Christiani,
486 2614 619 2685 propter
635 2605 835 2664 imminentia
853 2605 939 2664 bella
958 2613 990 2663 et
1006 2602 1245 2685 persecutiones
1260 2620 1331 2660 cae-

202 2696 344 2745 terarum
358 2686 501 2766 gentium
518 2708 600 2766 quae
620 2687 804 2746 incircuitu
820 2697 927 2747 nostro
941 2696 1026 2763 sunt,
1046 2695 1081 2744 ut
1106 2685 1164 2745 sub
1183 2681 1333 2765 precario

203 2777 236 2828 et
261 2789 359 2828 ceusu
385 2767 525 2848 aliquam
546 2778 665 2852 partem
689 2770 866 2832 ecclesialis
886 2769 1042 2849 pecuniae
1069 2767 1102 2826 in
1133 2767 1331 2828 adiutorium

203 2851 368 2910 exercitiis.
386 2851 486 2912 nostri
508 2873 580 2916 cum
601 2851 804 2934 indulgentia
822 2851 884 2914 Dei
899 2851 1066 2932 aliquanto
1087 2858 1231 2930 tempore
1254 2847 1332 2907 reti·

204 2955 347 3010 neamus,
369 2933 404 2993 ed
427 2933 612 2994 conditione
633 2944 668 2994 ut
688 2934 780 2994 annis
800 2934 935 3011 singulis
950 2933 989 2994 de
1008 2929 1201 3013 unaquaque
1226 2939 1332 2990 casata

203 3015 336 3091 solidus,
360 3015 392 3074 id
410 3025 467 3092 est,
484 3015 655 3080 duodecim
671 3017 806 3092 denarii,
829 3017 869 3078 ad
882 3013 1061 3078 Ecclesiam
1085 3014 1138 3074 vel
1165 3021 1331 3072 monaste-

201 3097 287 3158 rium
300 3099 492 3168 re‹ldantu1·;
516 3119 553 3158 eo
572 3099 668 3158 modo
683 3109 717 3160 ut
734 3099 761 3172 si
776 3099 932 3160 moriatur
947 3097 1002 3158 ille
1017 3097 1071 3157 cui
1088 3094 1227 3178 pecunia
1245 3116 1331 3172 eom-

201 3179 328 3238 modata
349 3181 422 3256 fuit,
441 3180 587 3240 Ecclesia
606 3202 680 3240 cum
700 3182 828 3264 propria
856 3179 994 3262 pecunia
1016 3179 1168 3238 revestita
1196 3177 1246 3236 sit.
1287 3177 1331 3236 Et

202 3261 330 3336 iterum,
358 3262 384 3321 si
412 3262 582 3323 necessitas
611 3273 713 3346 cogat,
743 3273 796 3322 aut
820 3263 976 3343 Princeps
1004 3261 1125 3336 iubeat,
1145 3259 1331 3342 precarium

201 3351 389 3420 renovetur,
410 3353 442 3404 et
462 3343 657 3405 rescribatur
676 3367 807 3407 novum.
849 3345 891 3404 Et
916 3339 1048 3404 om'ninl'r
1069 3342 1259 3404 observetur
1292 3351 1331 3401 ut

200 3423 366 3484 Ecclesiae
395 3426 448 3487 vel
473 3427 665 3490 monasteria
689 3427 857 3510 penuriam
885 3434 917 3484 et
939 3433 1161 3508 paupertatem
1182 3445 1248 3484 non
1274 3445 1331 3506 pa·

200 3506 333 3582 tiantur,
355 3529 493 3588 quornm
510 3509 648 3590 pecunia
663 3509 697 3572 in
715 3509 862 3591 precario
880 3507 1029 3588 praestita
1046 3505 1107 3568 sit..
1126 3505 1191 3566 Sed
1208 3505 1234 3566 si
1250 3522 1331 3588 pent

199 3597 305 3682 pertas
327 3599 429 3671 cogat,
451 3592 615 3655 Ecclesiae
633 3591 686 3653 vel
706 3591 817 3654 domui
838 3589 899 3655 nei
919 3588 1073 3654 reddatur
1097 3589 1221 3670 integra
1250 3609 1328 3672 pos-

200 3691 308 3731 sessro.

240 3819 289 3880 De
304 3821 430 3878 incestis
452 3823 679 3961 patrimoniis,¹
713 3835 743 3881 et
769 3836 803 3882 ut
825 3821 980 3902 mancipia
1001 3818 1182 3879 Christiana
1194 3819 1330 3900 paganis

321 3923 386 3962 uon
402 3915 451 3961 tra
476 3916 579 3962 antur.

279 4031 335 4090 lll.
378 4029 533 4090 Similiter
562 4031 776 4112 praecipimus
806 4041 842 4092 ut
869 4033 959 4093 iuxta
990 4031 1119 4093 decreta
1154 4049 1328 4104 canonum,

197 4112 358 4174 adulteria
378 4121 411 4171 et
435 4113 556 4173 incesta
577 4109 787 4192 matrimonia,
806 4137 888 4195 quae
910 4138 975 4176 non
992 4124 1067 4178 sunt
1080 4112 1235 4195 legitima,
1252 4133 1329 4192 pro-

195 4195 369 4258 hibeantur
381 4203 412 4253 et
431 4195 645 4255 emendentur
663 4196 896 4278 Episcoporum
917 4197 1057 4268 iudicio;
1073 4217 1075 4220 ·
1090 4205 1121 4258 et
1143 4204 1180 4259 'ut
1200 4193 1328 4257 manci·

195 4277 248 4359 pia
267 4275 447 4338 Christiana
461 4277 593 4362 paganis
616 4299 681 4340 non
697 4275 874 4341 tradantur.
