2952 4988
212 261 288 338 248
466 279 613 340 nour.
721 281 991 340 cernentum.
1097 287 1164 343 ssu

212 421 1356 590 ttt‘t'tt'{tttltttttltttttttttttttltttttnhtt

210 591 310 674 partis
321 597 530 672 augmentum
545 607 613 648 esse
627 587 807 648 constituit.
818 591 908 650 Hanc
921 589 1187 652 constitutionem
1196 601 1297 674 atque
1309 613 1354 651 or-

212 673 413 736 dinationem
422 691 531 734 eoram
543 668 724 754 Episcopis‚
736 670 923 748 Abbatibns‚
936 673 1193 755 comitibusque,
1208 674 1269 756 qui
1280 685 1355 734 tunc

212 765 398 840 praesentes
422 775 491 818 esse
513 761 711 837 potuerunt,
742 775 947 838 quorumque
971 755 1027 818 hio
1046 755 1178 818 nomina
1197 757 1355 839 descripta

212 849 308 912 sunt,
333 839 412 900 lecit
429 845 526 979 atqlpe
545 835 722 898 constituit.

294 923 462 996 Eerscorr,
506 917 706 996 ildebaldus,
728 918 917 998 Richolfus‚
935 921 1044 1000 Arno,
1062 921 1265 996 Wolfurius,
1285 923 1356 983 Ber·

215 1005 355 1082 noinus,
386 1001 585 1081 Loidredus,
621 1000 807 1082 Iohannes,
844 1003 1069 1084 Theodotus,
1101 1005 1205 1082 lesse,
1240 1007 1355 1081 Hetto,

213 1087 455 1150 llurolcondns.

296 1169 466 1246 Arnim,
499 1167 721 1246 Benedictus,
749 1169 960 1252 Fridegisus,
991 1169 1203 1252 Adolnngus,
1240 1169 1357 1251 Engil-

212 1256 344 1330 hortus,
371 1251 514 1329 lrmino,
542 1253 724 1334 Georgius,
756 1251 984 1331 Theohaldus,
1009 1252 1219 1331 Adalelmus‚
1253 1254 1351 1313 Laut·

217 1337 341 1399 l'redns.

295 1419 459 1494 Courrss,
476 1417 631 1492 Walach,
652 1417 845 1500 Meginher,
861 1416 1037 1494 Othulius,
1059 1417 1357 1501 Stephanus‚Hnn-

214 1522 351 1576 rnocns,
374 1497 599 1578 Burchnrdns,
620 1500 868 1583 Moginhordus‚
888 1503 1000 1579 Hatto,
1023 1500 1224 1577 Riehuinus,
1247 1498 1356 1575 Eddo,

214 1581 469 1664 Erohsngerins,
492 1582 671 1660 Geroldns,
693 1584 795 1662 Bero,
816 1583 1053 1668 Hildegernns,
1070 1582 1281 1646 llrocholius.

296 1667 383 1726 Haeo
402 1665 507 1726 omnia
524 1665 693 1728 filiuseius
707 1666 951 1745 Hludouvicns,
967 1668 1024 1751 qui
1040 1667 1150 1729 divinat
1168 1665 1198 1726 ei
1216 1665 1357 1725 iussione
1446 1723 1447 1734 ,

218 1747 394 1824 successit,
421 1747 566 1829 inspecto
587 1748 702 1810 eodem
715 1749 897 1828 breviario,
918 1753 1016 1832 qudm
1030 1748 1201 1812 celerrime
1218 1757 1358 1831 poterut,

218 1841 290 1916 post
310 1831 380 1893 eins
398 1829 522 1892 obitum
544 1832 666 1894 snmmh
682 1832 854 1894 devotione
870 1833 1048 1918 adimplere
1067 1832 1201 1896 curarit.

396 1995 662 2058 CAPITULARE
683 1997 852 2060 PRIMUM
873 1999 974 2060 ANNI
995 1998 1182 2060 DCCCXII.

215 2105 351 2178 Brevis
371 2104 629 2198 Capitnlorum
655 2127 761 2197 quem
785 2107 899 2178 Missi
922 2108 1103 2177 dominici
1127 2106 1268 2178 habere
1294 2109 1350 2176 de-

427 2204 512 2274 bent
536 2205 590 2274 ad
613 2206 814 2276 exereitum
835 2209 1143 2302 promovendum.

215 2359 324 2444 caP·1·
367 2323 432 2442 Ut
447 2383 558 2444 'omnis
579 2381 664 2442 liber
679 2383 777 2445 homo
796 2385 851 2466 qui
869 2395 1009 2468 quotuor
1024 2406 1151 2446 mansos
1164 2383 1299 2445 vestitos
1314 2383 1350 2442 de

213 2465 345 2554 proprio
359 2489 418 2528 suo
437 2467 503 2527 sive
522 2465 562 2526 de
577 2466 714 2528 alicuius
727 2467 887 2529 beneficio
902 2468 1015 2547 hahet,
1034 2470 1102 2551 ipse
1120 2489 1152 2530 se
1169 2475 1350 2562 praeparet,

215 2551 328 2632 etipse
343 2549 377 2609 in
396 2549 520 2612 hostem
534 2559 665 2631 pergat,
685 2551 753 2612 sive
770 2573 844 2611 cum
862 2551 997 2613 Seniore
1014 2572 1081 2613 sno.
1112 2553 1178 2628 Qus
1192 2549 1270 2610 veri»
1288 2557 1351 2608 tres

214 2653 340 2696 mensos
361 2632 400 2693 de
419 2631 551 2714 proprio
571 2631 740 2704 hahuerit,
758 2631 837 2695 huic
855 2634 1052 2718 adiungatur
1072 2655 1156 2694 unus
1173 2632 1230 2714 qni
1250 2653 1351 2714 unum
1440 2692 1443 2700 ‚

215 2738 360 2778 mansum
376 2714 493 2776 haheat
503 2761 512 2792 ,
531 2724 563 2776 et
577 2715 632 2776 det
652 2717 700 2776 illi
715 2715 911 2778 adiutorium
930 2727 967 2778 ut
984 2717 1040 2778 ille
1055 2739 1114 2798 pro
1128 2715 1282 2775 ambobus
1305 2715 1349 2772 ire

214 2799 322 2884 possit.
352 2799 430 2874 'Qui
453 2808 561 2860 eutem
592 2799 673 2862 duos
707 2821 832 2860 mansos
859 2801 983 2860 tnnthm
1008 2801 1047 2861 de
1077 2800 1207 2880 proprio
1235 2797 1349 2873 hahet,

215 2885 368 2964 iungatur
383 2882 432 2942 illi
455 2883 537 2941 ulter
556 2881 613 2962 qui
639 2881 790 2943 similiter
808 2883 888 2944 duos
910 2905 1036 2944 mansos
1056 2882 1188 2951 hahent;
1210 2891 1243 2940 et
1266 2901 1349 2940 unus

216 2989 255 3026 ex
279 2965 347 3041 eis,
373 2964 476 3026 altero
497 2964 547 3024 illi
573 2963 767 3042 adiuvante,
790 2975 902 3048 pergat
926 2967 959 3025 in
982 2965 1115 3026 hostem.
1159 2963 1225 3042 Qui
1241 2964 1351 3024 etiam

216 3071 316 3109 unum
341 3049 465 3108 tanthm
491 3069 635 3108 mansum
658 3048 697 3108 de
717 3048 848 3130 proprio
863 3049 977 3125 hehet,
998 3049 1216 3129 adiunguntur
1235 3047 1266 3107 ei
1285 3056 1350 3106 tres

216 3132 272 3214 qni
293 3131 444 3192 similiter
461 3130 616 3205 habeant,
642 3139 674 3190 et
693 3131 770 3191 dent
786 3131 816 3190 ei
839 3131 1058 3208 adiutorium,
1086 3140 1121 3191 et
1141 3130 1198 3190 ille
1226 3129 1351 3190 tanthm

215 3225 337 3296 perget.
379 3215 459 3276 Tres
477 3214 554 3274 veris
577 3212 632 3294 qni
651 3213 701 3273 illi
720 3215 916 3275 adiutorium
933 3215 1113 3292 dederunt,
1136 3213 1223 3274 domi
1245 3235 1350 3273 rema·

216 3307 325 3360 neunt.
1263 3323 1264 3326 ¹

301 3403 341 3465 ll.
385 3403 545 3465 Volumus
566 3413 661 3486 atque
683 3402 830 3464 iubemus
852 3413 887 3463 ut
907 3403 1006 3464 iidem
1026 3402 1115 3464 Missi
1141 3400 1242 3462 nostri
1274 3399 1349 3460 dili·

216 3498 330 3570 genter
348 3487 515 3568 inquiront
539 3487 596 3568 qui
622 3509 709 3548 anno
732 3488 905 3570 praeterito
930 3487 969 3547 de
994 3486 1084 3548 hoste
1107 3483 1242 3545 bannito
1262 3493 1349 3543 tran-

216 3573 331 3634 sissent
348 3591 445 3652 super
465 3569 554 3630 illurn
569 3567 806 3631 ordinationem
819 3591 914 3650 quam
930 3571 1025 3630 modo
1040 3567 1189 3650 superins
1204 3587 1349 3649 compre·

216 3656 318 3716 henso
340 3655 379 3715 de
402 3653 514 3715 liboris
542 3663 574 3714 et
596 3654 791 3734 pauperihus
815 3652 999 3714 hominibus
1020 3653 1090 3712 fieri
1109 3651 1269 3711 iussimus.
1311 3649 1351 3708 Et

217 3737 407 3820 quicunque
433 3737 534 3797 fuerit
559 3736 714 3799 inventus
739 3737 796 3820 qui
824 3757 883 3797 neo
912 3758 1021 3817 parem
1041 3757 1135 3796 suum
1160 3733 1201 3794 ad
1226 3733 1350 3793 hostem

124 3878 127 3886 ,
215 3820 403 3882 faciendum
419 3820 598 3881 secundum
621 3829 762 3880 nostram
783 3820 957 3880 iussionem
981 3819 1123 3894 adiurit,
1147 3837 1255 3898 neque
1276 3835 1350 3896 per-

216 3904 318 3981 rexit,
334 3903 551 3964 heribannum
568 3912 713 3964 nostrum
727 3903 871 3985 'pleniter
888 3903 1073 3980 reuvndiet,
1090 3909 1121 3964 et
1138 3899 1177 3960 de
1195 3896 1351 3961 solvendo

217 3988 277 4048 illo
298 3987 476 4048 secundum
495 3988 602 4068 legem
621 3985 717 4047 fidem
733 3984 838 4046 faciat.

304 4093 360 4152 111.
403 4092 501 4170 Quod
527 4092 553 4153 si
576 4093 658 4153 forte
679 4091 752 4154 talis
777 4089 874 4152 homo
896 4091 1045 4153 inventus
1063 4089 1161 4151 fuerit
1179 4087 1237 4172 qui
1268 4087 1353 4148 dicat

218 4176 307 4257 qnod
329 4175 470 4236 iussione
496 4175 631 4236 Comitis
650 4176 701 4236 vel
720 4173 863 4255 Vinarii,
887 4187 942 4236 ant
967 4173 1154 4237 Centenarii
1182 4172 1255 4249 sui,
1290 4172 1352 4231 hoo

217 4278 348 4339 quoqne
371 4256 438 4339 ipse
458 4258 666 4340 semetipsum
687 4277 877 4342 praeparere
902 4259 1018 4320 dehent
1035 4257 1141 4318 eidem
1160 4254 1279 4316 Comiti
1299 4255 1351 4316 vel
