2958 4986
293 319 426 376 acan.
530 319 667 382 annun
691 320 929 382 rnanconun
1034 324 1096 386 aaa.
1206 305 1253 380 97

303 461 353 520 De
379 473 473 522 cantu
489 461 630 528 Romano
649 464 669 522 ὰ
689 463 856 525 Monactis
873 462 1067 550 peragendo.

332 633 335 642 ,
432 567 661 632 Ouranus
703 568 947 637 ersmers.

199 675 378 742 LXXVIII.
420 676 571 738 Monacbi
587 687 623 738 ut
641 688 771 740 cantum
788 679 969 750 Romanum
986 677 1131 762 pleniter
1151 688 1185 741 et
1198 701 1254 742 or·
1340 673 1348 688 ”

115 759 307 824 dinabili'ter
319 781 379 840 per
394 761 586 824 nocturnale
600 762 653 822 vel
670 762 798 844 gradale
811 763 952 825 officium
963 772 1130 845 peragant,
1141 786 1256 826 secun·

116 847 196 907 dum
219 844 308 926 quod
329 843 440 907 beatae
454 844 626 906 memoriae
647 844 775 926 genitor
797 856 905 908 noster
928 844 1087 928 Pippinus
1101 847 1171 914 Rex
1195 849 1255 910 de-

116 929 254 993 certavit
271 936 307 988 ut
327 927 430 1006 fieret,
452 929 583 1010 quando
603 929 809 990 Gallicanum
827 939 958 990 cantum
977 928 1054 989 tulit
1072 928 1113 988 ob
1136 929 1256 990 unani·-

116 1012 261 1071 mitatem
276 1007 470 1092 apostolicae
489 1011 585 1090 sedis,
605 1020 636 1072 et
653 1020 784 1074 sanctae
809 1012 871 1072 Dei
894 1011 1061 1074 Ecclesiae
1088 1013 1256 1095 pacificam

115 1094 334 1156 concordiam.
568 1091 571 1100 ’

115 1179 165 1238 De
181 1177 328 1263 operibus
349 1175 518 1237 servilibus
536 1195 615 1259 quae
636 1173 747 1237 diebus
763 1175 932 1237 dominicis
950 1197 1014 1238 raon
1029 1185 1102 1238 sunt
1115 1175 1255 1260 'agenda-

567 1281 810 1346 Omn1nus.

156 1389 300 1450 LXXIX.
342 1389 517 1452 statuimus
536 1391 678 1474 quoqne,
700 1387 878 1452 secundnm
894 1389 984 1472 qnod
1002 1399 1034 1452 et
1051 1391 1085 1452 in
1105 1391 1177 1476 Iege
1190 1391 1256 1454 Do-

114 1475 224 1535 minus
240 1473 416 1557 praecepit,
438 1485 473 1535 ut
493 1496 589 1556 opera
609 1474 738 1536 servilia
753 1472 866 1534 diebus
882 1473 1053 1536 dominicis
1072 1496 1138 1536 non
1161 1497 1257 1558 agan·

114 1556 281 1634 transient
300 1567 332 1618 et
345 1557 449 1618 bonae
466 1557 638 1619 memoriae
659 1557 787 1640 genitor
801 1577 890 1616 meus
910 1555 943 1616 in
964 1557 1029 1618 suis
1047 1559 1257 1643 synodalibus

115 1640 230 1703 edictis
250 1640 426 1718 mandavit,
447 1641 536 1722 qubd
563 1661 622 1700 nee
648 1639 709 1702 viri
743 1639 865 1700 ruralia
887 1661 984 1722 opera
1012 1653 1197 1719 exerceant,
1221 1641 1256 1702 id

115 1732 176 1801 est,
200 1723 310 1783 necin
334 1725 430 1784 vinea
447 1723 594 1800 colenda,
617 1744 678 1784 nec
698 1723 731 1782 in
754 1721 873 1804 campis
894 1723 1025 1802 arando,
1052 1746 1113 1785 nee
1136 1725 1170 1784 in
1191 1745 1257 1786 me·

116 1806 229 1882 tendo,
253 1805 304 1870 rel
333 1808 468 1867 foenum
491 1806 642 1884 secando,
656 1807 717 1870 'rel
736 1827 845 1888 sepem
865 1807 1029 1887 ponendo,
1051 1829 1112 1868 nec
1137 1808 1170 1868 in
1194 1807 1258 1890 syl-

118 1889 169 1949 vis
185 1888 332 1970 stirpare,
351 1890 405 1951 vel
425 1887 553 1952 arbores
577 1889 724 1966 caedere,
751 1890 805 1952 vel
832 1887 866 1947 in
886 1887 986 1970 petris
1009 1889 1167 1968 laborare,
1193 1909 1255 1950 nee

118 1973 230 2033 domos
246 1981 450 2043 construere;
474 1971 585 2032 necin
606 1971 702 2032 horto
720 1972 879 2047 laborent,
895 1992 956 2031 nec
980 1971 1020 2032 ad
1038 1973 1156 2056 placita
1173 1995 1255 2034 eon·

118 2053 265 2130 veniant,
280 2077 341 2116 nee
358 2054 550 2116 venationes
564 2065 747 2116 exerceant.
789 2053 831 2113 Et
846 2053 907 2112 tria
926 2055 1063 2116 carraria
1091 2077 1188 2151 opera
1211 2055 1257 2114 Ii·

119 2147 173 2201 eet
187 2136 258 2198 fleri
277 2137 309 2196 in
330 2138 382 2199 die
403 2137 583 2208 dominico;
608 2136 641 2196 id
656 2146 714 2213 est,
730 2135 860 2198 hostilia
888 2157 988 2214 carra,
1011 2139 1063 2198 vel
1090 2135 1256 2213 victualia,

118 2221 174 2283 vel
190 2221 216 2280 si
237 2221 321 2280 forte
336 2241 467 2281 necesse
482 2219 544 2280 erit
559 2241 675 2302 corpus
696 2218 870 2280 cuiuslibet
883 2219 959 2278 duci
979 2219 1019 2278 ad
1034 2220 1256 2302 sepulchrum.

84 2349 87 2362 ‚
117 2306 202 2365 Item
216 2303 354 2364 feminae
372 2324 469 2384 opera
493 2301 621 2363 textilia
644 2323 709 2363 non
727 2302 928 2378 faciant,nec
943 2302 1097 2384 capulent
1110 2304 1255 2380 vestitus,

78 2434 90 2446 ,
116 2408 180 2447 nee
191 2396 359 2464 consuant,
378 2386 432 2448 vel
451 2385 624 2468 acupictile
647 2385 781 2448 faciant:
805 2406 866 2444 nec
890 2384 997 2464 lanam
1024 2407 1168 2468 carpere,
1194 2405 1256 2448 nec

66 2527 69 2534 .
115 2469 224 2529 linum
241 2469 375 2545 battere,
402 2469 512 2530 necin
530 2467 663 2551 publico
681 2469 871 2530 vestimenta
891 2467 1011 2546 lavare,
1029 2489 1090 2529 nee
1108 2469 1256 2531 berbices

114 2551 252 2613 tondere
274 2551 415 2612 babeant
429 2551 571 2622 licitum
594 2560 631 2612 ut
650 2551 842 2611 omnimodis
856 2549 962 2611 honor
983 2559 1015 2612 et
1038 2551 1170 2632 requies
1190 2548 1257 2613 diei

115 2635 448 2696 dominiciservetur.
491 2635 557 2696 Sed
581 2643 614 2694 et
642 2635 682 2694 ad
701 2636 869 2696 MIssarum
886 2632 1042 2694 solemnia
1065 2635 1104 2695 ad
1138 2635 1257 2696 Eccle-

112 2719 195 2779 siam
213 2717 359 2798 undiqne
381 2717 590 2794 conveniant,
614 2725 646 2778 et
664 2717 800 2778 laudent
815 2719 922 2778 Deum
941 2716 974 2776 in
992 2717 1140 2779 omnibns
1163 2717 1257 2779 bonis
1353 2749 1356 2758 ·

113 2823 199 2884 quae
222 2800 314 2862 nobis
333 2801 367 2860 in
392 2801 451 2860 illo
478 2800 530 2862 die
554 2799 643 2861 fecit.

235 2883 284 2943 De
295 2881 536 2966 praedicatione
554 2881 786 2970 Episcoporum
813 2893 845 2942 et
863 2881 1136 2960 Presbyter-orum.

562 2988 831 3052 Omnrnum

201 3095 329 3156 LXXX.
373 3095 438 3156 Sed
472 3103 504 3158 et
529 3105 672 3162 restrum
696 3095 875 3156 videndum
905 3104 961 3166 est,
993 3094 1192 3158 dilectissimi
1226 3103 1258 3160 et

117 3177 324 3244 venerabiles
338 3187 481 3262 pastores
502 3189 534 3240 et
547 3189 689 3240 rectores
703 3175 923 3238 Ecclesiarum
938 3179 1011 3256 Dei,
1024 3189 1060 3240 ut
1071 3179 1258 3264 Presbyteri

116 3283 202 3348 qnos
217 3261 343 3322 mittitis
363 3281 422 3344 per
438 3261 605 3348 parochias
623 3271 743 3324 vestras
761 3261 800 3320 ad
815 3262 1006 3343 regendum,
1027 3263 1116 3324 etad
1134 3265 1259 3345 praedI·

116 3345 260 3408 candum
274 3366 333 3426 per
348 3344 508 3412 Ecclesias
529 3345 688 3428 populum
714 3347 783 3404 Deo
809 3344 1015 3422 servientem,
1046 3355 1083 3406 ut
1105 3359 1193 3408 recte
1226 3354 1259 3406 et

115 3427 256 3490 honeste
277 3427 481 3510 praedicent;
506 3437 538 3488 et
557 3426 747 3490 nonsinatis
770 3447 854 3488 nova
878 3425 910 3486 e't
929 3447 994 3486 non
1021 3429 1178 3490 canonica
1203 3426 1260 3488 ali·

116 3533 201 3593 quos
219 3531 259 3570 ex
276 3533 333 3571 suo
350 3531 458 3586 sensu,
474 3520 506 3578 et
521 3533 587 3572 non
612 3510 792 3571 secundum
809 3509 982 3590 scripturas
1006 3532 1119 3587 sacras,
1135 3512 1258 3593 fingere

118 3604 154 3654 et
170 3592 357 3675 praedicare
372 3594 504 3676 populo.
547 3593 613 3654 Sed
632 3603 665 3654 et
686 3591 871 3674 ‘vosmetipsi
884 3590 975 3650 utilia
991 3590 1126 3654 honeste
1142 3603 1174 3655 et
1190 3614 1260 3654 rec-

117 3677 164 3744 te,
181 3684 212 3735 et
228 3697 311 3758 qnae
328 3675 482 3737 advitam
498 3677 624 3738 ducunt
643 3685 817 3751 aeternam,
831 3673 1027 3757 praedicate,
1043 3676 1188 3758 aliosque
1204 3677 1259 3736 in-

118 3757 235 3822 struite
257 3767 293 3818 ut
310 3758 391 3821 baec
410 3759 522 3819 eadem
539 3759 737 3841 praedicent.

203 3841 314 3901 Primb
337 3841 483 3905 omnium
504 3841 758 3922 praedicandum
771 3848 819 3901 est
841 3838 991 3901 omnibus
1013 3841 1209 3922 generaliter
1222 3848 1260 3903 ut

117 3923 256 3986 credant
277 3925 406 4000 Patrem
433 3933 465 3984 et
483 3923 607 3984 Filium
630 3933 662 3983 et
688 3922 846 4004 Spiritum
877 3932 1024 3984 sanctum
1036 3931 1048 3970 Γ
1059 3946 1162 3984 unum
1191 3945 1261 3986 esse

117 4009 227 4068 Deum
243 4006 696 4088 omnipotentemmeternum,
710 4006 920 4082 invisibilem,
934 4006 991 4087 qui
1003 4007 1261 4068 creavitcoelnm

119 4100 154 4150 et
174 4099 305 4165 terram,
321 4111 406 4150 mare
421 4099 453 4151 et
471 4089 579 4148 omnia
597 4109 680 4170 qnae
700 4087 733 4146 in
752 4089 798 4149 eis
817 4097 903 4162 sunt,
929 4099 962 4150 et
979 4108 1077 4149 unam
1107 4111 1174 4150 esse
1195 4089 1262 4150 dei·

118 4183 231 4254 tatem,
248 4172 469 4250 substantiam,
491 4181 524 4234 et
541 4172 737 4234 maiestatem
755 4172 788 4232 in
804 4171 905 4233 tribus
929 4172 1076 4255 personis
1099 4172 1204 4236 Patris
1228 4181 1262 4234 et

120 4255 200 4316 Filii
226 4264 259 4316 et
274 4255 413 4338 Spiritirs
428 4254 542 4318 sancti.
1202 4277 1205 4282 ’

987 4411 997 4440 Ι
