2920 4972
123 279 126 286 ’
176 296 228 378 ot
401 311 438 372 s.
461 310 549 378 cur.
597 398 605 437 Ι
654 313 910 376 carnuntum
1012 319 1075 380 sse

175 453 356 518 Monachus
377 453 457 518 foris
471 455 666 518 monasterio
680 456 848 519 iudiciaria
881 465 1004 538 teneat,
1033 478 1094 523 nec
1118 479 1179 546 per
1197 460 1311 524 mallos

175 547 209 602 et
226 538 491 642 publicaplacita
509 549 631 626 pergat.
670 541 795 624 Legens
816 541 932 604 valeat.

508 768 966 838 CONSTITUTIO

332 915 378 986 de
400 913 658 986 emendatione
673 911 853 988 librorum
878 931 913 988 et
933 917 1148 1015 officiorum

167 1113 178 1145 ρ
564 1039 911 1112 ecclesiasticorum.

171 1161 357 1294 Karesos,
376 1213 439 1277 Dei
459 1215 562 1278 fretus
577 1215 701 1278 auxilio
724 1214 793 1279 Rex
817 1219 1016 1282 Francorum
1029 1222 1303 1306 etLongohardo·

168 1324 253 1379 rum,
282 1321 318 1362 ac
340 1298 501 1362 Patricius
527 1300 764 1377 Romanorum,
790 1302 951 1384 religiosis
976 1304 1151 1368 lectoribus
1175 1317 1304 1370 nostrae

169 1384 288 1448 ditioni
306 1379 469 1444 subiectis.
512 1383 595 1443 Ciam
613 1402 672 1443 nos
689 1383 799 1446 divina
817 1405 944 1469 semper
958 1387 1044 1448 domi
1070 1387 1212 1472 forisque
1231 1391 1303 1452 cle·

167 1466 299 1545 mentia,
319 1464 388 1536 sive
412 1465 447 1526 in
464 1464 627 1526 bellorum
646 1466 829 1544 eventibus,
848 1467 918 1530 sive
950 1469 983 1550 in
1025 1469 1089 1532 acis
1110 1472 1300 1555 tranquilli-

167 1559 231 1612 tate
252 1547 422 1627 custodiat,
444 1546 503 1610 etsi
520 1547 702 1630 rependere
721 1549 895 1631 quicquam
913 1551 984 1614 eius
1002 1491 1169 1616 Beneficiis
1189 1551 1300 1618 tenui-

165 1639 213 1700 tas
227 1632 370 1694 hnmana
394 1651 461 1692 non
477 1631 652 1715 praevalet,
677 1631 754 1713 quia
776 1642 824 1694 est
849 1632 1091 1708 inaestimabilis
1115 1637 1300 1700 misericora-

166 1716 239 1779 diae
253 1719 343 1778 Deus
361 1723 481 1792 noster,
498 1714 629 1776 devotas
641 1735 716 1775 suae
730 1715 878 1777 servituti
894 1717 1036 1802 benigne
1058 1721 1212 1802 approbat
1238 1739 1300 1783 vo·

164 1799 316 1862 luntates.
357 1797 553 1896 igiturquia
575 1817 673 1858 curae
692 1795 785 1859 nobis
804 1803 853 1859 est
874 1809 909 1862 ut
930 1812 1112 1864 nostrarum
1140 1801 1300 1866 Ecclesia·

164 1903 239 1946 rum
254 1881 295 1943 ad
311 1881 445 1942 meliora
460 1901 586 1964 semper
598 1879 745 1962 proficiat
760 1889 870 1958 status,
892 1883 1093 1947 obliteratam
1141 1887 1202 1948 ene
1228 1905 1297 1950 ma·

164 1967 272 2029 iorum
292 1974 477 2025 nostrorum
493 1961 616 2024 desidit
632 1984 782 2046 reparare
801 1965 957 2048 vigilante
985 1967 1092 2029 studio
1116 1907 1298 2030 litterarum

90 2091 92 2098 ,
163 2048 335 2132 satagimus
352 2045 522 2124 officinam,
533 2054 565 2106 et
579 2043 620 2105 ad
631 2049 854 2128 pernoscenda
863 2050 967 2110 studia
984 2050 1169 2123 liberalium
1178 2052 1298 2112 artium

164 2141 276 2194 nostro
293 2129 389 2192 etiam
409 2151 490 2226 quos
506 2149 672 2212 possumus
692 2129 865 2192 invitamus
890 2134 1049 2215 exemplo.
1100 2133 1189 2193 Inter
1211 2155 1296 2214 quae
1318 2148 1322 2153 ”

164 2213 356 2298 iampridem
375 2233 545 2274 universos
561 2211 680 2273 veteris
697 2233 733 2273 ac
750 2213 827 2275 novi
848 2213 1056 2276 instrumenti
1070 2213 1181 2292 libros,
1199 2215 1296 2278 libra-

164 2298 290 2360 riorum
311 2295 471 2380 imperitis
486 2295 687 2378 deprauntos,
703 2297 773 2356 Deo
797 2316 854 2356 nos
872 2297 906 2355 in
932 2297 1080 2358 omnihus
1109 2296 1293 2376 adiuvante,
1345 2365 1351 2370 ,

165 2380 360 2443 examussim
388 2377 596 2440 correximus.
637 2377 775 2438 Accensi
807 2381 972 2460 praetered
997 2379 1170 2442 memoriae
1198 2403 1294 2442 vene·

164 2463 284 2526 rendae
298 2461 430 2545 Pippini
448 2460 602 2543 genitoris
619 2459 719 2521 nostri
736 2459 901 2542 exemplis,
926 2465 983 2545 qui
1004 2471 1085 2524 totas
1115 2463 1295 2525 Galliarum

164 2544 326 2610 Ecclesiae
346 2547 507 2606 Romanae
528 2541 711 2604 traditioriis
735 2565 793 2603 suo
816 2543 923 2606 studio
941 2546 1089 2606 cantibus
1114 2545 1292 2626 decoravit,

166 2651 225 2692 nos
244 2625 457 2690 nihilominus
470 2625 582 2686 solerti
601 2625 728 2687 easdem
745 2647 894 2708 curamus
913 2627 1033 2690 intuitu
1048 2627 1294 2712 praecipuarum

166 2710 323 2794 insignire
340 2709 422 2772 serie
438 2708 625 2769 lectionum.
667 2707 818 2792 Denique
844 2711 922 2792 quia
943 2712 984 2772 ad
1010 2713 1201 2773 nocturnale
1228 2708 1294 2774 offi-

166 2795 254 2858 cium
272 2793 457 2876 compilatas
469 2791 673 2873 quorundam
689 2812 775 2852 casso
791 2790 912 2872 labore,
940 2793 1018 2855 licet
1043 2803 1133 2856 recto
1160 2795 1293 2874 intuitu,

166 2877 273 2940 minius
287 2875 401 2938 tamen
411 2873 542 2951 idoneo,
556 2871 734 2955 reperimus
749 2875 922 2956 lectiones,
937 2877 1058 2960 quippe
1078 2898 1159 2958 quae
1174 2887 1206 2938 et
1224 2879 1294 2938 sine

165 2970 335 3022 auctorum
357 2979 490 3020 suorum
505 2956 672 3032 vocabulis
687 2966 794 3018 essent
818 2959 950 3041 positae,
982 2969 1014 3020 et
1041 2960 1176 3022 infinitis
1204 2960 1296 3044 ritio-

165 3065 240 3105 rum
256 3041 453 3104 anfractibus
468 3047 638 3116 scaterent,
659 3058 725 3100 non
742 3061 850 3101 sumus
871 3043 955 3124 passi
983 3042 1100 3104 nostris
1123 3043 1158 3102 in
1180 3042 1294 3106 diebus

166 3127 202 3188 in
220 3125 341 3187 divinis
367 3122 561 3188 lectionibus
579 3121 666 3184 iuter
682 3143 783 3182 sacra
815 3123 919 3185 officia
943 3125 1193 3186 inconsonantes
1217 3146 1294 3208 per·

165 3218 309 3292 strepere
324 3207 539 3282 soloecismos,
556 3213 652 3287 atque
668 3204 843 3266 earundem
862 3206 1040 3268 lectionum
1055 3206 1093 3284 ¹in
1114 3207 1229 3268 melius
1245 3228 1294 3267 re-

165 3291 304 3354 formare
318 3289 478 3350 tramitem
492 3297 635 3350 mentem
650 3285 858 3348 intendimus.
901 3289 1002 3369 quue
1019 3309 1099 3368 opus
1118 3290 1220 3350 Paulo
1233 3289 1294 3349 Di·

77 3411 79 3419 s
166 3381 284 3450 acono,
295 3371 446 3433 familiari
460 3370 618 3432 clientulo
634 3379 755 3445 nostro,
778 3369 975 3430 elimandum
996 3370 1209 3448 iniunximus,
1237 3370 1295 3431 sci-

165 3456 244 3520 licet
262 3464 298 3515 ut
316 3455 457 3518 studiose
474 3453 707 3515 catholicorum
725 3453 857 3513 Petrum
877 3452 962 3513 dicta
980 3459 1184 3535 percurrens,
1205 3454 1295 3516 velu-

165 3540 191 3603 ti
211 3539 227 3601 ὲ
253 3538 434 3601 lectissimis
448 3557 561 3598 eorum
579 3535 677 3619 pratis
690 3544 795 3596 certos
812 3555 959 3616 quosque
984 3535 1134 3597 flosculos
1159 3537 1294 3619 legeret,

167 3622 251 3686 etin
270 3643 372 3682 unum
387 3638 535 3715 quaeque
553 3627 659 3679 essent
673 3617 765 3678 utilia
780 3618 872 3698 quasi
898 3627 1020 3678 sertum
1048 3627 1178 3701 aptaret.
1229 3617 1296 3694 Qui
1401 3661 1403 3665 -
1448 3613 1453 3684 ,⁷

166 3715 293 3770 nostrae
309 3703 495 3765 celsitudini
515 3701 630 3762 devote
656 3721 769 3782 parere
791 3701 987 3778 desiderans,
1020 3710 1173 3762 tractatus
1199 3709 1297 3782 atque

166 3807 331 3852 sermones
348 3786 549 3848 diversorum
571 3783 802 3845 catholicorum
821 3785 953 3846 Patrum
977 3785 1161 3867 perlegens,
1182 3792 1214 3844 et
1237 3805 1297 3865 op·-

165 3872 243 3934 tima
266 3889 414 3966 quaeque
436 3869 625 3950 decerpens,
648 3867 682 3926 in
716 3866 841 3928 duobus
865 3865 1086 3928 voluminibus
1116 3888 1174 3949 per
1198 3867 1298 3926 totius

166 3953 245 4016 anni
261 3953 422 4014 circulum
440 3958 656 4032 congruentes
672 3949 790 4030 cuique
808 3947 976 4010 festivitati
995 3949 1146 4010 distincte
1171 3958 1202 4008 et
1226 3949 1298 4010 abs·-

166 4058 231 4120 que
253 4035 341 4098 vitiis
357 4033 449 4095 nobis
472 4031 589 4093 obtulit
609 4030 775 4092 lectiones.
818 4033 965 4110 Quarum
1000 4032 1145 4093 omnium
1172 4040 1298 4092 textum

167 4119 275 4180 nostrai
290 4117 459 4200 sagacitate
473 4113 723 4198 perpendentes,
740 4117 846 4176 nostra
866 4115 978 4176 eadem
1000 4115 1167 4176 volumina
1191 4123 1299 4173 aucto-

165 4202 260 4262 ritate
283 4198 534 4273 constabilimus,
560 4206 750 4282 vestraeque
770 4197 924 4281 religioni
948 4197 982 4259 iu
1002 4197 1122 4260 Christi
1142 4195 1298 4260 Ecclesiis

165 4283 320 4347 tradimus
349 4282 389 4346 nd
410 4279 594 4367 legendum.
