2928 4986
274 307 310 364 s.
329 304 415 363 cau.
524 305 661 363 aeson
686 304 925 374 Francorum
1024 303 1094 366 sar.
1134 273 1136 278 ’
1184 286 1262 362 349

94 447 237 512 eodem
250 465 349 530 quem
367 447 519 508 feceruut
542 457 642 530 ponte
667 448 864 530 persolvere.
906 447 949 508 Et
970 446 996 508 si
1018 447 1103 508 forte
1121 449 1265 530 quilibet

104 531 266 594 uoluerit
282 551 322 592 ex
336 531 476 614 propriis
494 529 701 592 facultatibus
724 531 866 592 eundem
880 539 1012 614 pontem
1027 533 1198 594 emendare
1211 535 1262 596 vel

100 615 270 691 reficere,
285 613 433 694 quamvis
447 612 486 673 de
505 613 570 673 suis
587 613 727 696 propriis
745 613 842 675 rebus
853 613 994 674 eundem
1006 621 1138 694 pontem
1153 636 1264 677 emen-

100 697 175 758 det
198 697 252 758 vel
270 696 406 771 reficiat,
426 716 493 755 nou
512 697 681 757 tumendo
699 697 814 756 eodem
832 706 932 778 ponte
952 697 1108 757 maiorem
1129 695 1262 760 censum

100 780 252 862 exigere
269 787 463 861 praesumat,
482 779 549 840 uisi
572 777 657 840 sieut
673 779 881 840 cousuetudo
910 778 974 840 fuit
994 787 1029 840 et
1053 779 1173 842 iustum
1196 802 1264 850 esse

101 861 311 924 dinoscitur.

137 971 188 1032 Ut
203 971 308 1032 nullos
326 970 407 1040 liber
426 971 518 1031 homo
539 968 585 1028 ad
605 969 725 1030 brolios
744 969 923 1030 *dominicos
946 972 1078 1052 opemri
1099 985 1240 1051 cogatur.

202 1075 262 1140 lv.
304 1075 465 1138 Omnibus
487 1085 601 1138 notum
615 1076 656 1137 sit
676 1075 753 1157 quia
776 1076 929 1136 nolumus
944 1083 980 1134 ut
999 1073 1086 1138 liber
1108 1076 1206 1139 homo
1224 1080 1265 1141 ad

107 1169 248 1223 nostros
270 1159 395 1222 brolios
419 1159 552 1243 operari
579 1168 721 1242 cogatur.
774 1156 924 1218 Attamen
952 1157 996 1219 de
1028 1157 1099 1220 aliis
1123 1160 1263 1242 publicis

104 1243 356 1320 functionibus,
374 1265 454 1326 quas
468 1243 617 1304 solebant
632 1243 722 1302 iuxta
742 1239 907 1324 antiquam
921 1241 1195 1306 consuetudinem
1213 1246 1264 1306 fa-

105 1347 210 1405 ·cere,
227 1347 323 1386 nemo
346 1345 378 1386 se
397 1325 533 1408 probae
550 1347 645 1386 causa
666 1333 809 1386 exouset.

129 1434 131 1438 ⁴
240 1437 296 1498 De
315 1421 468 1518 Capitulis
481 1435 655 1518 praeterito
670 1454 752 1494 anno
768 1429 889 1493 additis
905 1429 984 1512 Legi
999 1427 1135 1494 Saliare.

202 1537 243 1600 V.
284 1540 494 1600 Generaliter
514 1561 625 1600 omnes
643 1539 852 1600 admonemus
867 1549 904 1601 ut
918 1538 1060 1622 ‘capitula
1071 1559 1158 1620 quae
1172 1557 1263 1620 prae-

112 1624 217 1684 terito
240 1645 326 1682 anno
344 1623 423 1704 Legi
437 1623 565 1685 -Salicae
584 1642 644 1704 per
662 1623 807 1683 omnium
820 1643 1017 1684 eonsensum
1032 1621 1181 1682 addenda
1194 1643 1262 1684 esse

111 1705 319 1782 censuimus,
338 1706 401 1764 iam
419 1727 483 1768 non
501 1705 637 1766 ulterius
662 1705 823 1788 Capitula,
840 1705 898 1767 sed
917 1714 1043 1766 tantum
1066 1705 1133 1766 Lex
1150 1703 1263 1765 dican-

114 1801 186 1868 tur,
201 1789 297 1849 immo
310 1809 370 1872 pro
388 1787 458 1870 lege
478 1797 661 1851 teneantur.

290 1916 551 2015 Liioovici
589 1955 664 2014 rit
705 1954 1082 2033 menstrosam,

169 2063 409 2156 Epistola
447 2065 507 2132 ad
541 2062 812 2132 Monaoboa
859 2063 1209 2155 Anionenses,

247 2279 251 2284 μ
291 2189 388 2258 Data
410 2191 505 2258 circa
530 2211 666 2258 anniam
687 2187 825 2257 Christi
843 2187 1087 2260 DCCCXXI.

120 2293 171 2404 In
194 2342 324 2403 nomine
338 2341 471 2402 Domini
488 2340 550 2400 Dei
568 2350 600 2401 et
615 2339 791 2402 salvato-ris
809 2339 913 2400 nostri
929 2341 1002 2401 Iesu
1026 2340 1157 2405 Christi.
1176 2345 1261 2406 Hlu·

121 2427 281 2489 douvicus
302 2425 411 2484 divina
429 2423 599 2484 ordinante
616 2421 819 2502 providentia
834 2423 1190 2506 Imperatorbugustus,
1205 2449 1263 2489 xe-

121 2509 321 2573 nerabilibus
341 2507 494 2567 fratribus
522 2507 555 2564 in
573 2505 700 2565 Aniano
714 2505 780 2566 sive
798 2505 938 2566 Gellone
959 2509 1152 2570 monasterio
1181 2531 1262 2570 con-

122 2589 250 2654 stitutis.
292 2591 443 2651 Proxime
465 2589 583 2650 accidit
604 2587 810 2669 Agebardom
823 2587 1113 2671 Archiepiseopum
1133 2592 1173 2653 ad
1191 2611 1263 2654 nos·

124 2685 205 2736 tram
226 2673 392 2734 devenisse
409 2671 635 2754 praesentiam,
656 2671 714 2752 qui
741 2669 894 2731 indicarit
914 2671 1007 2732 nobis
1033 2673 1196 2756 quomodo
1220 2695 1261 2736 eo

123 2764 290 2841 praesente
324 2765 357 2815 et
380 2753 536 2814 Nebridio
562 2752 814 2836 Archiepiseopo
840 2753 909 2813 sine
933 2773 1022 2814 mora
1055 2776 1166 2818 omnes
1191 2756 1262 2840 pari

119 2860 284 2901 consensu
306 2837 557 2897 Tructesindum
587 2857 684 2917 super
706 2857 760 2896 vos
787 2835 962 2916 elegissetis
989 2835 1156 2900 Abbatem.
1199 2829 1263 2900 Cui

125 2925 222 2993 fricto,
238 2919 315 3002 quie
327 2919 519 2980 rationabile
535 2918 627 2979 nobis
640 2918 820 2994 videbatur,
838 2917 1009 2980 adsensum
1021 2921 1176 3002 praebere
1194 2943 1261 2982 non

124 3005 317 3080 distulimus,
336 3003 370 3062 id
390 3002 609 3062 desiderantes
632 3023 668 3060 ac
690 3010 895 3084 optantes‘ut
919 3002 1020 3084 pietas
1037 3001 1149 3064 divina
1171 3003 1263 3064 idad

128 3111 212 3150 suam
229 3095 262 3148 et
278 3095 415 3147 vestram
433 3105 636 3144 communem
656 3084 792 3144 salutem
810 3084 967 3166 proficere
989 3085 1095 3163 faciat,
1119 3087 1207 3166 quod
1225 3085 1263 3144 il-

124 3174 157 3232 le
190 3170 287 3252 patris
322 3189 358 3228 ae
390 3167 525 3250 pastoris
551 3167 715 3228 intervos
743 3167 852 3227 locum
879 3166 1040 3246 obtineat,
1077 3177 1110 3229 et
1138 3191 1196 3232 vos
1225 3176 1265 3228 ut

124 3253 243 3314 Christi
266 3252 364 3312 doves
385 3271 443 3331 pro
466 3249 648 3309 humilitate
671 3271 707 3310 ac
729 3247 927 3327 devotione,
957 3249 1042 3310 sicut
1072 3247 1206 3334 dignum
1225 3271 1263 3312 ae

127 3347 247 3397 rectum
269 3344 301 3395 et
322 3334 441 3394 iustum
462 3339 529 3408 est,
562 3331 682 3392 subditi
704 3340 736 3391 et
757 3331 947 3394 obedientes
968 3333 999 3392 ei
1020 3333 1104 3404 sitis;
1129 3333 1263 3396 ethaeo

125 3413 310 3480 obedientia
345 3425 376 3476 et
407 3413 597 3476 humilitatis
632 3413 790 3476 subiectio
823 3415 964 3476 caritatis
997 3415 1178 3478 munimine
1214 3425 1263 3478 est

129 3501 326 3576 roboranda,
358 3520 455 3580 quam
484 3499 552 3560 sine
576 3497 780 3558 simulatione
802 3497 901 3558 falsae
922 3497 1124 3561 extrinsecus
1152 3507 1284 3561 osten··
1372 3513 1374 3518 ’

128 3583 256 3645 tationis
284 3583 318 3642 in
347 3582 437 3643 vobis
466 3581 536 3641 fieri
566 3601 697 3642 necesse
727 3589 784 3656 est.
827 3581 894 3642 Vos
925 3581 1013 3641 euim
1043 3581 1162 3664 optime
1185 3603 1262 3642 nos·

128 3666 167 3726 tis
194 3686 267 3724 cum
294 3675 414 3744 quanto
445 3663 551 3724 studio
580 3673 612 3724 et
638 3663 755 3723 sudore
784 3663 801 3721 a
828 3661 939 3724 beatae
967 3665 1140 3725 memoriae
1161 3667 1263 3725 Dom-

133 3770 170 3808 no
197 3747 371 3811 Benedieto
404 3756 493 3829 patre
529 3756 636 3806 vestro
668 3745 759 3806 loeus
788 3745 847 3805 iste
877 3745 981 3888 Primo
1018 3743 1188 3809 ineboatus
1224 3767 1262 3807 ae

129 3838 330 3890 constructus
347 3837 408 3898 est;
432 3824 550 3890 deinde
577 3829 640 3909 quii
666 3827 837 3909 diligentia
864 3827 922 3890 ile
948 3829 1113 3891 nitebatur
1138 3838 1175 3890 ut
1195 3849 1263 3904 tos,

130 3933 206 3992 quos
223 3911 332 3972 divina
345 3911 477 3992 superni
497 3911 639 3971 Pastoris
655 3911 755 3992 gratia
771 3930 830 3992 per
852 3931 928 3971 suae
944 3911 1127 3974 devotionis
1144 3911 1264 3972 instan-

131 3995 202 4054 tiam
217 3993 298 4053 inibi
315 3995 574 4069 coadunaverat,
601 3992 780 4053 seeundum
800 3992 994 4056 monasticae
1010 3995 1096 4056 vitae
1117 3994 1264 4077 regulam

132 4073 518 4156 recteeonversaremini;
541 4075 630 4156 quod
647 4084 690 4150 et,
716 4075 786 4136 Deo
808 4075 979 4157 largiente,
1002 4077 1092 4138 iuxta
1113 4075 1148 4137 id
1175 4077 1265 4159 quod

130 4158 322 4219 desideravit
334 4159 375 4220 ad
387 4157 536 4218 effectum
552 4157 715 4238 perduxit.
733 4157 844 4218 Sedet
864 4158 903 4218 de
925 4169 1126 4232 sacrosancto
1150 4159 1264 4220 eodem

132 4241 274 4304 examine
290 4263 350 4325 per
370 4239 543 4325 imperium
559 4241 662 4306 aDeo
679 4239 989 4306 nobiscommissum
1011 4243 1107 4328 longe
1134 4242 1263 4324 lateque
