2958 4986
219 307 292 382 tao
506 319 542 378 s.
560 317 648 380 can.
756 317 1017 378 castratam
1119 317 1182 382 na.

216 449 421 532 habuerunt(
452 461 663 544 Nequaquam
697 461 785 524 enim
802 461 874 526 talis
900 459 1063 524 ordinatio
1080 461 1134 526 rel
1158 461 1360 524 consecratio

215 549 382 616 reiteratio
395 567 465 610 ease
481 547 498 606 ir
516 544 730 628 prudentibus
752 555 785 608 et
805 555 893 608 recte
915 545 1116 628 sapientibus
1138 545 1282 623 videtur,
1304 547 1362 607 sed

215 635 307 698 irrita
343 629 567 694 indubitanter
592 629 663 690 fore
678 630 874 712 agnoscitur.
919 628 1044 710 Siquis
1061 637 1169 689 antem
1187 628 1364 710 Chorepis·

215 737 374 801 caporum
401 711 528 795 aliquid
560 733 600 774 ex
621 712 795 794 praedictis
824 734 920 798 agere
949 712 1141 788 tentaverit,
1173 733 1239 774 nou
1281 722 1363 789 acta,

216 805 273 864 sed
301 797 489 880 imperfecta
514 805 611 878 atque
634 795 725 858 irrita
742 805 851 876 eruut,
873 805 906 858 et
931 795 1000 880 ipsc
1020 795 1108 858 omni
1139 793 1363 858 ecclesiastico

216 879 475 946 irrevocabiliter
502 887 611 940 careat
632 878 745 960 gradu.

220 995 269 1054 Dc
307 987 506 1064 Presbyteris
528 998 558 1046 et
578 985 738 1047 Ministris
762 985 937 1057 Ecclesiae,
961 987 1136 1058 actissuis,
1165 999 1196 1046 et
1231 1007 1299 1047 non
1326 987 1365 1046 ab

325 1063 327 1074 '
370 1069 443 1132 aliis
464 1067 644 1154 Episcopis,
667 1070 807 1130 chrisme
825 1082 935 1154 peterat
954 1071 1009 1130 nei
1036 1071 1203 1153 accipiant.

298 1177 355 1240 111.
398 1177 435 1236 In
452 1175 833 1272 siugulisEpiscoporum
853 1175 1014 1274 parochiis
1026 1173 1214 1261 Presbyteri
1234 1197 1367 1238 eorum-

213 1284 278 1346 que
295 1259 435 1322 ministri
450 1259 552 1322 nond
576 1259 781 1344 quibuslibet
801 1261 982 1344 Episcopis,
1003 1260 1060 1324 aed
1080 1261 1097 1321 d
1120 1259 1187 1321 suis
1204 1261 1366 1344 propriis,

215 1344 354 1407 clariama
386 1351 498 1426 petant
531 1341 584 1404 vel
617 1341 787 1426 accipiant.
839 1343 907 1404 Nec
931 1344 996 1404 alio
1028 1364 1174 1426 unquam
1200 1352 1367 1424 tempore,

213 1430 304 1490 insta
323 1447 430 1490 aaaron
454 1447 595 1488 canones
612 1427 666 1488 rel
682 1425 863 1488 secundism
885 1447 1008 1488 morem
1022 1427 1214 1502 Romanum,
1238 1425 1309 1487 nisi
1333 1427 1368 1486 in

213 1531 315 1572 coena
333 1507 465 1572 Domini
478 1518 626 1570 sanctum
643 1507 783 1572 chrisma
802 1507 1004 1572 conficiatur.
1027 1509 1156 1587 Quibus
1179 1507 1281 1570 etiam
1298 1507 1369 1569 die-

213 1594 274 1656 bus
296 1591 564 1675 Presbyterisvel
591 1613 703 1653 eorum
732 1591 887 1653 ministris
916 1591 1072 1654 canonice
1105 1591 1369 1674 dispensandum

216 1686 275 1751 est,
291 1675 347 1738 sed
368 1695 433 1734 non
450 1673 738 1752 aliistradeudum,
756 1675 816 1736 uisi
843 1675 1047 1736 solummodo
1071 1674 1276 1758 Presbyteris
1312 1674 1367 1735 vel

214 1758 414 1821 Diannnibus
439 1767 494 1818 aut
515 1757 774 1821 subdiaconibus
791 1759 875 1819 boue
896 1757 1058 1820 lidelibus.
1079 1755 1258 1840 Indignum
1273 1757 1370 1818 euim

215 1852 264 1903 est
287 1851 324 1902 ut
338 1841 394 1902 alii
417 1839 501 1904 illud
520 1839 707 1926 suscipiant,
728 1841 789 1904 nisi
803 1841 853 1902 illi
871 1841 929 1924 qui
951 1841 1013 1904 boc
1037 1841 1071 1901 in
1089 1839 1250 1902 tradendo
1268 1840 1368 1902 usuri

217 1935 303 1986 stant.

366 2029 415 2092 De
439 2029 745 2118 Chorepiscoporum
774 2027 930 2106 cassanda
962 2031 1193 2116 superstitione.

299 2137 356 2200 1v.
401 2135 560 2200 Similiter
584 2145 618 2198 et
635 2136 870 2200 hocstatutum
901 2147 960 2214 est,
986 2147 1022 2200 ut
1049 2140 1068 2200 a
1095 2138 1365 2222 Chorepiscopis,

215 2221 273 2304 qui
294 2221 384 2280 iuxta
400 2230 585 2282 sanctorum
604 2221 733 2282 decreta
753 2223 861 2283 locum
879 2221 1082 2304 septuaginta
1102 2221 1366 2304 Discipulorum,

216 2305 251 2364 ial
271 2313 319 2366 est
334 2303 613 2387 Presbyterorum,
629 2313 755 2381 tenent,
774 2305 827 2368 vel
847 2304 886 2364 ab
908 2303 984 2386 ipsis
999 2305 1200 2389 Presbyter-is
1214 2325 1278 2367 nec
1295 2305 1366 2366 vir-

216 2387 330 2468 ginum
346 2385 557 2464 consecratio,
580 2407 639 2448 uec
655 2388 766 2448 Sancti
787 2383 927 2470 Spiritus
951 2387 1093 2466 traditio,
1120 2409 1182 2449 nec
1209 2387 1365 2450 Ecclesi-

217 2467 311 2530 arum
330 2469 384 2530 ael
406 2469 558 2530 altarium
585 2471 797 2548 consecratio,
824 2472 875 2532 vel
900 2470 955 2530 illa
980 2493 1063 2554 quae
1088 2471 1165 2532 solis
1190 2470 1367 2552 Episcopis

217 2552 390 2629 debentur,
418 2553 483 2614 liat.
523 2554 603 2613 Nam
634 2553 702 2614 sid
738 2554 864 2616 duobus
884 2553 1054 2635 Episcopis
1082 2554 1263 2637 Episcopus
1294 2575 1366 2612 uon

216 2644 323 2718 potest
348 2635 543 2712 consecrari,
569 2636 733 2718 quomodo
759 2638 815 2698 ille
843 2637 1022 2719 Episcopus
1053 2637 1127 2714 erit,
1150 2646 1206 2698 aut
1234 2635 1368 2717 aliquid

219 2719 259 2780 dc
283 2719 458 2814 episcopali
474 2717 667 2796 ministerio,
682 2719 745 2782 nisi
764 2729 924 2802 quantum
938 2715 1121 2803 Presbyter,
1136 2719 1230 2780 cuius
1252 2719 1369 2780 locum

219 2803 251 2862 in
276 2801 422 2864 Ecclesia
440 2811 540 2880 tenet,
560 2823 654 2884 agere
673 2803 813 2884 poterit?
855 2803 973 2864 Omnia
990 2825 1067 2887 ergo
1089 2825 1172 2899 quae
1188 2801 1242 2863 isti
1265 2823 1367 2884 prae-

218 2884 385 2966 sumptiosi
407 2885 447 2947 dc
471 2884 645 2968 episcopali
661 2885 843 2950 ministerio
874 2895 1022 2969 egerunt,
1055 2885 1148 2948 irrata
1174 2906 1243 2946 esse
1272 2906 1367 2946 com-

218 2967 398 3062 probantur
419 2976 451 3030 et
468 2967 585 3030 ellectu
601 2989 723 3048 carere,
744 2979 841 3066 atque
866 2991 925 3052 per
942 2970 1049 3030 omnia
1066 2978 1133 3030 tam
1160 2968 1200 3028 ab
1226 2978 1367 3050 aposto·
1437 2961 1438 2992 ³

219 3053 283 3110 lica
307 3050 382 3112 sede
399 3051 497 3132 quim
518 3060 551 3112 et
571 3051 717 3114 omnium
737 3053 974 3136 Episcoporum
999 3052 1131 3114 decreto
1156 3049 1249 3112 irrita
1278 3070 1364 3127 esse,
1437 3085 1438 3128 q

220 3143 252 3192 ct
269 3133 378 3214 potius
396 3142 590 3194 nocumenta
609 3135 707 3215 quam
727 3135 837 3218 aliqua
853 3135 1039 3198 adiumenta
1058 3143 1135 3198 sunt
1155 3133 1311 3209 iudicata,
1327 3155 1365 3194 ac
1437 3135 1438 3214 l

219 3214 348 3296 saepius
367 3214 549 3278 interdicta.
592 3217 735 3300 ideoque
757 3239 799 3280 ne
820 3218 898 3280 liant
919 3216 1209 3280 sub'unathematis
1227 3215 1365 3276 vinculo

220 3297 458 3376 interdicimus,
478 3299 647 3381 atquequi
666 3301 705 3361 ab
726 3299 863 3362 eissunt
888 3301 1006 3382 polluti
1035 3300 1143 3383 potius
1172 3300 1273 3378 quiam
1293 3321 1366 3359 san·
1437 3303 1438 3328 ¹

221 3379 364 3460 otilicati,
383 3381 416 3440 in
432 3383 599 3444 meliorem
615 3392 731 3444 statum
752 3385 920 3462 canonice,
947 3385 980 3446 id
1002 3394 1062 3461 est,
1094 3405 1112 3443 a
1138 3382 1242 3444 tribus
1272 3380 1362 3442 ordi-

222 3466 306 3525 natis
321 3463 490 3546 Episcopis
509 3475 545 3526 ut
564 3469 783 3528 rel'ormentur
796 3467 961 3537 iubemus;
984 3468 1062 3549 quia
1081 3463 1270 3528 reformatio
1294 3485 1363 3525 non

223 3555 271 3608 est
287 3547 426 3625 iteratio,
447 3549 506 3610 sed
529 3549 746 3611 ecclesiastica
763 3559 797 3609 et
813 3548 969 3612 canonica
985 3549 1154 3633 perfectio.
1265 3591 1268 3596 -

401 3675 449 3741 De
471 3683 519 3741 tis
535 3683 591 3764 qui
613 3681 882 3767 &Chorepiscopo
900 3679 1083 3766 confirmati
1107 3691 1187 3740 sant.

306 3788 346 3849 V.
389 3787 511 3874 Siquis
527 3787 565 3846 ab
581 3787 754 3884 Episcopo,
777 3798 808 3848 et
831 3811 895 3849 non
914 3787 1194 3871 alChorepiscopo,
1215 3783 1273 3866 qui
1296 3806 1363 3845 non

220 3871 413 3954 Episcopus,
440 3871 497 3932 sed
518 3871 666 3932 Vioarms
683 3872 847 3952 Episcopi,
862 3872 1051 3953 priusquam
1068 3868 1224 3953 prohibiti
1244 3879 1365 3946 essent,

223 3963 255 4014 et
273 3963 366 4015 erant
383 3954 636 4026 et-diccbantur,
654 3955 756 4022 fuerit
775 3955 992 4030 confirmatus,
1011 3953 1156 4014 reiterari
1179 3950 1252 4012 talis
1283 3972 1365 4012 con—

223 4037 361 4102 lirmatio
381 4033 573 4098 nondehet.
619 4038 697 4096 Nam
725 4029 957 4120 Cliorepiscopi
985 4045 1060 4098 atate
1085 4033 1292 4118 apostolicam
1315 4044 1365 4094 at-

127 4177 129 4184 ,
221 4141 285 4200 que
311 4121 500 4202 synodalem
525 4119 778 4201 prohibitionem
801 4142 865 4179 non
886 4142 926 4181 ex
956 4141 1091 4180 nurnero
1124 4116 1365 4198 (Apostolorum

221 4202 279 4263 sed
300 4208 351 4278 rx)
377 4225 443 4260 nra.
466 4202 720 4284 Discipulosum,
747 4213 782 4262 ut
797 4204 877 4264 sacri
892 4224 1032 4266 cannones
1048 4209 1217 4276 testantur,
1247 4199 1363 4260 ordine

223 4293 326 4361 orant,
351 4307 431 4366 quos
454 4306 622 4368 unusquam
635 4286 791 4371 Spiritum
805 4287 998 4370 paraclitum
1017 4284 1184 4348 tradidisse
1202 4282 1363 4358 novimus.
