2928 4986
254 323 290 380 a,
310 319 398 381 can.
505 320 642 380 aneon
661 321 899 384 rannconun
1005 312 1069 380 ao.
1186 301 1259 378 347

186 462 513 528 carmentae
551 463 761 526 snxruu
790 438 912 524 'anm
942 461 1198 542 ucccx1x,
1291 489 1295 496 -

256 573 342 648 Sive
367 573 579 668 capitulare
603 573 805 648 Missurum
833 573 1112 646 dominicorum.

64 739 75 798 Ῑ
106 775 112 784 ·
164 727 242 812 Cal'·
259 728 284 788 Ῑ·
324 693 393 814 De
414 762 500 816 statu
517 753 685 826 Ecclesiae
703 753 875 818 ethonore
888 752 1155 830 Pontificum‚ut
1168 769 1263 814 cano·

62 853 78 866 ··
105 833 199 898 „nice
227 836 407 898 secundum
432 835 608 899 iussionem
632 836 848 900 Dominorum
875 846 1062 908 nostrorum,
1086 835 1199 899 vivere
1230 840 1265 896 et

76 939 97 980 ·.
108 938 313 982 conversare
334 924 373 997 a)
395 919 544 992 debeant.
957 925 960 934 ’

93 1059 96 1066 ,
208 1000 256 1064 lla
296 1004 339 1064 Ut
361 1003 551 1066 Sacerdotes
575 1011 608 1064 et
629 1001 774 1066 Clericos
796 1001 976 1066 secundum
996 1022 1143 1065 normam
1171 997 1263 1085 prio·

70 1106 198 1148 ··rum
216 1093 344 1166 patrum
360 1084 481 1148 vivant.
956 1120 960 1135 ·

58 1223 65 1232 .
206 1166 267 1229 lll.
309 1171 353 1229 Ut
366 1177 431 1229 tam
443 1167 596 1230 Monachi
610 1188 707 1252 quam
724 1165 913 1247 monachae,
926 1167 1114 1252 ubicunque
1126 1165 1263 1245 fuerint,

108 1249 319 1336 regulariter
333 1250 434 1313 vitam
453 1251 583 1334 degant.

21 1331 32 1364 ”¹
56 1337 69 1353 ”
83 1339 97 1372 “·
207 1333 267 1396 lV.
309 1335 358 1396 De
376 1334 613 1396 restauratione
631 1333 853 1398 Ecclesiarum
865 1332 920 1396 vel
934 1331 1120 1406 luminaria,
1138 1353 1196 1396 seu
1211 1331 1264 1392 of·

22 1421 23 1424 ’
42 1421 59 1456 '·
114 1415 197 1478 ficia
214 1417 312 1478 etiam
327 1425 360 1478 et
375 1415 498 1494 Missas,
517 1437 647 1479 necnon
663 1427 695 1479 ct
709 1417 889 1493 sacritecta,
910 1425 947 1476 ut
966 1416 999 1474 in
1016 1426 1175 1496 quantum
1191 1436 1265 1498 pos·

26 1545 29 1553 .
58 1511 67 1570 3
93 1554 98 1563 .
115 1499 262 1568 sihilitas
276 1499 387 1578 fuerit,
404 1521 464 1582 per
480 1495 655 1562 iussionem
672 1500 889 1562 Dominorum
902 1507 1097 1578 nostrornm,
1120 1497 1176 1560 uhi
1203 1517 1270 1559 ne·-r

38 1619 55 1629 ·-
79 1621 97 1641 a.
118 1581 266 1662 cessitas,
287 1590 482 1644 restauratae
501 1592 534 1646 et
551 1585 740 1646 emendatae
760 1583 849 1647 liant.

34 1731 38 1738 ¹
208 1663 249 1726 V.
291 1663 341 1726 De
368 1665 525 1728 Ecclesiis
552 1675 586 1727 et
612 1667 807 1728 monasteria
832 1678 864 1730 et
891 1663 1088 1732 senodochia
1110 1683 1194 1746 quae
1223 1661 1263 1726 ad

20 1787 43 1801 -.
61 1789 89 1803 .·
120 1747 260 1808 mundio
282 1747 394 1830 palatii
409 1749 577 1831 pertinent
591 1756 647 1808 aut
658 1749 823 1831 pertinere
843 1751 973 1829 dehent,
985 1758 1021 1810 ut
1039 1745 1264 1830 unusquisque

31 1875 46 1910 ·:
120 1829 280 1893 iustitiam
310 1831 526 1894 Dominoram
557 1841 741 1894 nostrorum
773 1833 899 1918 Regum
929 1843 962 1896 et
991 1852 1104 1896 eorum
1137 1838 1265 1894 rectam

50 1961 61 1996 ἶ
122 1914 318 1978 consentiat.

31 1991 54 2065 ',
75 2068 84 2078 .
209 1997 267 2060 Vl.
308 1999 358 2058 De
376 1997 480 2060 causis
498 1997 647 2078 inlicitis,
664 1997 953 2061 coniunctionibus
973 1997 1121 2060 omnibus
1138 1995 1193 2060 vel
1206 1991 1266 2056 eti-

22 2137 27 2144 .
123 2101 176 2140 am
204 2080 339 2142 caeteris
368 2080 525 2143 nefandas
551 2103 617 2158 res,
650 2092 687 2142 ut
716 2081 941 2166 unusquisque
968 2083 1001 2144 in
1027 2104 1084 2144 sua
1110 2076 1264 2162 parochia

67 2226 72 2239 ,
122 2163 191 2224 uuit
204 2185 278 2225 cum
296 2184 458 2225 consensu
478 2172 511 2225 ct
535 2163 698 2228 adiutorio
719 2163 855 2227 Comitis
875 2167 924 2228 sui
945 2165 1008 2228 hoc
1034 2163 1179 2246 pleniter
1201 2159 1264 2227 sub

122 2246 293 2308 celeritate
318 2256 484 2328 amputare
505 2256 538 2310 et
557 2248 730 2310 emendare
747 2247 883 2310 studeat.
924 2250 967 2310 Et
989 2247 1047 2330 qui
1066 2243 1129 2309 hoc
1153 2247 1263 2310 facere

122 2350 191 2390 non
208 2328 362 2412 potuerit,
383 2329 423 2392 ad
440 2349 533 2392 aures
550 2331 688 2412 piissimi
703 2329 836 2392 Domini
859 2332 960 2396 nostri
976 2331 1030 2394 vel
1044 2329 1113 2394 eius
1129 2326 1265 2412 posteri·

17 2433 26 2447 ¹·
39 2433 66 2470 .”
120 2413 183 2474 has
204 2422 252 2486 w)
277 2411 340 2474 hoc
364 2412 547 2476 innotescat
561 2414 679 2496 absque
703 2413 865 2493 tarditate,
886 2425 923 2477 ut
939 2415 1060 2478 malum
1078 2412 1167 2497 quod
1184 2429 1264 2497 per-

120 2503 286 2578 petratum
306 2505 355 2556 est
378 2496 535 2558 canonice
556 2497 762 2560 emendatum
783 2496 847 2558 fiat.

54 2627 65 2637 ,
206 2575 281 2637 Vll.
323 2577 374 2640 De
396 2578 504 2641 viduis
526 2589 559 2642 et
579 2574 731 2664 orphanis
752 2588 786 2652 et
805 2579 1012 2664 pauperihus,
1035 2580 1091 2641 vel
1112 2577 1263 2642 omnihus

34 2711 51 2748 .:
122 2658 365 2742 impotentibus,
386 2661 474 2722 utin
496 2663 702 2761 eleemosyna
719 2663 935 2726 Dominarum
947 2671 1130 2726 nostrornm
1137 2665 1263 2749 Regum

17 2800 27 2826 ἲ,
45 2813 49 2832 ¹
123 2763 238 2805 eorum
259 2742 413 2804 iustitiam
428 2745 559 2826 plenius
578 2747 748 2832 accipiant.
1267 2761 1270 2772 '

50 2820 58 2831 '
206 2823 299 2886 Vlll.
341 2827 390 2887 De
411 2826 595 2896 homicidiis
616 2839 649 2890 et
660 2830 823 2915 periuriis,
841 2829 1017 2913 sacrilegis,
1031 2838 1064 2890 et
1086 2826 1174 2891 falsis
1194 2837 1263 2890 tes*

122 2905 279 2986 timoniis,
297 2917 330 2970 et
346 2907 410 2970 hoc
427 2912 517 2992 qnod
538 2914 717 2976 nefandum
735 2924 791 2974 aut
814 2912 1014 2974 contrarium
1040 2910 1139 2973 sacris
1160 2933 1262 2973 cano-

123 3011 183 3052 nes
200 3013 266 3052 esse
292 2991 431 3070 videtur,
459 3001 491 3054 et
510 2995 573 3057 hoc
588 2997 731 3080 pleniter
745 3018 805 3080 per
825 3006 962 3060 vestram
987 2994 1202 3057 monitionem
1228 3001 1262 3054 et

17 3087 40 3124 Ἀ
121 3094 184 3216 per
206 3073 365 3135 iudicium
381 3075 516 3138 Comitis
535 3079 740 3140 emendatum
762 3081 824 3140 fiat.
866 3079 908 3140 Et
923 3078 980 3160 qui
1000 3077 1063 3140 hoc
1084 3079 1191 3141 facere
1206 3097 1262 3137 no·

17 3225 19 3234 A
37 3193 52 3228 ς,
138 3156 234 3233 uerit,
250 3157 370 3240 absque
389 3158 538 3222 tarditate
557 3161 688 3224 auribus
704 3161 1005 3246 praecellentissimi
1023 3161 1156 3222 Domini
1183 3181 1261 3224 nos·

17 3315 18 3318 ¹
40 3289 42 3296 .
121 3237 166 3302 tri
181 3239 236 3302 vel
257 3239 327 3302 eius
341 3239 524 3324 posteribus
539 3242 603 3306 hoc
620 3245 801 3328 patefaciat.

119 3323 124 3338 ’
206 3319 265 3386 ΙΧ.
307 3326 355 3384 De
376 3323 522 3404 decimis,
539 3337 575 3387 nt
597 3327 823 3412 unusquisque
844 3348 936 3388 suern
951 3326 1109 3388 decimam
1136 3327 1175 3388 ad
1193 3325 1259 3388 Ec·

34 3445 42 3456 --
121 3402 253 3499 clesiam
270 3397 504 3486 alferatsicnt
520 3431 589 3472 mos
619 3412 673 3474 vel
701 3433 789 3475 sacra
821 3412 1023 3474 consuetudo
1052 3431 1119 3474 csse
1146 3407 1259 3474 dinos-

120 3495 216 3548 citur.

148 3647 155 3663 ⁸
202 3569 245 3631 X.
288 3571 331 3632 Ut
345 3571 396 3633 illi
418 3574 514 3636 electi
533 3574 591 3658 qui
608 3575 683 3638 illos
699 3575 898 3660 episcopatos
921 3584 1048 3656 tenent,
1073 3576 1131 3662 qni
1156 3595 1259 3641 cano·

18 3693 41 3734 ez·
121 3670 213 3713 nicae
235 3673 303 3715 esse
318 3664 432 3736 potest,
448 3658 508 3718 sub
529 3658 696 3722 celeritate
717 3670 855 3722 sacratos
876 3658 964 3718 liant.

17 3787 22 3816 ,y
201 3731 263 3796 XI.
306 3735 465 3801 Volumus
479 3741 614 3824 quidem
632 3749 718 3803 ntea
736 3763 818 3824 qnae
843 3740 991 3824 superius
1021 3739 1194 3804 retulimus
1220 3749 1259 3810 ut

21 3859 37 3896 ,ᾗ
120 3817 345 3900 unusquisque
365 3819 489 3881 honum
506 3832 670 3886 certamen
693 3825 813 3888 exinde
830 3823 980 3900 habeant,
999 3846 1058 3888 seu
1074 3823 1161 3889 etde
1184 3825 1258 3890 aliis

17 3947 31 3982 ,p
119 3899 222 3994 causis
236 3921 315 3983 quas
330 3902 463 3964 minime
480 3903 513 3964 in
529 3903 592 3967 hoe
607 3905 792 3990 capitulare
812 3905 1020 3986 inseruimus,
1046 3915 1079 3970 et
1108 3927 1257 3972 necessa-

118 4003 159 4042 ru
177 3992 253 4044 sunt
275 3986 523 4048 commendandi
548 4009 609 4071 per
629 3999 766 4052 vestram
787 3989 1019 4054 sanctissimam
1043 3990 1257 4054 monitionem

119 4065 264 4126 emenda.
305 4066 348 4127 Et
364 4067 422 4150 qui
439 4067 500 4133 hoc
518 4071 626 4135 lacere
649 4073 842 4158 neglexerit,
858 4073 885 4136 si
900 4072 1056 4136 Sacerdos
1080 4081 1134 4134 aut
1152 4073 1269 4138 Cleri-⁸

120 4204 353 4222 Μ

89 4331 103 4350 ,
149 4289 185 4352 v)
202 4302 249 4339 ms.
269 4304 440 4347 conservare.
744 4299 783 4362 w)
802 4294 883 4350 Forte
901 4293 1009 4366 legend.
1024 4296 1194 4370 proceribus.
