2928 4986
232 285 266 380 a]
287 317 376 379 can.
488 315 879 376 nnonnrnanconuu
976 319 1037 378 na
1181 297 1254 372 ³27

114 461 286 539 Luceolos,
307 458 506 543 Eugubinm,
521 481 596 521 cum
616 460 766 525 omnibus
791 460 910 523 finibus
936 483 972 523 ac
1003 461 1098 525 terris
1123 459 1163 523 ad
1185 483 1255 524 eas·
1314 489 1317 494 ·

116 548 191 609 dem
206 543 351 606 civitates
366 543 616 626 pertinentibus.
632 563 634 574 ’
656 544 783 608 Eodem
802 545 899 607 modo
927 545 1129 608 territorium
1160 543 1255 616 Sabi-

115 649 228 706 nense,
246 626 365 688 sicuti
392 626 538 710 genitore
560 635 671 689 nostro
693 629 815 690 Karolo
838 629 1033 712 Imperatore
1050 629 1146 690 beato
1158 628 1257 690 Petro

114 710 269 796 Apostolo
281 731 340 792 per
353 709 537 775 donationis
548 709 705 793 scriptum
721 731 909 773 concessum
925 719 973 772 est
984 711 1043 773 sub
1061 709 1256 794 integritate,

116 793 388 876 quemadmodum
403 793 441 854 ab
458 791 580 854 itherio
596 794 821 856 etMacenario
835 793 1020 872 Abbatibus,
1035 793 1137 856 Missis
1156 793 1256 869 illius,

116 879 204 938 inter
220 875 307 936 idem
325 874 527 936 territorium
554 875 731 938 sabinense
753 885 786 936 et
808 877 981 937 Reatinum
1004 876 1175 938 definitum
1200 885 1258 938 est.

116 963 197 1022 Item
214 959 246 1017 in
265 957 409 1040 partibus
424 958 562 1019 Tusciae
579 958 880 1041 Longobardorum,
906 959 1083 1021 Castellum
1101 957 1259 1021 Felicita-

115 1044 168 1120 tis,
195 1041 405 1120 Urbevetum,
423 1041 581 1102 Balneum
596 1041 705 1124 Regis,
722 1041 857 1102 Ferenti
879 1043 1038 1120 Castrum,
1062 1041 1259 1117 Viterbinm,

115 1128 262 1203 Martem,
277 1123 481 1201 Tuscaniam,
499 1124 726 1206 Populoniam,
745 1126 894 1202 Soanam,
910 1125 1065 1187 Rosellas.
1105 1125 1149 1186 Et
1171 1126 1260 1187 insu-

116 1211 162 1270 las
179 1207 344 1270 Corsicam
360 1217 392 1268 et
415 1206 598 1268 Sardiniam
626 1217 659 1269 et
687 1207 833 1270 Siciliam
862 1207 922 1269 sub
954 1206 1152 1290 integritate,
1185 1227 1261 1270 cum

117 1290 267 1353 omnibus
288 1288 510 1351 adiacentibus
539 1299 571 1350 et
598 1289 771 1353 territoriis
790 1289 969 1368 maritimis,
986 1290 1162 1370 littoribus,
1187 1309 1262 1374 por·

116 1375 214 1436 tubus
241 1371 282 1432 ad
296 1372 496 1452 supradictas
511 1371 657 1435 civitates
682 1381 715 1434 et
741 1373 862 1434 insulas
892 1371 1137 1455 pcrtinentibus.
1180 1375 1260 1434 Item

117 1455 309 1539 inpartibus
332 1456 547 1536 Campaniae,
573 1457 705 1534 Soram,
730 1454 850 1534 Arces,
875 1455 1061 1536 Aquinum,
1089 1456 1261 1538 Arpinum,

117 1540 301 1618 Tlreanum,
317 1538 471 1618 Capuam,
491 1547 525 1599 et
539 1539 734 1620 patrimonia
759 1541 800 1600 ad
823 1548 1016 1622 potestatem
1043 1549 1076 1600 et
1103 1539 1262 1601 ditionem

119 1631 261 1682 nostram
284 1620 493 1704 pertinentia,
512 1621 595 1682 sicut
614 1630 661 1682 est
680 1622 912 1705 patrimonium
929 1623 1210 1696 Beneventanum,
1229 1629 1262 1681 ct

120 1703 373 1780 salernitanum,
393 1711 426 1763 et
447 1703 678 1785 patrimonium
703 1705 869 1767 Calabriae
885 1703 1051 1768 inferioris
1073 1703 1263 1786 etsuperio·

118 1787 175 1863 ris,
196 1795 227 1846 et
251 1784 483 1868 patrimonium
502 1787 763 1869 Neapolitanum,
783 1796 815 1848 et
835 1787 1024 1868 ubicunque
1049 1787 1083 1846 iu
1115 1783 1262 1870 partibus

119 1868 213 1952 regni
231 1878 328 1950 atque
351 1868 481 1950 imperii
504 1870 612 1932 aiDeo
627 1871 720 1931 nobis
747 1870 905 1932 commissi
933 1869 1127 1952 patrimonia
1153 1879 1263 1931 nostra

121 1973 190 2014 esse
209 1960 399 2030 noscuntur,
440 1953 503 2013 Has
527 1973 639 2014 omnes
659 1953 858 2035 supradictas
874 1953 1071 2036 provincias,
1088 1952 1195 2029 nrbes,
1214 1952 1263 2014 ci-

119 2037 244 2111 vitates,
264 2035 384 2117 oppida
396 2043 430 2094 et
443 2035 585 2112 castella,
600 2035 726 2097 viculos
747 2044 780 2097 et
798 2035 972 2112 territoria,
986 2035 1150 2115 simulque
1165 2045 1198 2095 ct
1211 2056 1264 2116 pa·

120 2117 287 2186 trimonia,
310 2115 373 2176 iam
397 2116 502 2179 dictae
516 2117 683 2180 Ecclesiae
704 2127 791 2196 tuae,
807 2119 901 2180 beate
926 2119 1021 2179 Petre
1042 2117 1209 2199 Apostole‚
1232 2125 1265 2177 et

120 2209 233 2282 perte
265 2199 397 2262 Vicario
424 2208 482 2260 tuo
515 2201 676 2282 spirituali
708 2203 793 2282 patri
817 2210 938 2277 nostro,
965 2199 1113 2262 Paschali
1140 2221 1264 2262 summo

122 2281 276 2345 Pontifici
297 2291 330 2343 et
353 2282 531 2344 universali
547 2284 666 2366 Papae,
687 2285 822 2366 eiusque
840 2282 1077 2345 successoribus
1101 2283 1265 2366 usquead

125 2364 222 2425 finem
238 2365 354 2434 seculi,
379 2387 418 2426 eo
438 2366 533 2426 modo
553 2365 780 2428 confirmamus
798 2377 835 2428 ut
855 2367 890 2426 in
909 2387 968 2428 suo
992 2365 1160 2428 detineant
1180 2365 1263 2442 iure,

123 2447 321 2530 principatu,
339 2447 525 2510 auditione.
570 2449 676 2510 Simili
696 2451 792 2511 modo
809 2471 869 2533 per
885 2448 948 2509 hoc
975 2458 1122 2512 nostrum
1145 2448 1266 2511 confir-

124 2529 275 2590 mationis
294 2530 462 2591 decretum
479 2532 640 2606 firmamus
655 2533 848 2594 donationes
865 2554 947 2615 quas
969 2531 1042 2614 piae
1062 2531 1265 2596 recordatio-

124 2612 174 2672 nis
195 2614 342 2674 Domnus
355 2613 514 2694 Pippinus
538 2615 609 2675 Rex
628 2638 706 2677 avus
725 2625 847 2691 noster,
871 2625 904 2677 et
921 2624 1033 2698 postea
1058 2617 1203 2678 Domnus
1233 2623 1266 2675 et

125 2693 254 2776 genitor
277 2705 388 2756 noster
406 2698 547 2759 Karolus
570 2697 747 2778 Imperator
764 2699 859 2760 beato
882 2699 981 2760 Petro
1002 2698 1265 2781 Apostolospon·

123 2777 215 2837 tanea
232 2777 397 2839 voluntate
418 2781 639 2841 contulerunt.
681 2781 816 2842 Necnon
836 2789 868 2842 et
888 2791 1071 2842 consumet
1091 2780 1266 2864 pensiones

123 2880 181 2921 seu
198 2869 340 2921 caeteras
362 2861 552 2923 donationes
567 2883 650 2944 quae
671 2864 839 2925 annuatim
856 2863 889 2922 in
909 2863 1065 2944 palatium
1077 2863 1171 2946 Regis
1182 2865 1267 2924 Lon-¹

124 2941 340 3024 gobardorum
358 2943 475 3004 inferri
490 2943 648 3021 solebant,
675 2947 743 3008 sive
761 2947 800 3008 de
823 2941 940 3008 Tuscia
963 2946 1265 3028 Longobardorum,

124 3025 193 3086 sive
214 3025 254 3086 de
275 3025 395 3087 ducatu
413 3027 599 3109 Spoletano,
616 3027 700 3090 sicut
722 3028 756 3088 in
780 3028 1004 3111 suprascriptis
1036 3027 1267 3090 donationibus

124 3107 322 3186 continetur,
350 3119 383 3170 et
401 3109 488 3171 inter
506 3119 635 3172 sanctae
655 3111 828 3173 memoriae
857 3111 1058 3174 Hadrianum
1089 3112 1209 3194 Papam
1234 3121 1267 3172 et
1364 3107 1365 3116 ’

122 3192 288 3251 Domuum
305 3201 337 3252 et
358 3193 538 3274 genitorem
555 3203 701 3255 nostrum
718 3194 876 3256 Karolum
892 3195 1121 3275 Imperatorem
1143 3215 1267 3256 conve·

125 3272 183 3350 nit,
204 3275 335 3351 quando
351 3274 459 3335 eidem
469 3276 623 3338 Pontifici
638 3278 725 3338 idem
743 3277 783 3338 de
804 3275 998 3358 supradictis
1024 3275 1205 3354 ducatibus,
1232 3275 1266 3336 id

125 3365 182 3432 est,
201 3358 351 3418 Tuscano
369 3366 401 3418 et
419 3359 605 3440 Spoletano,
625 3381 701 3421 suae
723 3358 923 3422 auctoritatis
948 3380 1063 3442 praece
1087 3368 1157 3420 tum
1185 3382 1264 3421 con-

124 3437 276 3499 firmavit:
300 3460 338 3500 eo
361 3439 488 3502 seilicet
505 3443 612 3519 modo,
630 3453 667 3504 ut
683 3442 776 3502 annis
794 3441 931 3524 singulis
959 3381 1163 3524 supradictus
1185 3463 1265 3503 cen-

124 3543 178 3581 sus
194 3521 361 3582 Ecclesiae
379 3523 466 3584 beati
480 3525 570 3585 Petri
589 3524 735 3607 Apostoli
749 3526 964 3607 persolvatur,
979 3525 1067 3584 salva
1086 3546 1184 3607 super
1199 3545 1267 3586 eos-

126 3603 199 3662 dem
214 3603 347 3665 ducatus
359 3615 467 3666 nostra
482 3606 514 3666 in
530 3609 680 3670 omnibus
691 3607 924 3684 dominatione,
938 3617 970 3667 et
984 3605 1115 3668 illorum
1132 3605 1177 3686 ad
1190 3629 1265 3670 nos-

124 3693 206 3743 tram
220 3695 342 3766 partem
356 3689 569 3751 subiectione.
613 3694 798 3766 Caeterum,
817 3690 900 3752 siout
920 3689 1073 3766 dirimas,
1092 3689 1199 3750 urnniu
1216 3711 1267 3753 su·

125 3766 235 3848 parius
261 3769 424 3830 nominata
449 3771 491 3831 ita
511 3773 551 3833 ad
569 3783 710 3835 nostram
727 3782 850 3856 partem
867 3793 927 3854 per
949 3772 1011 3834 hoc
1033 3782 1162 3834 nostrae
1190 3795 1267 3833 con-

126 3848 316 3911 firmationis
337 3852 510 3915 ¹decretum
528 3854 727 3933 roboramus,
751 3866 787 3916 nt
813 3855 846 3914 in
878 3865 984 3916 vestro
1018 3865 1264 3938 vestrorumque

125 3953 346 3994 successorum
379 3947 591 4017 permaneant
611 3938 692 4015 inre,
719 3938 915 4021 principatu,
948 3948 1044 4018 atque
1070 3938 1206 4015 ditione,
1231 3946 1266 3996 ut

127 4036 233 4096 noque
256 4015 273 4075 d
294 4017 386 4078 nobis
409 4041 515 4100 neque
536 4019 553 4078 t
574 4020 650 4081 filiis
664 4031 695 4081 et
708 4021 947 4082 successoribus
967 4020 1267 4103 nostrisperqnod-

126 4097 206 4157 libet
232 4110 458 4180 argumentum
474 4103 542 4164 sive
571 4103 843 4164 machinationem
877 4103 908 4162 in
944 4099 1138 4186 qrracnnque
1176 4112 1265 4185 parte

126 4183 292 4242 minuatur
309 4193 413 4244 vestra
434 4194 582 4266 potestas,
612 4195 667 4246 ant
684 4187 772 4248 vobis
799 4187 838 4247 de
862 4187 1086 4268 suprascriptIs
1116 4185 1265 4246 omnibus

127 4264 180 4325 rcl
199 4266 659 4352 successoribu-svestrislinde
688 4268 813 4356 aliquid
842 4269 1058 4348 subtrahatur,
1083 4269 1122 4333 de
1152 4289 1266 4354 supra·
