2952 4988
336 368 369 422 s.
391 368 478 460 can.
577 335 982 433 ‘neounrnanconua
1086 369 1149 428 aaa,
1238 350 1309 428 197

168 504 309 570 sentens,
323 516 356 568 et
366 507 564 594 Episcopum
586 531 750 588 accusans,
768 518 802 572 et
816 513 876 574 suh
894 511 1054 575 velamine
1071 511 1211 594 quodam
1227 511 1311 574 cela-

167 593 195 652 ti
215 588 355 652 nominis
371 593 543 654 continens
559 595 612 654 vel
631 603 738 676 posset
767 595 819 656 vel
846 597 973 676 admitti
998 596 1038 656 ad
1071 595 1310 664 accusationem

169 675 323 743 deberet3
346 696 421 734 cum
441 676 503 736 hoc
523 677 656 737 omnino
673 677 835 738 etdivind
856 688 889 739 et
904 679 1045 740 humanat
1065 678 1136 758 lege
1151 678 1311 738 sancitum

168 762 225 838 sit,
246 757 330 818 nulli
351 757 524 820 criminoso
545 760 684 824 alterum
712 755 885 822 accusandi
910 762 980 838 dari
999 759 1177 838 licentiam,
1197 783 1311 842 quam-

166 863 267 926 quam
288 841 306 900 a
325 840 416 902 vobis
437 841 554 903 adhoc
577 843 730 903 defensus
748 853 779 903 et
796 853 1004 906 conservatus
1028 842 1070 904 sit
1094 843 1153 903 suh
1173 845 1312 904 obtentu
1348 911 1351 919 Δ

170 923 321 988 iussionis
337 923 478 984 nominis
498 925 622 996 nostri;
646 934 681 984 ut
696 926 754 1006 qui
769 926 833 986 iam
854 934 1022 988 accusatus
1038 933 1071 986 et
1096 924 1130 984 in
1157 946 1235 986 cons
1261 947 1313 988 ec·
1395 975 1396 980 1

169 1021 208 1072 tu
224 1007 337 1091 populi
354 1006 495 1084 civitatis
508 1029 584 1070 suae
607 1007 769 1071 iudicatus
784 1017 844 1088 est,
864 1007 1037 1072 accusandi
1062 1008 1172 1068 locum
1192 947 1257 1070 hal

170 1089 320 1154 Caesarei
352 1090 494 1151 nominis
518 1091 737 1174 appellatione
766 1091 909 1170 deberet,
944 1092 985 1152 ad
1009 1091 1196 1173 exemplum
1224 1089 1312 1152 beati

168 1173 264 1238 Pauli
284 1171 443 1254 Apostoli,
466 1173 522 1256 qui
542 1174 627 1255 apud
647 1175 816 1258 Principes
838 1175 975 1236 Iudaeae
998 1173 1144 1255 agente
1173 1195 1231 1235 sna
1246 1195 1313 1234 ac—

170 1260 310 1332 cusatus,
334 1256 480 1316 nondum
496 1256 668 1334 iudicatus,
688 1259 858 1322 Caesarem
870 1255 1055 1340 appellavit,
1067 1315 1069 1318 ,
1082 1265 1116 1315 et
1130 1256 1169 1316 ab
1191 1257 1313 1318 eisdem
1373 1263 1374 1270 ’

148 1337 376 1421 Principibus
391 1339 610 1400 adCaesarem
626 1340 820 1410 iudicandus
848 1340 1037 1420 missusest.
1112 1339 1177 1400 uod
1192 1361 1315 1421 nequa-

171 1445 269 1506 quam
292 1428 455 1503 praesenti
481 1422 807 1504 negotio‘convenit:
837 1423 958 1486 Paulus
980 1422 1068 1483 enim
1126 1421 1313 1506 postolusd

170 1503 303 1570 ludaeis
326 1511 504 1582 accusatus,
525 1505 663 1566 sednon
685 1503 859 1584 indicatus,
875 1505 1045 1567 Caesarem
1075 1505 1252 1594 appellavit
1280 1513 1313 1566 et

152 1589 261 1652 ,adire
282 1587 455 1666 permissus
473 1596 532 1648 est,
571 1587 631 1650 Hic
654 1609 732 1650 vero
751 1587 879 1650 infamis
905 1588 1054 1649 Clericus
1077 1597 1111 1649 et
1131 1598 1312 1664 accusatus,

108 1742 113 1758 Ι
172 1681 205 1734 et
222 1671 397 1747 iudicatus,
418 1677 452 1730 et
464 1669 499 1728 iri
523 1669 669 1731 custodia
683 1671 808 1750 missus,
827 1681 860 1734 et
877 1670 919 1732 de
940 1671 1085 1732 custodia
1102 1671 1240 1754 elapsus,
1254 1671 1312 1730 ba-

171 1753 308 1830 sil-icam,
329 1771 426 1834 quam
451 1753 513 1814 nisi
534 1761 608 1836 post
627 1753 865 1836 poenitentiam
891 1753 1019 1836 ingredi
1050 1775 1115 1818 non
1143 1755 1310 1830 debuerat,

172 1845 286 1899 contra
307 1835 414 1917 legem
429 1833 602 1916 ingressus,
622 1845 655 1898 et
678 1835 796 1914 adhuc,
821 1836 1002 1914 utfertur,
1027 1858 1178 1918 perverse
1203 1833 1313 1903 vivere

173 1941 240 1978 non
260 1933 410 1996 cessans,
448 1927 485 1978 ut
513 1919 631 1997 dicitis,
670 1919 756 1980 sicut
779 1921 900 1988 Paulas
932 1918 1104 2001 Apostolus
1142 1921 1314 1982 Caesarem

173 2001 367 2084 appellavit,
388 2000 445 2061 sed
489 2021 695 2084 nequaquam
732 2011 768 2062 ut
803 2003 926 2065 Paulus
963 2003 1132 2067 Caesarem
1166 2003 1313 2063 aditurus

173 2095 230 2146 est.
273 2083 329 2144 llli
358 2084 446 2144 enim
475 2087 689 2168 apud'quem
717 2095 895 2164 accusatus,
922 2093 956 2146 et
990 2085 1008 2144 a
1043 2107 1108 2173 quo
1137 2085 1312 2162 iudicatus,

127 2177 130 2190 '
173 2179 269 2248 atque
300 2167 333 2225 in
362 2167 508 2228 custodia
539 2167 653 2230 missus
683 2178 748 2246 est,
789 2177 822 2228 et
851 2169 891 2230 de
915 2165 1008 2229 cuius
1035 2167 1181 2232 custodia
1201 2167 1313 2242 evasit,

172 2249 390 2336 praecipimus
406 2259 443 2310 ut
463 2250 630 2328 reddatur,
647 2259 680 2311 et
699 2251 756 2312 ille
778 2250 915 2322 eumad
937 2259 1078 2310 nostram
1102 2250 1313 2328 audientiam,

174 2335 241 2396 sive
263 2353 339 2393 vera
355 2333 421 2395 sive
445 2333 524 2394 falsa
547 2333 721 2411 dicentem,
753 2333 908 2404 adducat;
938 2333 1017 2415 quia
1054 2355 1119 2394 non
1155 2333 1249 2406 decet
1278 2342 1315 2393 ut

174 2417 424 2500 proptertalem
438 2416 603 2476 hominem
622 2426 749 2478 nostrae
770 2415 892 2499 primae
913 2414 1062 2479 iussionis
1089 2416 1157 2475 ulla
1173 2417 1229 2476 liat
1250 2416 1338 2500 im-⁹

174 2497 319 2558 mutatio.
348 2499 413 2559 Sed
430 2507 464 2560 et
478 2500 571 2559 valde
588 2499 741 2559 miramur
757 2521 844 2581 quur
863 2499 953 2561 vohis
969 2498 1046 2558 solis
1067 2499 1171 2561 visum
1185 2500 1315 2561 sit'nos·
1353 2535 1356 2544 ι

175 2593 242 2644 trae
265 2581 465 2642 auctoritatis
485 2581 646 2642 sanctioni
664 2590 696 2642 et
724 2581 854 2648 decreto
881 2580 1150 2661 contraeundum,
1171 2605 1246 2644 cum
1266 2581 1311 2646 ‚li-

175 2665 276 2747 quido
295 2672 411 2748 pateat,
436 2673 523 2726 etex
548 2665 797 2736 consuetudinev
812 2663 915 2726 veteri
941 2673 975 2725 et
1002 2685 1043 2724 ex
1078 2665 1313 2726 constitutione
1383 2687 1401 2700 ¹¹

175 2749 286 2830 legum
301 2747 441 2808 alterum
454 2747 584 2810 decreta
607 2757 695 2810 recta
715 2769 782 2818 esse
802 2747 933 2826 debere,
950 2766 992 2811 ne
1015 2746 1168 2830 cuiquam
1182 2747 1316 2831 permis-

175 2853 247 2891 sum
266 2830 399 2890 illorum
414 2829 520 2891 edicta
541 2831 593 2893 vel
617 2840 734 2891 statuta
765 2840 984 2892 contemnere.
1024 2831 1066 2890 Et
1093 2830 1127 2890 in
1150 2829 1213 2891 hoc
1239 2830 1314 2899 satis

175 2915 292 2974 mirare
317 2913 522 2994 nequivimus
547 2913 636 2994 quod
673 2913 765 2974 illius
790 2912 940 2974 scelerati
968 2910 1110 2974 hominis
1151 2912 1314 2999 precibus,

175 3019 274 3080 qnam
292 3005 420 3058 nostrae
440 2996 638 3056 auctoritatis
659 2995 868 3074 iussionibus,
893 2997 1117 3078 obtemperare
1143 2995 1314 3072 maluistis,

175 3102 252 3142 cum
270 3101 357 3139 nunc
380 3078 554 3140 clarissime
575 3079 702 3160 liqueat
717 3101 791 3140 cum
812 3079 928 3140 euclem
947 3077 1079 3140 homine
1097 3100 1241 3144 amorem
1253 3079 1316 3148 dis÷

176 3161 318 3238 cordiae,
340 3170 372 3220 et
388 3161 575 3242 inruptione
609 3161 761 3240 caritatis,
793 3162 833 3222 de
858 3161 921 3222 hoc
941 3161 1028 3225 loco..
1046 3162 1150 3222 vetuit
1183 3161 1313 3244 egredi:

116 3272 119 3282 ¹
176 3246 238 3326 ipsi
255 3245 376 3326 quippe
403 3244 514 3322 nostis,
531 3244 587 3326 qai
609 3245 816 3328 congregatio
831 3242 929 3305 huius
953 3245 1140 3306 monasterii
1166 3265 1203 3304 ae
1229 3265 1315 3306 servi
1394 3267 1395 3270 ¹

175 3327 251 3402 Dei,
277 3336 311 3387 ct
327 3327 451 3386 utinam
464 3349 552 3403 vere,
576 3327 734 3405 dicimini,
752 3325 982 3408 qualiter-iam
1005 3323 1120 3392 crabro
1136 3328 1211 3414 ,vita
1238 3349 1312 3402 vcs-

113 3412 115 3416 ‘
176 3421 225 3468 tra
246 3409 388 3470 dinultis
414 3409 572 3470 diffamata
593 3421 654 3480 est3
679 3420 793 3470 elnon
815 3409 997 3491 absquere.
1025 3409 1212 3492 Aliquando
1225 3409 1314 3470 enim

175 3491 763 3573 Mouaohos,aliquan'doCanonicos,
783 3491 961 3574 aliquando
985 3501 1139 3552 neutrum
1163 3514 1218 3553 vos
1247 3511 1315 3575 esse
1363 3543 1364 3546 ,

178 3575 342 3636 dicebatis.
385 3576 428 3635 Et
447 3597 505 3636 nos
519 3576 722 3637 consulendo
741 3575 842 3651 vohis
858 3583 890 3635 et
908 3575 948 3636 ad
963 3575 1080 3634 malam
1101 3576 1216 3634 tamam
1236 3574 1335 3637 abor
1388 3645 1390 3648 Ι

96 3664 99 3668 ’
177 3657 319 3734 leudam,
335 3657 523 3740 magistrum
542 3669 574 3720 et
594 3667 754 3720 rectorem
773 3658 929 3720 idoneum
944 3656 1034 3717 vohis
1053 3657 1221 3739 elegimus,
1235 3656 1315 3717 etde

178 3739 366 3822 longinquis
381 3741 559 3824 provinciis
577 3741 793 3819 invitavimus,
806 3741 864 3822 qui
881 3749 914 3802 et
934 3740 1038 3801 verbis
1063 3749 1095 3800 et
1119 3738 1316 3811 admonitio-

179 3822 409 3884 nibusrectam
424 3823 521 3886 vitam
545 3825 718 3902 instruere,
741 3833 774 3886 et
800 3823 877 3905 quia
902 3823 1074 3906 religiosus
1106 3831 1185 3898 erat,
1210 3822 1315 3881 bonae

177 3907 436 3973 conversationis,
446 3907 596 3989 exemplo
614 3906 771 3990 potuisset
795 3906 982 3966 informare.
996 3963 1000 3971 ,
1015 3905 1090 3983 Sed,
1107 3901 1315 3986 prohdolor!
1342 3975 1344 3988 Ι

176 3989 331 4054 aliorsum
353 4000 470 4054 cunc-ta
490 4011 645 4068 conversa
670 3999 758 4066 sunt,
780 3997 811 4049 et
826 3987 973 4050 diabolus
998 4010 1054 4060 vos
1078 3987 1172 4071 quasi
1202 3985 1317 4050 minis}

177 4079 245 4132 tros
259 4093 333 4134 suos
359 4072 399 4150 ad
415 4071 638 4140 seminandam
658 4071 853 4132 discordiam
875 4069 964 4132 inter
984 4092 1065 4154 quos
1096 4069 1230 4132 minime
1256 4070 1316 4130 de·

177 4154 281 4230 cehat,
297 4154 435 4230 invenit,
453 4155 579 4216 scilicet
597 4155 685 4216 inter-
704 4154 866 4236 sapientes
898 4162 930 4215 et
954 4153 1101 4215 doctores
1124 4151 1314 4220 Ecclesiae;
1354 4229 1356 4232 Ι

178 4245 211 4297 et
230 4235 288 4317 qui
302 4247 475 4318 peccantes
498 4237 661 4320 corrigere
678 4245 711 4298 et
734 4235 889 4318 castigare
918 4235 1114 4313 debuerunt,
1142 4235 1256 4318 cogitis
1277 4231 1318 4292 ad
1361 4258 1362 4261 ¹

84 4368 87 4379 .
177 4327 346 4402 peccatum
366 4319 507 4399 invidiae
538 4329 635 4404 atque
666 4313 856 4382 iracundiae
884 4339 1105 4404 prorumpere.
1161 4318 1226 4382 Sed
1254 4315 1317 4395 illi,

568 4451 574 4470 v

575 4476 592 4506 Ns

1258 1029 1313 1070 ere
1378 1057 1380 1064 Α
