2928 4986
264 302 407 362 ι..ιιιιι
510 299 650 361 uaoun
674 300 914 362 eanncoauu
1015 299 1079 368 sto
1187 274 1261 352 sta

37 443 44 454 ”
114 461 181 525 per
199 440 273 507 illos
288 444 336 506 rei
353 443 472 508 veritas
489 441 632 506 inueniri
646 451 768 526 potest,
780 449 865 504 tunc
890 442 989 504 liceat
1004 407 1207 525 litigantibus
1220 461 1261 500 ex

61 541 70 556 ·
117 535 261 608 utraque
281 537 371 624 parte
396 536 494 588 testes
525 525 689 588 adhibere.
731 527 819 588 Et
794 549 821 590 ιι
843 525 1117 602 discordaverint,
1142 543 1261 584 secun·

117 607 202 670 dum
223 609 489 672 iustitutionem
482 609 501 668 d
526 609 619 672 nohis
639 600 874 692 promulgatam
894 609 1134 670 examinentur.

204 717 255 776 De
272 718 476 801 oppressione
492 735 692 798 pauperum,
713 713 903 794 viduarum,
928 729 959 776 et
971 679 1179 799 pupillorum

204 822 269 885 Ill
310 827 360 886 Dc
374 823 571 908 pauperibus
580 869 589 902 ,
611 823 734 902 viduis,
758 832 791 884 et
804 821 939 906 pupillis
953 831 1072 883 iniuste
1088 821 1260 906 oppressis,

116 913 160 968 ut
181 901 381 970 adiuventur
402 915 434 968 et
455 907 653 969 releventur.

287 1013 365 1074 De
352 1015 478 1074 iniustis
495 1012 775 1075 consuetudinibus
791 1013 918 1074 noviter
930 1013 1092 1072 institutis.

203 1120 260 1182 lv.
302 1122 352 1182 De
375 1121 505 1182 iniustis
523 1120 748 1182 occasionibus
770 1129 802 1180 et
824 1119 1113 1185 consuetudinibus
1134 1119 1262 1180 noviter

118 1201 295 1280 institutis,
318 1203 402 1266 sicut
415 1213 492 1266 sunt
505 1203 629 1265 tributa
647 1212 678 1264 et
698 1202 850 1265 telonei
841 1224 873 1260 ιιι
897 1201 1055 1263 media
1023 1225 1096 1278 vra,
1123 1201 1177 1266 uhi
1199 1224 1260 1263 nec

119 1307 223 1367 aqua,
246 1307 307 1346 uec
314 1289 432 1382 palus
453 1308 515 1348 nec
530 1308 631 1370 pons
658 1308 719 1350 nec
735 1285 860 1368 aliquid
876 1285 938 1346 tale
959 1285 1061 1344 fuant
1074 1285 1186 1350 unde
1178 1285 1260 1346 ruste

119 1389 242 1430 census
270 1368 370 1465 exigi
387 1369 506 1452 possit,
544 1371 597 1431 vel
625 1369 681 1429 ubi
711 1391 824 1435 naves
839 1367 951 1428 subtus
978 1377 1094 1449 pontes
1123 1369 1259 1431 transire

119 1450 249 1528 solent,
272 1449 396 1513 sivein
415 1451 523 1513 medio
539 1451 673 1514 flumme
698 1452 755 1514 ubi
774 1452 904 1513 nullum
919 1451 1123 1512 obstaculum
1139 1459 1204 1526 cst
1224 1459 1261 1510 ut

51 1586 57 1594 .
120 1533 324 1594 auferantur.
364 1533 527 1616 Antiquae
549 1545 658 1596 autem
679 1535 720 1596 ad
740 1545 882 1598 nostram
899 1533 1046 1594 notitiam
1061 1533 1260 1596 deserantur.
1351 1613 1354 1618 ἱ

479 1641 528 1700 De
546 1643 665 1702 honore
682 1640 909 1702 Ecclesiarum.
953 1697 956 1702 ,
1067 1700 1073 1710 ,

206 1743 247 1811 V.
289 1747 338 1807 De
354 1745 480 1806 honore
495 1746 733 1824 Ecclesiamm
754 1755 791 1810 ut
805 1767 877 1826 per
883 1763 990 1816 omnia
1006 1767 1052 1806 ers
1067 1743 1261 1805 exhiheatur

31 1841 32 1846 ’
121 1827 206 1890 sicut
221 1850 326 1910 nuper
347 1827 472 1890 lnobis
492 1850 566 1890 cum
582 1851 743 1891 consensu
758 1828 902 1889 omnium
915 1817 1062 1924 lidelium
1076 1837 1261 1895 nostrorum

39 1983 44 1993 .
122 1912 334 1972 constitutum
356 1919 412 1973 est.
453 1911 495 1971 Et
518 1922 554 1972 ut
570 1912 633 1974 hoe
651 1911 740 1974 Missi
757 1912 859 1973 nostri
876 1907 1050 1976 omnibus
1042 1932 1075 1971 111
1097 1933 1153 1972 sua
1150 1911 1260 1994 lega-

37 2067 40 2075 Ι
121 1994 215 2056 tione
232 1995 416 2057 constitutis
434 2004 548 2056 uotum
566 1995 716 2057 efficiant.

512 2101 562 2164 Dc
582 2104 674 2163 nonis
692 2113 722 2160 et
739 2100 880 2162 decimis.
1004 2175 1009 2190 .

206 2208 263 2272 VI.
305 2210 354 2270 Dc
374 2208 469 2270 nouis
488 2218 521 2272 et
544 2209 698 2288 decimis,
725 2218 761 2270 ut
774 2207 962 2271 *secundina
987 2209 1163 2272 iussionem
1183 2228 1260 2272 nos-

30 2333 32 2338 ·
120 2297 206 2352 tram
228 2291 355 2352 dentur.

226 2399 276 2457 De
294 2397 373 2458 locis
396 2394 512 2458 dandis
534 2396 580 2458 od
598 2397 737 2458 claustra
754 2395 984 2458 canonicorum
991 2395 1159 2478 facienda.
1230 2419 1233 2424 ·
1264 2409 1268 2415 ’

207 2503 284 2567 Vll.
326 2506 376 2565 De
396 2505 475 2566 locis
498 2505 613 2568 dandis
631 2505 671 2566 ad
687 2507 826 2568 claustra
847 2503 1086 2566 Canonieorum
1100 2503 1259 2582 facienda,

124 2587 280 2663 si-(terra
299 2591 338 2669 q)
359 2586 399 2648 de
422 2587 568 2650 eiusdem
589 2589 755 2650 Ecclesiae
776 2587 872 2649 rebus
891 2586 1009 2663 fuerit,
1032 2587 1187 2658 reddatur
1204 2587 1256 2647 ibi.

30 2687 40 2696 ²
125 2669 160 2732 Si
187 2669 226 2730 de
251 2669 384 2730 alterius
404 2669 570 2732 Ecclesiae
592 2671 645 2733 vel
667 2671 846 2732 liberorum
867 2669 1056 2747 bominum,
1082 2679 1263 2731 commute-

124 2763 188 2814 tur.
229 2751 398 2896 ditauoem
420 2753 460 2814 de
487 2752 565 2817 fisco
589 2763 700 2817 nostro
729 2754 847 2833 fuerit,
878 2755 987 2817 nostra
1008 2753 1202 2816 liberalitate
1225 2762 1265 2828 r)

125 2855 226 2898 conce
251 2856 332 2895 aur.

290 2941 339 2999 De
356 2941 578 3004 observatione
596 2927 838 3027 praeceptorum
858 2942 1101 3006 dominicorum.
1147 2981 1149 2986 ,

206 3047 297 3109 VllI.
337 3049 386 3108 Dc
409 3048 634 3110 observatione
660 3059 908 3146 praeceptorum
933 3059 1118 3110 nostrornm
1142 3059 1174 3109 ct
1193 3049 1263 3108 im-

125 3129 338 3209 munitatum,
365 3137 403 3190 ut
424 3131 468 3192 ita
499 3132 713 3194 observentur
734 3152 749 3190 s
749 3135 770 3204 )
789 3131 873 3195 sicut
899 3132 917 3192 l
942 3133 1035 3194 nohis
1054 3141 1085 3194 et
1107 3131 1146 3192 ab
1170 3141 1264 3194 antc-

126 3211 306 3286 cessoribus
327 3213 445 3276 nostris
464 3215 676 3276 constitutum
696 3223 752 3276 est.

166 3319 284 3382 Deliis
307 3323 363 3406 qni
390 3343 452 3407 per
474 3327 672 3412 occasionem
701 3323 909 3384 immunitatis
936 3321 1090 3383 rastitium
1106 3319 1226 3404 fucere

618 3417 762 3466 renuunt.

206 3506 267 3571 IX.
307 3512 358 3572 De
384 3509 435 3572 his
461 3510 519 3593 qui
548 3531 608 3594 per
634 3511 838 3574 occasionem
868 3511 1079 3574 immunitatis
1108 3505 1266 3578 iustitiam

126 3590 424 3734 {aceretrcnuunn
453 3604 490 3656 ut
516 3593 579 3656 hoo
607 3595 800 3658 observetur
822 3594 912 3678 quod
941 3595 960 3654 sl
985 3589 1078 3658 nobis
1104 3593 1265 3656 eonstitu-

141 3693 195 3733 um
212 3693 244 3735 es

193 3780 243 3839 Dc
264 3779 342 3842 locis
361 3781 547 3842 iamdudum
568 3785 690 3855 sacris,
715 3796 745 3843 et
767 3803 847 3844 nunc
871 3785 1026 3867 spurcitia
1013 3779 1194 3864 ‘foedatis

206 3888 246 3946 X.
287 3890 337 3950 Dc
357 3889 436 3949 locis
451 3888 640 3950 iamdudum
654 3889 768 3967 sacris,
790 3899 822 3950 et
842 3911 931 3950 nunc
947 3889 1103 3972 spurcitia
1117 3890 1267 3970 foedatis,

127 3977 161 4030 ut
178 3969 268 4030 iuxta
288 3970 564 4054 possibilitatem
556 3993 590 4034 ιιι
613 3973 785 4055 antiquum
801 3981 918 4035 statum
938 3975 1168 4036 reformentur.
1218 4021 1221 4030 ,

130 4111 370 4131 ...ιιι-ιιι.-

162 4189 194 4254 q)
212 4183 325 4236 Deest
317 4201 346 4235 ιιι
362 4185 399 4240 al.
415 4201 505 4237 mss.
757 4191 793 4251 s)
809 4185 844 4242 a'l.
863 4204 912 4244 ms.
933 4187 1104 4242 observetur.

160 4253 249 4320 rjai.
268 4272 330 4314 mss.
346 4255 483 4310 libertate.
