2928 4986
263 367 406 425 ncne.
513 361 905 422 usounraaucouun
953 414 956 421 .
1010 361 1073 419 sn.
1168 339 1242 414 321

446 505 495 567 De
513 505 703 566 dormitorio
730 506 896 588 hospitum.

187 611 313 676 LVIII.
356 615 399 674 Ut
429 605 664 672 dormitorium'
690 611 780 671 iuxta
811 610 988 671 oratorium
1017 608 1245 690 constituatur,

98 695 162 756 ubi
188 696 456 780 supervenientes
483 690 635 757 Monachi
656 692 827 755 dormiant.
918 725 920 731 ·

100 826 364 906 vastitatibus,
385 837 420 887 ut
438 845 543 887 secum
558 825 735 968 bgonacclpos
753 827 787 886 in
805 827 916 886 itinere
935 848 999 889 nora
1020 826 1085 888 nisi
1109 823 1154 886 ad
1168 845 1245 904 syn·

557 929 576 970 ο
602 929 655 968 um
697 921 799 970 noant.

188 1017 271 1076 LIX.
314 984 509 1076 lJtAbbntes
525 1019 548 1092 t)
572 1011 749 1075 Monachus
771 1035 881 1075 secum
900 1014 933 1072 in
958 1013 1095 1094 itinere,
1122 1015 1184 1078 nisi
1205 1015 1247 1077 ed

101 1099 293 1183 generalem
310 1098 472 1182 synodum
487 1103 529 1176 u),
558 1118 624 1158 non
643 1095 772 1158 ducant.
846 1157 847 1161 ,

145 1234 197 1294 De
213 1231 337 1293 duobus
352 1232 450 1311 signis
472 1228 517 1290 ad
531 1231 668 1307 tertiam,
687 1241 824 1300 sextam,
848 1239 879 1288 et
898 1249 1011 1290 nonam
1026 1229 1205 1315 pulsandis.

187 1339 255 1399 LX.
296 1339 339 1398 ut
362 1337 427 1397 duo
449 1345 577 1398 tautum
594 1337 685 1420 signa
710 1336 750 1397 ad
765 1335 912 1413 tertiam,
939 1345 1081 1416 sextam,
1115 1359 1248 1399 nonam·

101 1442 171 1504 que
197 1421 380 1504 pulsentur.

102 1531 163 1592 De
181 1527 361 1599 Monacbis,
385 1539 420 1586 ut
436 1509 769 1666 discensutasflleltappas
790 1548 853 1588 non
872 1527 1018 1601 babeant,
1041 1530 1105 1589 nisi
1123 1528 1247 1591 tantiam
1312 1555 1313 1564 ¹

605 1630 638 1667 vr
667 1629 748 1669 osas.

104 1798 127 1859 h
148 1798 171 1858 b
191 1713 281 1858 Llil.
324 1717 368 1776 Ut
394 1712 546 1774 Monachi
573 1733 688 1796 cappas
716 1715 852 1778 dissutas
879 1683 1008 1802 praetbr
1028 1717 1158 1779 villosus
1180 1739 1246 1780 non

131 1821 149 1859 a
174 1819 258 1859 ean.

105 1905 158 1964 De
173 1904 346 1966 Abbatibus
371 1916 399 1963 et
422 1903 618 1984 Praepositis
643 1917 736 1987 atque
756 1904 916 1976 Decanis,
944 1920 979 1966 ut
998 1909 1248 1973 benedictionem

272 1987 442 2047 lectoribus
464 1985 617 2056 tribuant,
640 1985 716 2046 ticet
734 1986 917 2064 Presbyteri
929 2011 992 2050 non
1008 1995 1079 2054 sint.

190 2089 299 2154 LXII.¹
343 2095 386 2153 Ut
409 2091 532 2170 Abbas,
564 2091 792 2174 Praepositae,
824 2095 877 2154 vel
904 2093 1072 2177 Decanus‚
1100 2098 1247 2182 quamvis

106 2175 293 2260 Presbyteri
317 2197 383 2236 non
400 2175 477 2254 sint,
503 2174 693 2237 Lectoribus
711 2175 976 2240 benedictionem
997 2181 1149 2244 tribuent.

112 2307 156 2370 Ut
184 2306 200 2368 ὲ
220 2305 380 2389 fratribus
401 2306 490 2370 docti
508 2306 666 2449 eligaptur
688 2309 744 2390 qui
764 2311 1058 2391 superuenientibus
1077 2311 1246 2378 Monacbis

603 2402 767 2472 oqrtantur.

188 2498 305 2560 LXIII.
347 2501 390 2560 Ut
405 2497 492 2561 docti
507 2497 621 2560 iratres
640 2497 805 2582 eligantur
819 2497 876 2582 qui
890 2519 965 2560 cnm
979 2502 1248 2584 (supervenienti-

106 2583 168 2643 bus
188 2580 355 2643 Monachis
374 2587 408 2660 u)
430 2582 616 2665 loquantur.

107 2691 156 2750 De
177 2691 298 2750 incerto
311 2684 406 2769 furto
429 2701 463 2749 ut
482 2690 586 2751 oratio
609 2701 641 2750 ct
666 2693 949 2752 excommunicatio
963 2689 1052 2776 fiat,
1086 2715 1248 2779 quousque

354 2773 410 2856 qui
430 2773 598 2856 culpabilis
623 2774 752 2850 existit,
775 2773 1002 2854 manifestetur.

188 2880 303 2943 LXIV.
345 2879 389 2940 Ut
408 2877 448 2940 de
467 2879 556 2940 furto
572 2878 697 2941 incerto
715 2879 818 2939 oratio
840 2879 987 2959 primdm,
1010 2889 1042 2942 et
1060 2885 1170 2966 posted
1187 2906 1244 2946 ex-

109 2961 357 3028 communicatio
384 2962 402 3022 d
427 2982 561 3044 corpore
583 2971 615 3024 et
639 2960 798 3044 sanguine
822 2962 944 3026 Christi
972 2963 1042 3044 liat,
1074 2988 1244 3052 quousque

109 3047 279 3133 culpabilis
300 3043 503 3107 confiteatur.

108 3159 155 3218 De
175 3153 335 3216 Monaebo
356 3153 412 3235 qui
425 3149 580 3212 adversds
601 3153 795 3294 Mopacbum
814 3154 911 3214 alium
931 3157 1144 3222 testimonium
1161 3179 1242 3244 pro.

624 3247 656 3294 tu
671 3248 741 3295 erat.
779 3264 781 3268 ¹

187 3343 285 3406 LXV.
328 3343 372 3402 Ut
394 3339 421 3401 si
446 3339 547 3400 frater
571 3339 722 3402 adversus
742 3342 873 3402 fratrem
896 3363 955 3423 pro
980 3342 1126 3424 qualibet
1148 3348 1243 3431 culpa

109 3425 327 3490 testimonium
343 3422 529 3508 protulerit,
556 3422 649 3482 fratri
671 3423 858 3505 perfectiori
876 3425 1036 3486 credatur.

129 3557 175 3615 Dc
188 3555 312 3639 psalmo
328 3553 515 3614 invitatorio
533 3564 563 3612 et
581 3551 693 3613 Gloria
709 3573 770 3636 pro
785 3531 946 3633 defunctis
966 3578 1029 3618 non
1045 3560 1220 3622 cantandis.

186 3660 301 3724 LXVI.
342 3661 386 3719 Ut
410 3657 551 3740 psalmus
572 3658 779 3721 in'vitatorius
808 3669 839 3720 et
867 3660 979 3736 Gloria
999 3685 1058 3747 pro
1079 3663 1242 3731 defunctis

110 3765 172 3807 non
196 3750 353 3804 cantetur.

297 3849 347 3907 De
369 3847 507 3919 lectore,
531 3855 565 3905 ut
582 3857 668 3908 stans
687 3845 936 3910 benedictionem
955 3864 1054 3934 petat.
1086 3915 1088 3918 ,
1158 3919 1160 3924 ¹

185 3953 317 4017 vatt.
359 3954 402 4014 Ut
423 3952 527 4013 lector
545 3949 658 4012 stando
676 3956 721 4026 w)
742 3951 1005 4019 benedictionem
1026 3961 1178 4041 postulet.

110 4115 335 4137 ff

142 4217 170 4278 t)
188 4210 222 4262 al.
241 4225 300 4259 mss.
327 4205 467 4257 Canonica'
487 4203 612 4256 Abbates.
731 4209 768 4269 v)
786 4205 820 4256 al.
839 4223 884 4258 ms.
903 4207 1063 4278 hospitibus.

141 4289 172 4349 ¹⁴)
189 4281 223 4334 ll·
243 4296 289 4331 ¹¹¹⁸·
313 4276 442 4347 gemme
469 4273 610 4346 placium·
730 4281 770 4342 W)
786 4277 819 4328 al·
838 4293 885 4329 ms.
909 4290 985 4331 stans
999 4278 1166 4338 humiliatus.

897 4381 983 4500 21!
