<?xml version="1.0" encoding="UTF-8"?>
<!DOCTYPE html PUBLIC "-//W3C//DTD XHTML 1.0 Transitional//EN"
    "http://www.w3.org/TR/xhtml1/DTD/xhtml1-transitional.dtd">
<html xmlns="http://www.w3.org/1999/xhtml" xml:lang="en" lang="en">
 <head>
  <title>
</title>
<meta http-equiv="Content-Type" content="text/html;charset=utf-8" />
  <meta name='ocr-system' content='tesseract 3.04.00' />
  <meta name='ocr-capabilities' content='ocr_page ocr_carea ocr_par ocr_line ocrx_word'/>
</head>
<body>
  <div class='ocr_page' id='page_1' title='image "./corpusiurisgerm05visigoog_0232.png"; bbox 0 0 2952 4988; ppageno 0'>
   <div class='ocr_carea' id='block_1_1' title="bbox 293 326 1298 418">
    <p class='ocr_par' dir='ltr' id='par_1_1' title="bbox 293 326 1298 418">
     <span class='ocr_line' id='line_1_1' title="bbox 293 326 1298 418; baseline -0.012 -6"><span class='ocrx_word' id='word_1_1' title='bbox 293 353 436 417; x_wconf 74' lang='lat' dir='ltr'><strong>sena.</strong></span> <span class='ocrx_word' id='word_1_2' title='bbox 514 342 678 414; x_wconf 68' lang='lat' dir='ltr'><strong>arcun</strong></span> <span class='ocrx_word' id='word_1_3' title='bbox 708 351 946 418; x_wconf 80' lang='lat' dir='ltr'><strong>saaucoauu</strong></span> <span class='ocrx_word' id='word_1_4' title='bbox 1053 349 1119 408; x_wconf 84' lang='lat' dir='ltr'><strong>sco.</strong></span> <span class='ocrx_word' id='word_1_5' title='bbox 1224 326 1298 404; x_wconf 83' lang='lat'><strong>219</strong></span> 
     </span>
    </p>
   </div>
   <div class='ocr_carea' id='block_1_2' title="bbox 81 488 1362 4392">
    <p class='ocr_par' dir='ltr' id='par_1_2' title="bbox 81 488 1302 1903">
     <span class='ocr_line' id='line_1_2' title="bbox 159 488 1300 580; baseline -0.006 -19"><span class='ocrx_word' id='word_1_6' title='bbox 159 521 254 562; x_wconf 87' lang='lat' dir='ltr'><strong>causa</strong></span> <span class='ocrx_word' id='word_1_7' title='bbox 271 496 448 560; x_wconf 89' lang='lat' dir='ltr'><strong>cuiuslibet</strong></span> <span class='ocrx_word' id='word_1_8' title='bbox 466 493 593 578; x_wconf 83' lang='lat' dir='ltr'><strong>generis</strong></span> <span class='ocrx_word' id='word_1_9' title='bbox 606 493 716 580; x_wconf 80' lang='lat' dir='ltr'><strong>pugna</strong></span> <span class='ocrx_word' id='word_1_10' title='bbox 737 495 790 558; x_wconf 88' lang='lat' dir='ltr'><strong>vel</strong></span> <span class='ocrx_word' id='word_1_11' title='bbox 806 514 945 576; x_wconf 87' lang='lat' dir='ltr'><strong>campus.</strong></span> <span class='ocrx_word' id='word_1_12' title='bbox 964 489 1003 552; x_wconf 88' lang='lat' dir='ltr'><strong>ad</strong></span> <span class='ocrx_word' id='word_1_13' title='bbox 1021 488 1300 555; x_wconf 78' lang='lat' dir='ltr'><strong>&#39;examinationem</strong></span> 
     </span>
     <span class='ocr_line' id='line_1_3' title="bbox 157 574 1300 659; baseline -0.006 -16"><span class='ocrx_word' id='word_1_14' title='bbox 157 583 353 653; x_wconf 66' lang='lat' dir='ltr'><strong>iudicetur.,;</strong></span> <span class='ocrx_word' id='word_1_15' title='bbox 376 580 411 642; x_wconf 87' lang='lat' dir='ltr'><strong>si</strong></span> <span class='ocrx_word' id='word_1_16' title='bbox 430 599 507 644; x_wconf 87' lang='lat' dir='ltr'><strong>vero</strong></span> <span class='ocrx_word' id='word_1_17' title='bbox 522 575 662 659; x_wconf 77' lang='lat' dir='ltr'><strong>quilibet</strong></span> <span class='ocrx_word' id='word_1_18' title='bbox 684 579 781 641; x_wconf 91' lang='lat' dir='ltr'><strong>homo</strong></span> <span class='ocrx_word' id='word_1_19' title='bbox 800 579 839 640; x_wconf 89' lang='lat' dir='ltr'><strong>de</strong></span> <span class='ocrx_word' id='word_1_20' title='bbox 861 597 927 637; x_wconf 92' lang='lat' dir='ltr'><strong>uno</strong></span> <span class='ocrx_word' id='word_1_21' title='bbox 949 595 1051 656; x_wconf 83' lang='lat' dir='ltr'><strong>regno</strong></span> <span class='ocrx_word' id='word_1_22' title='bbox 1071 574 1237 636; x_wconf 89' lang='lat' dir='ltr'><strong>hominem</strong></span> <span class='ocrx_word' id='word_1_23' title='bbox 1257 576 1300 636; x_wconf 87' lang='lat' dir='ltr'><strong>de</strong></span> 
     </span>
     <span class='ocr_line' id='line_1_4' title="bbox 158 656 1301 746; baseline -0.006 -20"><span class='ocrx_word' id='word_1_24' title='bbox 158 666 262 728; x_wconf 88' lang='lat' dir='ltr'><strong>altero</strong></span> <span class='ocrx_word' id='word_1_25' title='bbox 283 683 388 746; x_wconf 81' lang='lat' dir='ltr'><strong>regno</strong></span> <span class='ocrx_word' id='word_1_26' title='bbox 411 661 451 724; x_wconf 90' lang='lat' dir='ltr'><strong>de</strong></span> <span class='ocrx_word' id='word_1_27' title='bbox 479 659 670 722; x_wconf 86' lang='lat' dir='ltr'><strong>infidelitate</strong></span> <span class='ocrx_word' id='word_1_28' title='bbox 694 669 806 722; x_wconf 88' lang='lat' dir='ltr'><strong>contra</strong></span> <span class='ocrx_word' id='word_1_29' title='bbox 833 661 966 720; x_wconf 86' lang='lat' dir='ltr'><strong>fratrem</strong></span> <span class='ocrx_word' id='word_1_30' title='bbox 995 656 1117 718; x_wconf 89' lang='lat' dir='ltr'><strong>domini</strong></span> <span class='ocrx_word' id='word_1_31' title='bbox 1139 658 1189 718; x_wconf 90' lang='lat' dir='ltr'><strong>sui</strong></span> <span class='ocrx_word' id='word_1_32' title='bbox 1213 659 1301 742; x_wconf 89' lang='lat' dir='ltr'><strong>apud</strong></span> 
     </span>
     <span class='ocr_line' id='line_1_5' title="bbox 144 739 1300 821; baseline -0.007 -12"><span class='ocrx_word' id='word_1_33' title='bbox 144 748 329 810; x_wconf 63' lang='lat' dir='ltr'><strong>&#39;dominum</strong></span> <span class='ocrx_word' id='word_1_34' title='bbox 349 745 443 806; x_wconf 85' lang='lat' dir='ltr'><strong>suum</strong></span> <span class='ocrx_word' id='word_1_35' title='bbox 464 744 673 821; x_wconf 80' lang='lat' dir='ltr'><strong>accusaverit,</strong></span> <span class='ocrx_word' id='word_1_36' title='bbox 696 744 800 803; x_wconf 89' lang='lat' dir='ltr'><strong>mittat</strong></span> <span class='ocrx_word' id='word_1_37' title='bbox 823 764 898 803; x_wconf 91' lang='lat' dir='ltr'><strong>eum</strong></span> <span class='ocrx_word' id='word_1_38' title='bbox 916 739 1067 800; x_wconf 88' lang='lat' dir='ltr'><strong>dominus</strong></span> <span class='ocrx_word' id='word_1_39' title='bbox 1081 762 1158 800; x_wconf 91' lang='lat' dir='ltr'><strong>suus</strong></span> <span class='ocrx_word' id='word_1_40' title='bbox 1175 740 1216 801; x_wconf 91' lang='lat' dir='ltr'><strong>ad</strong></span> <span class='ocrx_word' id='word_1_41' title='bbox 1232 743 1300 801; x_wconf 85' lang='lat' dir='ltr'><strong>fra-</strong></span> 
     </span>
     <span class='ocr_line' id='line_1_6' title="bbox 160 821 1256 910; baseline -0.008 -17"><span class='ocrx_word' id='word_1_42' title='bbox 160 839 244 893; x_wconf 84' lang='lat' dir='ltr'><strong>trem</strong></span> <span class='ocrx_word' id='word_1_43' title='bbox 263 849 375 905; x_wconf 91' lang='lat' dir='ltr'><strong>suum,</strong></span> <span class='ocrx_word' id='word_1_44' title='bbox 397 835 433 886; x_wconf 93' lang='lat' dir='ltr'><strong>ut</strong></span> <span class='ocrx_word' id='word_1_45' title='bbox 455 825 502 885; x_wconf 87' lang='lat' dir='ltr'><strong>ibi</strong></span> <span class='ocrx_word' id='word_1_46' title='bbox 520 827 707 910; x_wconf 89' lang='lat' dir='ltr'><strong>comprobet</strong></span> <span class='ocrx_word' id='word_1_47' title='bbox 727 824 817 908; x_wconf 89' lang='lat' dir='ltr'><strong>quod</strong></span> <span class='ocrx_word' id='word_1_48' title='bbox 836 825 876 885; x_wconf 91' lang='lat' dir='ltr'><strong>de</strong></span> <span class='ocrx_word' id='word_1_49' title='bbox 900 822 1033 883; x_wconf 90' lang='lat' dir='ltr'><strong>homine</strong></span> <span class='ocrx_word' id='word_1_50' title='bbox 1055 821 1144 883; x_wconf 91' lang='lat' dir='ltr'><strong>illius</strong></span> <span class='ocrx_word' id='word_1_51' title='bbox 1163 821 1256 884; x_wconf 72' lang='lat' dir='ltr'><strong>dixit.</strong></span> 
     </span>
     <span class='ocr_line' id='line_1_7' title="bbox 81 905 1300 992; baseline -0.006 -16"><span class='ocrx_word' id='word_1_52' title='bbox 81 983 83 991; x_wconf 31' lang='lat'><strong>¹</strong></span> <span class='ocrx_word' id='word_1_53' title='bbox 243 913 315 976; x_wconf 86' lang='lat' dir='ltr'><strong>XV·</strong></span> <span class='ocrx_word' id='word_1_54' title='bbox 358 911 467 992; x_wconf 71' lang='lat' dir='ltr'><strong>Super,</strong></span> <span class='ocrx_word' id='word_1_55' title='bbox 484 909 572 969; x_wconf 90' lang='lat' dir='ltr'><strong>omni</strong></span> <span class='ocrx_word' id='word_1_56' title='bbox 595 918 703 970; x_wconf 87' lang='lat' dir='ltr'><strong>autem</strong></span> <span class='ocrx_word' id='word_1_57' title='bbox 724 907 871 968; x_wconf 89' lang='lat' dir='ltr'><strong>iubemus</strong></span> <span class='ocrx_word' id='word_1_58' title='bbox 901 915 998 986; x_wconf 88' lang='lat' dir='ltr'><strong>atque</strong></span> <span class='ocrx_word' id='word_1_59' title='bbox 1024 905 1241 988; x_wconf 89' lang='lat' dir='ltr'><strong>praecipimus</strong></span> <span class='ocrx_word' id='word_1_60' title='bbox 1263 914 1300 969; x_wconf 82' lang='lat' dir='ltr'><strong>ut</strong></span> 
     </span>
     <span class='ocr_line' id='line_1_8' title="bbox 158 987 1301 1092; baseline -0.005 -36"><span class='ocrx_word' id='word_1_61' title='bbox 158 994 222 1092; x_wconf 92' lang='lat' dir='ltr'><strong>ipsi</strong></span> <span class='ocrx_word' id='word_1_62' title='bbox 243 1004 310 1055; x_wconf 88' lang='lat' dir='ltr'><strong>tres</strong></span> <span class='ocrx_word' id='word_1_63' title='bbox 335 994 450 1053; x_wconf 82' lang='lat' dir='ltr'><strong>fratres</strong></span> <span class='ocrx_word' id='word_1_64' title='bbox 472 1013 584 1052; x_wconf 87' lang='lat' dir='ltr'><strong>curam</strong></span> <span class='ocrx_word' id='word_1_65' title='bbox 607 1001 639 1052; x_wconf 92' lang='lat' dir='ltr'><strong>et</strong></span> <span class='ocrx_word' id='word_1_66' title='bbox 664 990 889 1052; x_wconf 85' lang='lat' dir='ltr'><strong>defensionem</strong></span> <span class='ocrx_word' id='word_1_67' title='bbox 900 987 1067 1049; x_wconf 80' lang='lat' dir='ltr'><strong>Ecclesiae</strong></span> <span class='ocrx_word' id='word_1_68' title='bbox 1087 989 1190 1048; x_wconf 88' lang='lat' dir='ltr'><strong>sancti</strong></span> <span class='ocrx_word' id='word_1_69' title='bbox 1208 989 1301 1050; x_wconf 89' lang='lat' dir='ltr'><strong>Petri</strong></span> 
     </span>
     <span class='ocr_line' id='line_1_9' title="bbox 157 1071 1301 1159; baseline -0.008 -19"><span class='ocrx_word' id='word_1_70' title='bbox 157 1077 256 1141; x_wconf 80' lang='lat' dir='ltr'><strong>simul</strong></span> <span class='ocrx_word' id='word_1_71' title='bbox 273 1075 461 1159; x_wconf 87' lang='lat' dir='ltr'><strong>suscipiant,</strong></span> <span class='ocrx_word' id='word_1_72' title='bbox 480 1073 565 1136; x_wconf 82' lang='lat' dir='ltr'><strong>sicut</strong></span> <span class='ocrx_word' id='word_1_73' title='bbox 578 1074 742 1157; x_wconf 88' lang='lat' dir='ltr'><strong>quondam</strong></span> <span class='ocrx_word' id='word_1_74' title='bbox 759 1073 798 1134; x_wconf 89' lang='lat' dir='ltr'><strong>ab</strong></span> <span class='ocrx_word' id='word_1_75' title='bbox 816 1094 875 1133; x_wconf 86' lang='lat' dir='ltr'><strong>avo</strong></span> <span class='ocrx_word' id='word_1_76' title='bbox 896 1080 1006 1132; x_wconf 89' lang='lat' dir='ltr'><strong>nostro</strong></span> <span class='ocrx_word' id='word_1_77' title='bbox 1023 1071 1155 1148; x_wconf 89' lang='lat' dir='ltr'><strong>Karolo,</strong></span> <span class='ocrx_word' id='word_1_78' title='bbox 1170 1083 1211 1134; x_wconf 89' lang='lat' dir='ltr'><strong>&#39;et</strong></span> <span class='ocrx_word' id='word_1_79' title='bbox 1226 1073 1301 1133; x_wconf 90' lang='lat' dir='ltr'><strong>bea·</strong></span> 
     </span>
     <span class='ocr_line' id='line_1_10' title="bbox 158 1154 1301 1240; baseline -0.005 -18"><span class='ocrx_word' id='word_1_80' title='bbox 158 1170 211 1222; x_wconf 86' lang='lat' dir='ltr'><strong>tae</strong></span> <span class='ocrx_word' id='word_1_81' title='bbox 226 1158 400 1221; x_wconf 87' lang='lat' dir='ltr'><strong>memoriae</strong></span> <span class='ocrx_word' id='word_1_82' title='bbox 421 1157 567 1240; x_wconf 78' lang='lat' dir='ltr'><strong>genitore</strong></span> <span class='ocrx_word' id='word_1_83' title='bbox 587 1167 697 1219; x_wconf 88' lang='lat' dir='ltr'><strong>nostro</strong></span> <span class='ocrx_word' id='word_1_84' title='bbox 712 1157 749 1219; x_wconf 91' lang='lat' dir='ltr'><strong>Pi</strong></span> <span class='ocrx_word' id='word_1_85' title='bbox 774 1156 852 1240; x_wconf 90' lang='lat' dir='ltr'><strong>pino</strong></span> <span class='ocrx_word' id='word_1_86' title='bbox 870 1156 969 1236; x_wconf 80' lang='lat' dir='ltr'><strong>Rege,</strong></span> <span class='ocrx_word' id='word_1_87' title='bbox 981 1155 1060 1214; x_wconf 72' lang='lat' dir='ltr'><strong>&#39;eth</strong></span> <span class='ocrx_word' id='word_1_88' title='bbox 1081 1154 1174 1214; x_wconf 90' lang='lat' dir='ltr'><strong>nobis</strong></span> <span class='ocrx_word' id='word_1_89' title='bbox 1188 1156 1301 1236; x_wconf 74' lang='lat' dir='ltr'><strong>posted</strong></span> 
     </span>
     <span class='ocr_line' id='line_1_11' title="bbox 158 1179 1300 1325; baseline -0.005 -20"><span class='ocrx_word' id='word_1_90' title='bbox 158 1251 308 1325; x_wconf 86' lang='lat' dir='ltr'><strong>suscepta</strong></span> <span class='ocrx_word' id='word_1_91' title='bbox 325 1251 383 1320; x_wconf 89' lang='lat' dir='ltr'><strong>est,</strong></span> <span class='ocrx_word' id='word_1_92' title='bbox 406 1249 443 1300; x_wconf 90' lang='lat' dir='ltr'><strong>ut</strong></span> <span class='ocrx_word' id='word_1_93' title='bbox 463 1261 533 1300; x_wconf 90' lang='lat' dir='ltr'><strong>eam</strong></span> <span class='ocrx_word' id='word_1_94' title='bbox 553 1262 628 1301; x_wconf 91' lang='lat' dir='ltr'><strong>cum</strong></span> <span class='ocrx_word' id='word_1_95' title='bbox 643 1239 706 1302; x_wconf 91' lang='lat' dir='ltr'><strong>Dei</strong></span> <span class='ocrx_word' id='word_1_96' title='bbox 723 1179 884 1300; x_wconf 85' lang='lat' dir='ltr'><strong>adiutorio</strong></span> <span class='ocrx_word' id='word_1_97' title='bbox 901 1238 939 1297; x_wconf 91' lang='lat' dir='ltr'><strong>ab</strong></span> <span class='ocrx_word' id='word_1_98' title='bbox 958 1236 1103 1297; x_wconf 86' lang='lat' dir='ltr'><strong>hostibus</strong></span> <span class='ocrx_word' id='word_1_99' title='bbox 1122 1237 1300 1299; x_wconf 86' lang='lat' dir='ltr'><strong>defendere</strong></span> 
     </span>
     <span class='ocr_line' id='line_1_12' title="bbox 161 1319 1301 1405; baseline -0.007 -18"><span class='ocrx_word' id='word_1_100' title='bbox 161 1326 333 1403; x_wconf 87' lang='lat' dir='ltr'><strong>nitantur,</strong></span> <span class='ocrx_word' id='word_1_101' title='bbox 345 1332 379 1385; x_wconf 90' lang='lat' dir='ltr'><strong>et</strong></span> <span class='ocrx_word' id='word_1_102' title='bbox 398 1321 554 1384; x_wconf 89' lang='lat' dir='ltr'><strong>iustitiam</strong></span> <span class='ocrx_word' id='word_1_103' title='bbox 576 1345 675 1400; x_wconf 90' lang='lat' dir='ltr'><strong>suam,</strong></span> <span class='ocrx_word' id='word_1_104' title='bbox 699 1322 857 1405; x_wconf 84' lang='lat' dir='ltr'><strong>quantbm</strong></span> <span class='ocrx_word' id='word_1_105' title='bbox 872 1319 912 1381; x_wconf 88' lang='lat' dir='ltr'><strong>ad</strong></span> <span class='ocrx_word' id='word_1_106' title='bbox 933 1319 1016 1401; x_wconf 89' lang='lat' dir='ltr'><strong>ipsos</strong></span> <span class='ocrx_word' id='word_1_107' title='bbox 1036 1319 1178 1402; x_wconf 87' lang='lat' dir='ltr'><strong>pertinet</strong></span> <span class='ocrx_word' id='word_1_108' title='bbox 1201 1329 1233 1380; x_wconf 93' lang='lat' dir='ltr'><strong>et</strong></span> <span class='ocrx_word' id='word_1_109' title='bbox 1251 1342 1301 1379; x_wconf 91' lang='lat' dir='ltr'><strong>ra·</strong></span> 
     </span>
     <span class='ocr_line' id='line_1_13' title="bbox 160 1401 1301 1490; baseline -0.007 -19"><span class='ocrx_word' id='word_1_110' title='bbox 160 1409 207 1471; x_wconf 94' lang='lat' dir='ltr'><strong>tio</strong></span> <span class='ocrx_word' id='word_1_111' title='bbox 225 1405 451 1490; x_wconf 86' lang='lat' dir='ltr'><strong>postulaverit,</strong></span> <span class='ocrx_word' id='word_1_112' title='bbox 475 1404 594 1468; x_wconf 91' lang='lat' dir='ltr'><strong>habere</strong></span> <span class='ocrx_word' id='word_1_113' title='bbox 612 1407 744 1468; x_wconf 84' lang='lat' dir='ltr'><strong>faciant.</strong></span> <span class='ocrx_word' id='word_1_114' title='bbox 789 1403 948 1465; x_wconf 85' lang='lat' dir='ltr'><strong>Similiter</strong></span> <span class='ocrx_word' id='word_1_115' title='bbox 967 1411 1000 1464; x_wconf 90' lang='lat' dir='ltr'><strong>et</strong></span> <span class='ocrx_word' id='word_1_116' title='bbox 1021 1401 1060 1463; x_wconf 92' lang='lat' dir='ltr'><strong>de</strong></span> <span class='ocrx_word' id='word_1_117' title='bbox 1079 1403 1212 1464; x_wconf 90' lang='lat' dir='ltr'><strong>caeteris</strong></span> <span class='ocrx_word' id='word_1_118' title='bbox 1234 1404 1301 1463; x_wconf 89' lang='lat' dir='ltr'><strong>Ec-</strong></span> 
     </span>
     <span class='ocr_line' id='line_1_14' title="bbox 161 1479 1301 1572; baseline -0.008 -18"><span class='ocrx_word' id='word_1_119' title='bbox 161 1491 269 1554; x_wconf 88' lang='lat' dir='ltr'><strong>clesiis</strong></span> <span class='ocrx_word' id='word_1_120' title='bbox 296 1510 379 1572; x_wconf 89' lang='lat' dir='ltr'><strong>quae</strong></span> <span class='ocrx_word' id='word_1_121' title='bbox 409 1487 469 1550; x_wconf 90' lang='lat' dir='ltr'><strong>sub</strong></span> <span class='ocrx_word' id='word_1_122' title='bbox 498 1488 632 1549; x_wconf 88' lang='lat' dir='ltr'><strong>illorum</strong></span> <span class='ocrx_word' id='word_1_123' title='bbox 658 1489 782 1549; x_wconf 89' lang='lat' dir='ltr'><strong>fuerint</strong></span> <span class='ocrx_word' id='word_1_124' title='bbox 813 1493 991 1572; x_wconf 86' lang='lat' dir='ltr'><strong>potestate,</strong></span> <span class='ocrx_word' id='word_1_125' title='bbox 1019 1479 1301 1568; x_wconf 66' lang='lat' dir='ltr'><strong>praecipimus’ut</strong></span> 
     </span>
     <span class='ocr_line' id='line_1_15' title="bbox 160 1569 1302 1650; baseline -0.006 -15"><span class='ocrx_word' id='word_1_126' title='bbox 160 1573 316 1636; x_wconf 86' lang='lat' dir='ltr'><strong>iustitiam</strong></span> <span class='ocrx_word' id='word_1_127' title='bbox 337 1593 427 1632; x_wconf 88' lang='lat' dir='ltr'><strong>suum</strong></span> <span class='ocrx_word' id='word_1_128' title='bbox 442 1580 475 1632; x_wconf 87' lang='lat' dir='ltr'><strong>et</strong></span> <span class='ocrx_word' id='word_1_129' title='bbox 493 1570 652 1633; x_wconf 87' lang='lat' dir='ltr'><strong>honorem</strong></span> <span class='ocrx_word' id='word_1_130' title='bbox 667 1571 823 1649; x_wconf 86' lang='lat' dir='ltr'><strong>habeant,</strong></span> <span class='ocrx_word' id='word_1_131' title='bbox 858 1579 890 1630; x_wconf 90' lang='lat' dir='ltr'><strong>et</strong></span> <span class='ocrx_word' id='word_1_132' title='bbox 905 1570 1052 1630; x_wconf 89' lang='lat' dir='ltr'><strong>P-astores</strong></span> <span class='ocrx_word' id='word_1_133' title='bbox 1071 1577 1166 1650; x_wconf 90' lang='lat' dir='ltr'><strong>atque</strong></span> <span class='ocrx_word' id='word_1_134' title='bbox 1187 1569 1302 1629; x_wconf 91' lang='lat' dir='ltr'><strong>Recto-</strong></span> 
     </span>
     <span class='ocr_line' id='line_1_16' title="bbox 159 1650 1302 1736; baseline -0.005 -19"><span class='ocrx_word' id='word_1_135' title='bbox 159 1677 213 1720; x_wconf 83' lang='lat' dir='ltr'><strong>res</strong></span> <span class='ocrx_word' id='word_1_136' title='bbox 231 1653 468 1718; x_wconf 89' lang='lat' dir='ltr'><strong>venerabilium</strong></span> <span class='ocrx_word' id='word_1_137' title='bbox 487 1653 635 1720; x_wconf 86' lang='lat' dir='ltr'><strong>locorum</strong></span> <span class='ocrx_word' id='word_1_138' title='bbox 654 1653 796 1714; x_wconf 89' lang='lat' dir='ltr'><strong>habeant</strong></span> <span class='ocrx_word' id='word_1_139' title='bbox 812 1659 1005 1736; x_wconf 89' lang='lat' dir='ltr'><strong>potestatem</strong></span> <span class='ocrx_word' id='word_1_140' title='bbox 1025 1671 1237 1732; x_wconf 87' lang='lat' dir='ltr'><strong>rerumquae</strong></span> <span class='ocrx_word' id='word_1_141' title='bbox 1260 1650 1302 1711; x_wconf 86' lang='lat' dir='ltr'><strong>ad</strong></span> 
     </span>
     <span class='ocr_line' id='line_1_17' title="bbox 159 1725 1301 1821; baseline -0.004 -22"><span class='ocrx_word' id='word_1_142' title='bbox 159 1738 229 1821; x_wconf 88' lang='lat' dir='ltr'><strong>ipsa</strong></span> <span class='ocrx_word' id='word_1_143' title='bbox 242 1738 314 1799; x_wconf 90' lang='lat' dir='ltr'><strong>loca</strong></span> <span class='ocrx_word' id='word_1_144' title='bbox 332 1737 386 1818; x_wconf 89' lang='lat' dir='ltr'><strong>pia</strong></span> <span class='ocrx_word' id='word_1_145' title='bbox 406 1735 584 1818; x_wconf 88' lang='lat' dir='ltr'><strong>pertinent,</strong></span> <span class='ocrx_word' id='word_1_146' title='bbox 607 1739 640 1797; x_wconf 93' lang='lat' dir='ltr'><strong>in</strong></span> <span class='ocrx_word' id='word_1_147' title='bbox 665 1757 864 1820; x_wconf 90' lang='lat' dir='ltr'><strong>quocunque</strong></span> <span class='ocrx_word' id='word_1_148' title='bbox 885 1734 925 1795; x_wconf 89' lang='lat' dir='ltr'><strong>de</strong></span> <span class='ocrx_word' id='word_1_149' title='bbox 945 1733 997 1794; x_wconf 94' lang='lat' dir='ltr'><strong>his</strong></span> <span class='ocrx_word' id='word_1_150' title='bbox 1010 1733 1113 1794; x_wconf 88' lang='lat' dir='ltr'><strong>tribus</strong></span> <span class='ocrx_word' id='word_1_151' title='bbox 1131 1725 1241 1816; x_wconf 81' lang='lat' dir='ltr'><strong>reguis</strong></span> <span class='ocrx_word' id='word_1_152' title='bbox 1263 1733 1301 1794; x_wconf 93' lang='lat' dir='ltr'><strong>il·</strong></span> 
     </span>
     <span class='ocr_line' id='line_1_18' title="bbox 162 1819 904 1903; baseline -0.009 -19"><span class='ocrx_word' id='word_1_153' title='bbox 162 1821 270 1884; x_wconf 89' lang='lat' dir='ltr'><strong>larum</strong></span> <span class='ocrx_word' id='word_1_154' title='bbox 285 1819 506 1881; x_wconf 87' lang='lat' dir='ltr'><strong>Ecclesiarum</strong></span> <span class='ocrx_word' id='word_1_155' title='bbox 522 1821 740 1903; x_wconf 90' lang='lat' dir='ltr'><strong>possessiones</strong></span> <span class='ocrx_word' id='word_1_156' title='bbox 759 1819 904 1879; x_wconf 85' lang='lat' dir='ltr'><strong>fuerint.-</strong></span> 
     </span>
    </p>

    <p class='ocr_par' dir='ltr' id='par_1_3' title="bbox 244 1896 1302 1983">
     <span class='ocr_line' id='line_1_19' title="bbox 244 1896 1302 1983; baseline -0.009 -17"><span class='ocrx_word' id='word_1_157' title='bbox 244 1904 332 1966; x_wconf 88' lang='lat' dir='ltr'>XVI.</span> <span class='ocrx_word' id='word_1_158' title='bbox 374 1902 472 1979; x_wconf 88' lang='lat' dir='ltr'><strong>Quod</strong></span> <span class='ocrx_word' id='word_1_159' title='bbox 501 1903 528 1966; x_wconf 92' lang='lat' dir='ltr'><strong>si</strong></span> <span class='ocrx_word' id='word_1_160' title='bbox 557 1903 597 1964; x_wconf 93' lang='lat' dir='ltr'><strong>de</strong></span> <span class='ocrx_word' id='word_1_161' title='bbox 622 1903 673 1964; x_wconf 91' lang='lat' dir='ltr'><strong>his</strong></span> <span class='ocrx_word' id='word_1_162' title='bbox 698 1901 824 1964; x_wconf 86' lang='lat' dir='ltr'><strong>statutis</strong></span> <span class='ocrx_word' id='word_1_163' title='bbox 852 1910 949 1983; x_wconf 90' lang='lat' dir='ltr'><strong>atque</strong></span> <span class='ocrx_word' id='word_1_164' title='bbox 977 1896 1218 1963; x_wconf 88' lang='lat' dir='ltr'><strong>convenientiis</strong></span> <span class='ocrx_word' id='word_1_165' title='bbox 1243 1897 1302 1957; x_wconf 79' lang='lat' dir='ltr'><strong>ali-</strong></span> 
     </span>
    </p>

    <p class='ocr_par' dir='ltr' id='par_1_4' title="bbox 157 1980 1362 3136">
     <span class='ocr_line' id='line_1_20' title="bbox 157 1980 1302 2070; baseline -0.007 -23"><span class='ocrx_word' id='word_1_166' title='bbox 157 1985 241 2070; x_wconf 80' lang='lat' dir='ltr'><strong>&#39;quid</strong></span> <span class='ocrx_word' id='word_1_167' title='bbox 262 2007 337 2046; x_wconf 88' lang='lat' dir='ltr'><strong>casu</strong></span> <span class='ocrx_word' id='word_1_168' title='bbox 351 1985 509 2068; x_wconf 90' lang='lat' dir='ltr'><strong>quolibet,</strong></span> <span class='ocrx_word' id='word_1_169' title='bbox 529 1987 583 2048; x_wconf 90' lang='lat' dir='ltr'><strong>vel</strong></span> <span class='ocrx_word' id='word_1_170' title='bbox 602 1985 796 2068; x_wconf 69' lang='lat' dir='ltr'><strong>ignorantia,</strong></span> <span class='ocrx_word' id='word_1_171' title='bbox 816 1985 903 2066; x_wconf 92' lang='lat' dir='ltr'><strong>quod</strong></span> <span class='ocrx_word' id='word_1_172' title='bbox 920 2005 986 2045; x_wconf 90' lang='lat' dir='ltr'><strong>non</strong></span> <span class='ocrx_word' id='word_1_173' title='bbox 1004 1993 1166 2066; x_wconf 89' lang='lat' dir='ltr'><strong>optamus,</strong></span> <span class='ocrx_word' id='word_1_174' title='bbox 1199 1980 1302 2042; x_wconf 90' lang='lat' dir='ltr'><strong>fuerit</strong></span> 
     </span>
     <span class='ocr_line' id='line_1_21' title="bbox 161 2064 1302 2154; baseline -0.007 -24"><span class='ocrx_word' id='word_1_175' title='bbox 161 2069 342 2153; x_wconf 89' lang='lat' dir='ltr'><strong>irruptum,</strong></span> <span class='ocrx_word' id='word_1_176' title='bbox 370 2067 585 2152; x_wconf 89' lang='lat' dir='ltr'><strong>praecipimus</strong></span> <span class='ocrx_word' id='word_1_177' title='bbox 606 2079 643 2128; x_wconf 91' lang='lat' dir='ltr'><strong>ut</strong></span> <span class='ocrx_word' id='word_1_178' title='bbox 661 2069 757 2154; x_wconf 72' lang='lat' dir='ltr'><strong>quim</strong></span> <span class='ocrx_word' id='word_1_179' title='bbox 777 2067 928 2128; x_wconf 74' lang='lat' dir='ltr'><strong>citissime</strong></span> <span class='ocrx_word' id='word_1_180' title='bbox 945 2066 1125 2128; x_wconf 82' lang='lat' dir='ltr'><strong>secundbm</strong></span> <span class='ocrx_word' id='word_1_181' title='bbox 1146 2064 1302 2125; x_wconf 87' lang='lat' dir='ltr'><strong>iustitiam</strong></span> 
     </span>
     <span class='ocr_line' id='line_1_22' title="bbox 161 2147 1300 2238; baseline -0.008 -24"><span class='ocrx_word' id='word_1_182' title='bbox 161 2153 335 2214; x_wconf 89' lang='lat' dir='ltr'><strong>emendare</strong></span> <span class='ocrx_word' id='word_1_183' title='bbox 358 2151 526 2228; x_wconf 88' lang='lat' dir='ltr'><strong>studeant,</strong></span> <span class='ocrx_word' id='word_1_184' title='bbox 557 2173 598 2212; x_wconf 92' lang='lat' dir='ltr'><strong>ne</strong></span> <span class='ocrx_word' id='word_1_185' title='bbox 618 2152 702 2227; x_wconf 74' lang='lat' dir='ltr'><strong>forte</strong></span> <span class='ocrx_word' id='word_1_186' title='bbox 723 2159 858 2238; x_wconf 88' lang='lat' dir='ltr'><strong>propter</strong></span> <span class='ocrx_word' id='word_1_187' title='bbox 877 2149 1066 2211; x_wconf 83' lang='lat' dir='ltr'><strong>dilationem</strong></span> <span class='ocrx_word' id='word_1_188' title='bbox 1087 2147 1189 2210; x_wconf 90' lang='lat' dir='ltr'><strong>maius</strong></span> <span class='ocrx_word' id='word_1_189' title='bbox 1209 2147 1300 2208; x_wconf 86' lang='lat' dir='ltr'><strong>dum·</strong></span> 
     </span>
     <span class='ocr_line' id='line_1_23' title="bbox 163 2232 573 2318; baseline -0.002 -23"><span class='ocrx_word' id='word_1_190' title='bbox 163 2255 242 2296; x_wconf 88' lang='lat' dir='ltr'><strong>num</strong></span> <span class='ocrx_word' id='word_1_191' title='bbox 256 2232 356 2318; x_wconf 91' lang='lat' dir='ltr'><strong>possit</strong></span> <span class='ocrx_word' id='word_1_192' title='bbox 376 2234 573 2294; x_wconf 88' lang='lat' dir='ltr'><strong>adcrescere.</strong></span> 
     </span>
     <span class='ocr_line' id='line_1_24' title="bbox 158 2301 1302 2396; baseline -0.003 -18"><span class='ocrx_word' id='word_1_193' title='bbox 158 2333 159 2336; x_wconf 74' lang='grc'>’</span> <span class='ocrx_word' id='word_1_194' title='bbox 225 2315 227 2320; x_wconf 72' lang='grc'>’</span> <span class='ocrx_word' id='word_1_195' title='bbox 246 2301 349 2378; x_wconf 77' lang='lat' dir='ltr'><strong>xvtl.</strong></span> <span class='ocrx_word' id='word_1_196' title='bbox 390 2317 439 2377; x_wconf 90' lang='lat' dir='ltr'><strong>De</strong></span> <span class='ocrx_word' id='word_1_197' title='bbox 461 2315 587 2377; x_wconf 82' lang='lat' dir='ltr'><strong>filiabus</strong></span> <span class='ocrx_word' id='word_1_198' title='bbox 605 2325 714 2376; x_wconf 87' lang='lat' dir='ltr'><strong>autem</strong></span> <span class='ocrx_word' id='word_1_199' title='bbox 733 2316 867 2394; x_wconf 89' lang='lat' dir='ltr'><strong>uostris,</strong></span> <span class='ocrx_word' id='word_1_200' title='bbox 886 2315 1051 2378; x_wconf 88' lang='lat' dir='ltr'><strong>sororibus</strong></span> <span class='ocrx_word' id='word_1_201' title='bbox 1067 2315 1194 2377; x_wconf 92' lang='lat' dir='ltr'><strong>scilicet</strong></span> <span class='ocrx_word' id='word_1_202' title='bbox 1210 2333 1302 2396; x_wconf 90' lang='lat' dir='ltr'><strong>prae-</strong></span> 
     </span>
     <span class='ocr_line' id='line_1_25' title="bbox 161 2397 1362 2482; baseline -0.005 -20"><span class='ocrx_word' id='word_1_203' title='bbox 161 2397 323 2462; x_wconf 87' lang='lat' dir='ltr'><strong>dictorum</strong></span> <span class='ocrx_word' id='word_1_204' title='bbox 345 2398 487 2460; x_wconf 87' lang='lat' dir='ltr'><strong>filiorum</strong></span> <span class='ocrx_word' id='word_1_205' title='bbox 504 2409 697 2477; x_wconf 85' lang='lat' dir='ltr'><strong>nostrorum,</strong></span> <span class='ocrx_word' id='word_1_206' title='bbox 717 2399 864 2461; x_wconf 90' lang='lat' dir='ltr'><strong>iubemus</strong></span> <span class='ocrx_word' id='word_1_207' title='bbox 882 2408 918 2460; x_wconf 90' lang='lat' dir='ltr'><strong>ut</strong></span> <span class='ocrx_word' id='word_1_208' title='bbox 936 2408 1008 2482; x_wconf 90' lang='lat' dir='ltr'><strong>post</strong></span> <span class='ocrx_word' id='word_1_209' title='bbox 1024 2399 1220 2460; x_wconf 87' lang='lat' dir='ltr'><strong>nostrumab</strong></span> <span class='ocrx_word' id='word_1_210' title='bbox 1237 2397 1301 2457; x_wconf 88' lang='lat' dir='ltr'><strong>hoc</strong></span> <span class='ocrx_word' id='word_1_211' title='bbox 1348 2415 1362 2476; x_wconf 58' lang='lat' dir='ltr'>j</span> 
     </span>
     <span class='ocr_line' id='line_1_26' title="bbox 164 2479 1301 2565; baseline -0.003 -23"><span class='ocrx_word' id='word_1_212' title='bbox 164 2487 299 2565; x_wconf 86' lang='lat' dir='ltr'><strong>&#39;corpore</strong></span> <span class='ocrx_word' id='word_1_213' title='bbox 319 2482 492 2543; x_wconf 90' lang='lat' dir='ltr'><strong>discessum</strong></span> <span class='ocrx_word' id='word_1_214' title='bbox 512 2482 677 2542; x_wconf 87' lang='lat' dir='ltr'><strong>licentiam</strong></span> <span class='ocrx_word' id='word_1_215' title='bbox 699 2483 815 2544; x_wconf 87' lang='lat' dir='ltr'><strong>habeat</strong></span> <span class='ocrx_word' id='word_1_216' title='bbox 835 2503 1049 2564; x_wconf 88' lang='lat' dir='ltr'><strong>unaquaeque</strong></span> <span class='ocrx_word' id='word_1_217' title='bbox 1076 2481 1221 2563; x_wconf 85' lang='lat' dir='ltr'><strong>eligendi</strong></span> <span class='ocrx_word' id='word_1_218' title='bbox 1240 2479 1301 2540; x_wconf 90' lang='lat' dir='ltr'><strong>sub</strong></span> 
     </span>
     <span class='ocr_line' id='line_1_27' title="bbox 164 2562 1302 2645; baseline -0.003 -19"><span class='ocrx_word' id='word_1_219' title='bbox 164 2565 258 2626; x_wconf 91' lang='lat' dir='ltr'><strong>cuius</strong></span> <span class='ocrx_word' id='word_1_220' title='bbox 277 2564 384 2626; x_wconf 87' lang='lat' dir='ltr'><strong>fratris</strong></span> <span class='ocrx_word' id='word_1_221' title='bbox 403 2565 505 2624; x_wconf 88' lang='lat' dir='ltr'><strong>tutela</strong></span> <span class='ocrx_word' id='word_1_222' title='bbox 522 2574 554 2626; x_wconf 91' lang='lat' dir='ltr'><strong>et</strong></span> <span class='ocrx_word' id='word_1_223' title='bbox 570 2564 759 2626; x_wconf 86' lang='lat' dir='ltr'><strong>defensione</strong></span> <span class='ocrx_word' id='word_1_224' title='bbox 779 2587 812 2627; x_wconf 92' lang='lat' dir='ltr'><strong>se</strong></span> <span class='ocrx_word' id='word_1_225' title='bbox 830 2567 979 2627; x_wconf 87' lang='lat' dir='ltr'><strong>conferre</strong></span> <span class='ocrx_word' id='word_1_226' title='bbox 994 2563 1085 2627; x_wconf 90' lang='lat' dir='ltr'><strong>velit.</strong></span> <span class='ocrx_word' id='word_1_227' title='bbox 1124 2566 1167 2625; x_wconf 93' lang='lat' dir='ltr'><strong>Et</strong></span> <span class='ocrx_word' id='word_1_228' title='bbox 1182 2562 1302 2645; x_wconf 90' lang='lat' dir='ltr'><strong>qualis·</strong></span> 
     </span>
     <span class='ocr_line' id='line_1_28' title="bbox 164 2645 1301 2730; baseline -0.002 -21"><span class='ocrx_word' id='word_1_229' title='bbox 164 2667 294 2730; x_wconf 90' lang='lat' dir='ltr'><strong>cunque</strong></span> <span class='ocrx_word' id='word_1_230' title='bbox 311 2669 351 2708; x_wconf 83' lang='lat' dir='ltr'><strong>ex</strong></span> <span class='ocrx_word' id='word_1_231' title='bbox 372 2647 438 2707; x_wconf 92' lang='lat' dir='ltr'><strong>illis</strong></span> <span class='ocrx_word' id='word_1_232' title='bbox 454 2647 662 2708; x_wconf 86' lang='lat' dir='ltr'><strong>monasticam</strong></span> <span class='ocrx_word' id='word_1_233' title='bbox 677 2647 775 2710; x_wconf 89' lang='lat' dir='ltr'><strong>vitam</strong></span> <span class='ocrx_word' id='word_1_234' title='bbox 792 2648 939 2730; x_wconf 82' lang='lat' dir='ltr'><strong>elegerit,</strong></span> <span class='ocrx_word' id='word_1_235' title='bbox 959 2649 1056 2708; x_wconf 87' lang='lat' dir='ltr'><strong>liceat</strong></span> <span class='ocrx_word' id='word_1_236' title='bbox 1073 2646 1103 2708; x_wconf 92' lang='lat' dir='ltr'><strong>ei</strong></span> <span class='ocrx_word' id='word_1_237' title='bbox 1119 2645 1301 2707; x_wconf 72' lang='lat' dir='ltr'><strong>honorilice</strong></span> 
     </span>
     <span class='ocr_line' id='line_1_29' title="bbox 164 2728 1302 2814; baseline -0.004 -22"><span class='ocrx_word' id='word_1_238' title='bbox 164 2728 277 2792; x_wconf 86' lang='lat' dir='ltr'><strong>vivere</strong></span> <span class='ocrx_word' id='word_1_239' title='bbox 289 2731 349 2792; x_wconf 87' lang='lat' dir='ltr'><strong>sub</strong></span> <span class='ocrx_word' id='word_1_240' title='bbox 365 2729 555 2792; x_wconf 91' lang='lat' dir='ltr'><strong>defensione</strong></span> <span class='ocrx_word' id='word_1_241' title='bbox 574 2729 681 2791; x_wconf 88' lang='lat' dir='ltr'><strong>fratris</strong></span> <span class='ocrx_word' id='word_1_242' title='bbox 701 2731 750 2791; x_wconf 93' lang='lat' dir='ltr'><strong>sui</strong></span> <span class='ocrx_word' id='word_1_243' title='bbox 766 2731 800 2806; x_wconf 85' lang='lat' dir='ltr'><strong>in</strong></span> <span class='ocrx_word' id='word_1_244' title='bbox 816 2731 910 2809; x_wconf 87' lang='lat' dir='ltr'><strong>cuius</strong></span> <span class='ocrx_word' id='word_1_245' title='bbox 930 2751 1033 2814; x_wconf 81' lang='lat' dir='ltr'><strong>regno</strong></span> <span class='ocrx_word' id='word_1_246' title='bbox 1053 2730 1170 2812; x_wconf 84' lang='lat' dir='ltr'><strong>degere</strong></span> <span class='ocrx_word' id='word_1_247' title='bbox 1189 2729 1302 2790; x_wconf 86' lang='lat' dir='ltr'><strong>volue-</strong></span> 
     </span>
     <span class='ocr_line' id='line_1_30' title="bbox 164 2809 1302 2895; baseline -0.004 -21"><span class='ocrx_word' id='word_1_248' title='bbox 164 2812 217 2874; x_wconf 88' lang='lat' dir='ltr'><strong>rit.</strong></span> <span class='ocrx_word' id='word_1_249' title='bbox 261 2814 355 2890; x_wconf 86' lang='lat' dir='ltr'><strong>Quae</strong></span> <span class='ocrx_word' id='word_1_250' title='bbox 381 2822 489 2873; x_wconf 89' lang='lat' dir='ltr'><strong>autem</strong></span> <span class='ocrx_word' id='word_1_251' title='bbox 515 2813 597 2878; x_wconf 71' lang='lat' dir='ltr'><strong>iuste</strong></span> <span class='ocrx_word' id='word_1_252' title='bbox 629 2821 661 2874; x_wconf 87' lang='lat' dir='ltr'><strong>et</strong></span> <span class='ocrx_word' id='word_1_253' title='bbox 685 2813 923 2876; x_wconf 90' lang='lat' dir='ltr'><strong>rationabiliter</strong></span> <span class='ocrx_word' id='word_1_254' title='bbox 944 2813 963 2872; x_wconf 76' lang='lat' dir='ltr'><strong>h</strong></span> <span class='ocrx_word' id='word_1_255' title='bbox 984 2813 1146 2895; x_wconf 82' lang='lat' dir='ltr'><strong>condigno</strong></span> <span class='ocrx_word' id='word_1_256' title='bbox 1165 2811 1236 2874; x_wconf 91' lang='lat' dir='ltr'><strong>viro</strong></span> <span class='ocrx_word' id='word_1_257' title='bbox 1260 2809 1302 2870; x_wconf 89' lang='lat' dir='ltr'><strong>ad</strong></span> 
     </span>
     <span class='ocr_line' id='line_1_31' title="bbox 164 2895 1300 2980; baseline -0.003 -24"><span class='ocrx_word' id='word_1_258' title='bbox 164 2895 353 2976; x_wconf 83' lang='lat' dir='ltr'><strong>coniugium</strong></span> <span class='ocrx_word' id='word_1_259' title='bbox 370 2895 513 2978; x_wconf 85' lang='lat' dir='ltr'><strong>quaesita</strong></span> <span class='ocrx_word' id='word_1_260' title='bbox 534 2895 644 2973; x_wconf 86' lang='lat' dir='ltr'><strong>fucrit,</strong></span> <span class='ocrx_word' id='word_1_261' title='bbox 662 2905 695 2956; x_wconf 92' lang='lat' dir='ltr'><strong>et</strong></span> <span class='ocrx_word' id='word_1_262' title='bbox 714 2895 745 2957; x_wconf 93' lang='lat' dir='ltr'><strong>ei</strong></span> <span class='ocrx_word' id='word_1_263' title='bbox 764 2896 945 2980; x_wconf 84' lang='lat' dir='ltr'><strong>coniugalis</strong></span> <span class='ocrx_word' id='word_1_264' title='bbox 961 2895 1028 2958; x_wconf 89' lang='lat' dir='ltr'><strong>vita</strong></span> <span class='ocrx_word' id='word_1_265' title='bbox 1043 2895 1214 2978; x_wconf 89' lang='lat' dir='ltr'><strong>placuerit,</strong></span> <span class='ocrx_word' id='word_1_266' title='bbox 1233 2914 1300 2954; x_wconf 89' lang='lat' dir='ltr'><strong>nou</strong></span> 
     </span>
     <span class='ocr_line' id='line_1_32' title="bbox 163 2977 1300 3062; baseline -0.004 -22"><span class='ocrx_word' id='word_1_267' title='bbox 163 2979 194 3040; x_wconf 91' lang='lat' dir='ltr'><strong>ei</strong></span> <span class='ocrx_word' id='word_1_268' title='bbox 216 2977 396 3061; x_wconf 81' lang='lat' dir='ltr'><strong>denegetur</strong></span> <span class='ocrx_word' id='word_1_269' title='bbox 417 2979 434 3038; x_wconf 76' lang='lat' dir='ltr'><strong>d</strong></span> <span class='ocrx_word' id='word_1_270' title='bbox 451 2977 604 3038; x_wconf 88' lang='lat' dir='ltr'><strong>fratribus</strong></span> <span class='ocrx_word' id='word_1_271' title='bbox 624 2977 700 3056; x_wconf 90' lang='lat' dir='ltr'><strong>suis,</strong></span> <span class='ocrx_word' id='word_1_272' title='bbox 722 2977 749 3040; x_wconf 95' lang='lat' dir='ltr'><strong>si</strong></span> <span class='ocrx_word' id='word_1_273' title='bbox 768 2989 800 3040; x_wconf 87' lang='lat' dir='ltr'><strong>et</strong></span> <span class='ocrx_word' id='word_1_274' title='bbox 819 2980 879 3042; x_wconf 89' lang='lat' dir='ltr'><strong>viri</strong></span> <span class='ocrx_word' id='word_1_275' title='bbox 902 2978 1095 3062; x_wconf 83' lang='lat' dir='ltr'><strong>postulantis</strong></span> <span class='ocrx_word' id='word_1_276' title='bbox 1113 2987 1145 3038; x_wconf 88' lang='lat' dir='ltr'><strong>et</strong></span> <span class='ocrx_word' id='word_1_277' title='bbox 1159 2977 1300 3038; x_wconf 82' lang='lat' dir='ltr'><strong>feminae</strong></span> 
     </span>
     <span class='ocr_line' id='line_1_33' title="bbox 162 3057 1114 3136; baseline -0.003 -13"><span class='ocrx_word' id='word_1_278' title='bbox 162 3061 396 3136; x_wconf 74' lang='lat' dir='ltr'><strong>consentientis</strong></span> <span class='ocrx_word' id='word_1_279' title='bbox 416 3057 552 3123; x_wconf 88' lang='lat' dir='ltr'><strong>honesta</strong></span> <span class='ocrx_word' id='word_1_280' title='bbox 569 3069 602 3122; x_wconf 90' lang='lat' dir='ltr'><strong>et</strong></span> <span class='ocrx_word' id='word_1_281' title='bbox 613 3061 812 3124; x_wconf 89' lang='lat' dir='ltr'><strong>rationabilis</strong></span> <span class='ocrx_word' id='word_1_282' title='bbox 832 3063 933 3122; x_wconf 89' lang='lat' dir='ltr'><strong>fuerit</strong></span> <span class='ocrx_word' id='word_1_283' title='bbox 954 3061 1114 3124; x_wconf 87' lang='lat' dir='ltr'><strong>voluntas.</strong></span> 
     </span>
    </p>

    <p class='ocr_par' dir='ltr' id='par_1_5' title="bbox 151 3141 1302 3888">
     <span class='ocr_line' id='line_1_34' title="bbox 245 3141 1302 3225; baseline -0.004 -20"><span class='ocrx_word' id='word_1_284' title='bbox 245 3143 375 3206; x_wconf 85' lang='lat' dir='ltr'><strong>XVIII.</strong></span> <span class='ocrx_word' id='word_1_285' title='bbox 416 3144 466 3204; x_wconf 90' lang='lat' dir='ltr'><strong>De</strong></span> <span class='ocrx_word' id='word_1_286' title='bbox 486 3144 656 3225; x_wconf 88' lang='lat' dir='ltr'><strong>nepotibus</strong></span> <span class='ocrx_word' id='word_1_287' title='bbox 672 3166 750 3208; x_wconf 85' lang='lat' dir='ltr'><strong>vero</strong></span> <span class='ocrx_word' id='word_1_288' title='bbox 766 3144 894 3222; x_wconf 87' lang='lat' dir='ltr'><strong>nostris,</strong></span> <span class='ocrx_word' id='word_1_289' title='bbox 913 3144 1040 3206; x_wconf 89' lang='lat' dir='ltr'><strong>scilicet</strong></span> <span class='ocrx_word' id='word_1_290' title='bbox 1060 3143 1135 3204; x_wconf 87' lang='lat' dir='ltr'><strong>filiis</strong></span> <span class='ocrx_word' id='word_1_291' title='bbox 1150 3141 1302 3225; x_wconf 79' lang='lat' dir='ltr'><strong>praedic·-</strong></span> 
     </span>
     <span class='ocr_line' id='line_1_35' title="bbox 162 3223 1299 3308; baseline -0.004 -18"><span class='ocrx_word' id='word_1_292' title='bbox 162 3239 270 3290; x_wconf 88' lang='lat' dir='ltr'><strong>torum</strong></span> <span class='ocrx_word' id='word_1_293' title='bbox 291 3227 433 3288; x_wconf 90' lang='lat' dir='ltr'><strong>filiorum</strong></span> <span class='ocrx_word' id='word_1_294' title='bbox 461 3235 661 3306; x_wconf 89' lang='lat' dir='ltr'><strong>nostrorum,</strong></span> <span class='ocrx_word' id='word_1_295' title='bbox 697 3228 754 3308; x_wconf 91' lang='lat' dir='ltr'><strong>qui</strong></span> <span class='ocrx_word' id='word_1_296' title='bbox 778 3227 886 3288; x_wconf 82' lang='lat' dir='ltr'><strong>exeis</strong></span> <span class='ocrx_word' id='word_1_297' title='bbox 908 3227 1044 3290; x_wconf 90' lang='lat' dir='ltr'><strong>veliam</strong></span> <span class='ocrx_word' id='word_1_298' title='bbox 1065 3226 1132 3286; x_wconf 86' lang='lat' dir='ltr'><strong>nati</strong></span> <span class='ocrx_word' id='word_1_299' title='bbox 1149 3233 1225 3286; x_wconf 90' lang='lat' dir='ltr'><strong>sunt</strong></span> <span class='ocrx_word' id='word_1_300' title='bbox 1244 3223 1299 3286; x_wconf 91' lang='lat' dir='ltr'><strong>vel</strong></span> 
     </span>
     <span class='ocr_line' id='line_1_36' title="bbox 163 3305 1302 3394; baseline -0.008 -20"><span class='ocrx_word' id='word_1_301' title='bbox 163 3312 269 3374; x_wconf 82' lang='lat' dir='ltr'><strong>adhuc</strong></span> <span class='ocrx_word' id='word_1_302' title='bbox 288 3309 442 3371; x_wconf 89' lang='lat' dir='ltr'><strong>nascituri</strong></span> <span class='ocrx_word' id='word_1_303' title='bbox 457 3318 543 3385; x_wconf 91' lang='lat' dir='ltr'><strong>sunt,</strong></span> <span class='ocrx_word' id='word_1_304' title='bbox 558 3309 681 3391; x_wconf 89' lang='lat' dir='ltr'><strong>placuit</strong></span> <span class='ocrx_word' id='word_1_305' title='bbox 694 3310 786 3371; x_wconf 89' lang='lat' dir='ltr'><strong>uobis</strong></span> <span class='ocrx_word' id='word_1_306' title='bbox 801 3311 988 3394; x_wconf 83' lang='lat' dir='ltr'><strong>praecipere</strong></span> <span class='ocrx_word' id='word_1_307' title='bbox 1008 3305 1044 3370; x_wconf 87' lang='lat' dir='ltr'><strong>ut</strong></span> <span class='ocrx_word' id='word_1_308' title='bbox 1061 3310 1172 3370; x_wconf 88' lang='lat' dir='ltr'><strong>nullus</strong></span> <span class='ocrx_word' id='word_1_309' title='bbox 1188 3329 1302 3370; x_wconf 87' lang='lat' dir='ltr'><strong>eorum</strong></span> 
     </span>
     <span class='ocr_line' id='line_1_37' title="bbox 161 3392 1300 3480; baseline -0.006 -26"><span class='ocrx_word' id='word_1_310' title='bbox 161 3415 222 3480; x_wconf 89' lang='lat' dir='ltr'><strong>per</strong></span> <span class='ocrx_word' id='word_1_311' title='bbox 247 3393 408 3476; x_wconf 89' lang='lat' dir='ltr'><strong>quaslibet</strong></span> <span class='ocrx_word' id='word_1_312' title='bbox 430 3392 614 3453; x_wconf 88' lang='lat' dir='ltr'><strong>occasiones</strong></span> <span class='ocrx_word' id='word_1_313' title='bbox 635 3392 813 3474; x_wconf 89' lang='lat' dir='ltr'><strong>quemlibet</strong></span> <span class='ocrx_word' id='word_1_314' title='bbox 837 3413 878 3452; x_wconf 77' lang='lat' dir='ltr'><strong>ex</strong></span> <span class='ocrx_word' id='word_1_315' title='bbox 907 3393 971 3453; x_wconf 90' lang='lat' dir='ltr'><strong>illis</strong></span> <span class='ocrx_word' id='word_1_316' title='bbox 996 3392 1083 3476; x_wconf 85' lang='lat' dir='ltr'><strong>apud</strong></span> <span class='ocrx_word' id='word_1_317' title='bbox 1106 3413 1138 3452; x_wconf 95' lang='lat' dir='ltr'><strong>se</strong></span> <span class='ocrx_word' id='word_1_318' title='bbox 1167 3409 1300 3452; x_wconf 89' lang='lat' dir='ltr'><strong>accusa-</strong></span> 
     </span>
     <span class='ocr_line' id='line_1_38' title="bbox 161 3471 1301 3558; baseline -0.007 -19"><span class='ocrx_word' id='word_1_319' title='bbox 161 3485 242 3554; x_wconf 86' lang='lat' dir='ltr'><strong>tum,</strong></span> <span class='ocrx_word' id='word_1_320' title='bbox 261 3477 331 3538; x_wconf 90' lang='lat' dir='ltr'><strong>sine</strong></span> <span class='ocrx_word' id='word_1_321' title='bbox 356 3476 439 3536; x_wconf 90' lang='lat' dir='ltr'><strong>iusta</strong></span> <span class='ocrx_word' id='word_1_322' title='bbox 457 3474 655 3538; x_wconf 88' lang='lat' dir='ltr'><strong>discussione</strong></span> <span class='ocrx_word' id='word_1_323' title='bbox 679 3484 775 3558; x_wconf 89' lang='lat' dir='ltr'><strong>atque</strong></span> <span class='ocrx_word' id='word_1_324' title='bbox 796 3475 1043 3552; x_wconf 83' lang='lat' dir='ltr'><strong>examinatione,</strong></span> <span class='ocrx_word' id='word_1_325' title='bbox 1068 3483 1122 3534; x_wconf 91' lang='lat' dir='ltr'><strong>aut</strong></span> <span class='ocrx_word' id='word_1_326' title='bbox 1139 3471 1301 3549; x_wconf 89' lang='lat' dir='ltr'><strong>occidere,</strong></span> 
     </span>
     <span class='ocr_line' id='line_1_39' title="bbox 151 3555 1302 3637; baseline -0.006 -18"><span class='ocrx_word' id='word_1_327' title='bbox 151 3563 220 3620; x_wconf 87' lang='lat' dir='ltr'><strong>&#39;&#39;aut</strong></span> <span class='ocrx_word' id='word_1_328' title='bbox 233 3558 384 3620; x_wconf 89' lang='lat' dir='ltr'><strong>membris</strong></span> <span class='ocrx_word' id='word_1_329' title='bbox 401 3579 562 3634; x_wconf 87' lang='lat' dir='ltr'><strong>mancare,</strong></span> <span class='ocrx_word' id='word_1_330' title='bbox 585 3567 639 3618; x_wconf 86' lang='lat' dir='ltr'><strong>aut</strong></span> <span class='ocrx_word' id='word_1_331' title='bbox 656 3580 839 3637; x_wconf 84' lang='lat' dir='ltr'><strong>excaecare,</strong></span> <span class='ocrx_word' id='word_1_332' title='bbox 868 3568 924 3618; x_wconf 87' lang='lat' dir='ltr'><strong>aut</strong></span> <span class='ocrx_word' id='word_1_333' title='bbox 946 3557 1085 3618; x_wconf 88' lang='lat' dir='ltr'><strong>invitum</strong></span> <span class='ocrx_word' id='word_1_334' title='bbox 1099 3555 1235 3616; x_wconf 88' lang='lat' dir='ltr'><strong>tondere</strong></span> <span class='ocrx_word' id='word_1_335' title='bbox 1256 3555 1302 3613; x_wconf 85' lang='lat' dir='ltr'><strong>fa-</strong></span> 
     </span>
     <span class='ocr_line' id='line_1_40' title="bbox 162 3631 1300 3724; baseline -0.005 -22"><span class='ocrx_word' id='word_1_336' title='bbox 162 3641 243 3713; x_wconf 82' lang='lat' dir='ltr'><strong>ciat3</strong></span> <span class='ocrx_word' id='word_1_337' title='bbox 269 3641 327 3702; x_wconf 82' lang='lat' dir='ltr'><strong>sed</strong></span> <span class='ocrx_word' id='word_1_338' title='bbox 341 3641 491 3703; x_wconf 90' lang='lat' dir='ltr'><strong>volumus</strong></span> <span class='ocrx_word' id='word_1_339' title='bbox 509 3649 546 3699; x_wconf 91' lang='lat' dir='ltr'><strong>ut</strong></span> <span class='ocrx_word' id='word_1_340' title='bbox 559 3641 709 3702; x_wconf 89' lang='lat' dir='ltr'><strong>honorati</strong></span> <span class='ocrx_word' id='word_1_341' title='bbox 722 3631 889 3722; x_wconf 50' lang='lat' dir='ltr'><strong>sint&#39;apud</strong></span> <span class='ocrx_word' id='word_1_342' title='bbox 900 3649 1005 3724; x_wconf 89' lang='lat' dir='ltr'><strong>patres</strong></span> <span class='ocrx_word' id='word_1_343' title='bbox 1022 3648 1053 3701; x_wconf 91' lang='lat' dir='ltr'><strong>et</strong></span> <span class='ocrx_word' id='word_1_344' title='bbox 1066 3647 1196 3721; x_wconf 88' lang='lat' dir='ltr'><strong>patruos</strong></span> <span class='ocrx_word' id='word_1_345' title='bbox 1214 3657 1300 3712; x_wconf 90' lang='lat' dir='ltr'><strong>suos,</strong></span> 
     </span>
     <span class='ocr_line' id='line_1_41' title="bbox 164 3718 1301 3805; baseline -0.005 -21"><span class='ocrx_word' id='word_1_346' title='bbox 164 3733 197 3784; x_wconf 90' lang='lat' dir='ltr'><strong>et</strong></span> <span class='ocrx_word' id='word_1_347' title='bbox 217 3723 404 3786; x_wconf 87' lang='lat' dir='ltr'><strong>obedientes</strong></span> <span class='ocrx_word' id='word_1_348' title='bbox 426 3725 491 3787; x_wconf 88' lang='lat' dir='ltr'><strong>sint</strong></span> <span class='ocrx_word' id='word_1_349' title='bbox 514 3744 589 3784; x_wconf 88' lang='lat' dir='ltr'><strong>cum</strong></span> <span class='ocrx_word' id='word_1_350' title='bbox 609 3725 697 3785; x_wconf 90' lang='lat' dir='ltr'><strong>omui</strong></span> <span class='ocrx_word' id='word_1_351' title='bbox 720 3723 919 3787; x_wconf 88' lang='lat' dir='ltr'><strong>subiectione</strong></span> <span class='ocrx_word' id='word_1_352' title='bbox 947 3743 1044 3805; x_wconf 87' lang='lat' dir='ltr'><strong>quam</strong></span> <span class='ocrx_word' id='word_1_353' title='bbox 1071 3723 1165 3784; x_wconf 91' lang='lat' dir='ltr'><strong>dccet</strong></span> <span class='ocrx_word' id='word_1_354' title='bbox 1185 3719 1219 3778; x_wconf 93' lang='lat' dir='ltr'><strong>in</strong></span> <span class='ocrx_word' id='word_1_355' title='bbox 1242 3718 1301 3779; x_wconf 88' lang='lat' dir='ltr'><strong>tali</strong></span> 
     </span>
     <span class='ocr_line' id='line_1_42' title="bbox 165 3805 889 3888; baseline -0.008 -21"><span class='ocrx_word' id='word_1_356' title='bbox 165 3805 446 3888; x_wconf 82' lang='lat' dir='ltr'><strong>consanguinitate</strong></span> <span class='ocrx_word' id='word_1_357' title='bbox 468 3826 546 3868; x_wconf 89' lang='lat' dir='ltr'><strong>esse.</strong></span> <span class='ocrx_word' id='word_1_358' title='bbox 886 3847 889 3861; x_wconf 86' lang='lat'><em>.</em></span> 
     </span>
    </p>

    <p class='ocr_par' dir='ltr' id='par_1_6' title="bbox 163 3883 1303 4392">
     <span class='ocr_line' id='line_1_43' title="bbox 245 3883 1302 3970; baseline -0.005 -20"><span class='ocrx_word' id='word_1_359' title='bbox 245 3885 341 3950; x_wconf 88' lang='lat' dir='ltr'><strong>XlX.</strong></span> <span class='ocrx_word' id='word_1_360' title='bbox 382 3891 450 3950; x_wconf 89' lang='lat' dir='ltr'><strong>Hoc</strong></span> <span class='ocrx_word' id='word_1_361' title='bbox 468 3897 630 3970; x_wconf 85' lang='lat' dir='ltr'><strong>postremo</strong></span> <span class='ocrx_word' id='word_1_362' title='bbox 651 3891 856 3952; x_wconf 85' lang='lat' dir='ltr'><strong>statuendum</strong></span> <span class='ocrx_word' id='word_1_363' title='bbox 880 3887 972 3950; x_wconf 86' lang='lat' dir='ltr'><strong>nohis</strong></span> <span class='ocrx_word' id='word_1_364' title='bbox 992 3888 1132 3963; x_wconf 90' lang='lat' dir='ltr'><strong>videtur,</strong></span> <span class='ocrx_word' id='word_1_365' title='bbox 1153 3893 1191 3944; x_wconf 91' lang='lat' dir='ltr'><strong>ut</strong></span> <span class='ocrx_word' id='word_1_366' title='bbox 1210 3883 1302 3966; x_wconf 93' lang='lat' dir='ltr'><strong>quic·</strong></span> 
     </span>
     <span class='ocr_line' id='line_1_44' title="bbox 163 3969 1302 4054; baseline -0.002 -24"><span class='ocrx_word' id='word_1_367' title='bbox 163 3969 245 4054; x_wconf 93' lang='lat' dir='ltr'><strong>qnid</strong></span> <span class='ocrx_word' id='word_1_368' title='bbox 259 3969 364 4032; x_wconf 87' lang='lat' dir='ltr'><strong>adhuc</strong></span> <span class='ocrx_word' id='word_1_369' title='bbox 384 3973 423 4033; x_wconf 90' lang='lat' dir='ltr'><strong>de</strong></span> <span class='ocrx_word' id='word_1_370' title='bbox 444 3972 540 4033; x_wconf 89' lang='lat' dir='ltr'><strong>rebus</strong></span> <span class='ocrx_word' id='word_1_371' title='bbox 558 3981 590 4030; x_wconf 91' lang='lat' dir='ltr'><strong>et</strong></span> <span class='ocrx_word' id='word_1_372' title='bbox 610 3973 897 4034; x_wconf 88' lang='lat' dir='ltr'><strong>constitutionibus</strong></span> <span class='ocrx_word' id='word_1_373' title='bbox 912 3993 995 4054; x_wconf 90' lang='lat' dir='ltr'><strong>quae</strong></span> <span class='ocrx_word' id='word_1_374' title='bbox 1013 3970 1053 4032; x_wconf 87' lang='lat' dir='ltr'><strong>ad</strong></span> <span class='ocrx_word' id='word_1_375' title='bbox 1067 3969 1249 4053; x_wconf 90' lang='lat' dir='ltr'><strong>profectum</strong></span> <span class='ocrx_word' id='word_1_376' title='bbox 1269 3975 1302 4028; x_wconf 86' lang='lat' dir='ltr'><strong>et</strong></span> 
     </span>
     <span class='ocr_line' id='line_1_45' title="bbox 163 4053 1302 4137; baseline -0.004 -21"><span class='ocrx_word' id='word_1_377' title='bbox 163 4053 337 4116; x_wconf 86' lang='lat' dir='ltr'><strong>utilitatem</strong></span> <span class='ocrx_word' id='word_1_378' title='bbox 357 4076 470 4116; x_wconf 89' lang='lat' dir='ltr'><strong>eorum</strong></span> <span class='ocrx_word' id='word_1_379' title='bbox 493 4053 677 4137; x_wconf 88' lang='lat' dir='ltr'><strong>pertinent,</strong></span> <span class='ocrx_word' id='word_1_380' title='bbox 705 4055 756 4116; x_wconf 91' lang='lat' dir='ltr'><strong>his</strong></span> <span class='ocrx_word' id='word_1_381' title='bbox 782 4056 900 4116; x_wconf 90' lang='lat' dir='ltr'><strong>uostris</strong></span> <span class='ocrx_word' id='word_1_382' title='bbox 928 4055 1067 4116; x_wconf 90' lang='lat' dir='ltr'><strong>decretis</strong></span> <span class='ocrx_word' id='word_1_383' title='bbox 1090 4055 1186 4132; x_wconf 81' lang='lat' dir='ltr'><strong>atque</strong></span> <span class='ocrx_word' id='word_1_384' title='bbox 1206 4071 1302 4132; x_wconf 88' lang='lat' dir='ltr'><strong>prae·</strong></span> 
     </span>
     <span class='ocr_line' id='line_1_46' title="bbox 164 4133 1301 4222; baseline -0.008 -22"><span class='ocrx_word' id='word_1_385' title='bbox 164 4137 266 4219; x_wconf 89' lang='lat' dir='ltr'><strong>ceptis</strong></span> <span class='ocrx_word' id='word_1_386' title='bbox 291 4136 409 4200; x_wconf 88' lang='lat' dir='ltr'><strong>addere</strong></span> <span class='ocrx_word' id='word_1_387' title='bbox 437 4137 655 4214; x_wconf 85' lang='lat' dir='ltr'><strong>voluerimus,</strong></span> <span class='ocrx_word' id='word_1_388' title='bbox 684 4138 730 4200; x_wconf 88' lang='lat' dir='ltr'><strong>sic</strong></span> <span class='ocrx_word' id='word_1_389' title='bbox 752 4140 770 4198; x_wconf 74' lang='lat' dir='ltr'><strong>a</strong></span> <span class='ocrx_word' id='word_1_390' title='bbox 795 4138 969 4222; x_wconf 88' lang='lat' dir='ltr'><strong>praedictis</strong></span> <span class='ocrx_word' id='word_1_391' title='bbox 988 4135 1114 4198; x_wconf 90' lang='lat' dir='ltr'><strong>dilectis</strong></span> <span class='ocrx_word' id='word_1_392' title='bbox 1138 4133 1213 4194; x_wconf 88' lang='lat' dir='ltr'><strong>filiis</strong></span> <span class='ocrx_word' id='word_1_393' title='bbox 1240 4153 1301 4192; x_wconf 87' lang='lat' dir='ltr'><strong>no-</strong></span> 
     </span>
     <span class='ocr_line' id='line_1_47' title="bbox 163 4213 1303 4306; baseline -0.005 -24"><span class='ocrx_word' id='word_1_394' title='bbox 163 4220 237 4282; x_wconf 86' lang='lat' dir='ltr'><strong>stris</strong></span> <span class='ocrx_word' id='word_1_395' title='bbox 259 4219 449 4282; x_wconf 87' lang='lat' dir='ltr'><strong>observetur</strong></span> <span class='ocrx_word' id='word_1_396' title='bbox 467 4232 562 4306; x_wconf 89' lang='lat' dir='ltr'><strong>atque</strong></span> <span class='ocrx_word' id='word_1_397' title='bbox 585 4221 801 4299; x_wconf 88' lang='lat' dir='ltr'><strong>custodiatur,</strong></span> <span class='ocrx_word' id='word_1_398' title='bbox 834 4221 974 4282; x_wconf 62' lang='lat' dir='ltr'><strong>sicut‘ea</strong></span> <span class='ocrx_word' id='word_1_399' title='bbox 996 4215 1079 4302; x_wconf 85' lang='lat' dir='ltr'><strong>quae</strong></span> <span class='ocrx_word' id='word_1_400' title='bbox 1105 4217 1139 4275; x_wconf 94' lang='lat' dir='ltr'><strong>in</strong></span> <span class='ocrx_word' id='word_1_401' title='bbox 1163 4215 1214 4276; x_wconf 91' lang='lat' dir='ltr'><strong>his</strong></span> <span class='ocrx_word' id='word_1_402' title='bbox 1238 4213 1303 4276; x_wconf 88' lang='lat' dir='ltr'><strong>iam</strong></span> 
     </span>
     <span class='ocr_line' id='line_1_48' title="bbox 163 4299 1282 4392; baseline -0.005 -27"><span class='ocrx_word' id='word_1_403' title='bbox 163 4311 281 4366; x_wconf 83' lang='lat' dir='ltr'><strong>statuta</strong></span> <span class='ocrx_word' id='word_1_404' title='bbox 306 4314 337 4366; x_wconf 88' lang='lat' dir='ltr'><strong>et</strong></span> <span class='ocrx_word' id='word_1_405' title='bbox 361 4300 522 4392; x_wconf 73' lang='lat' dir='ltr'><strong>descripta</strong></span> <span class='ocrx_word' id='word_1_406' title='bbox 539 4310 616 4367; x_wconf 88' lang='lat' dir='ltr'><strong>sunt</strong></span> <span class='ocrx_word' id='word_1_407' title='bbox 637 4303 798 4368; x_wconf 89' lang='lat' dir='ltr'><strong>custodire</strong></span> <span class='ocrx_word' id='word_1_408' title='bbox 817 4313 849 4367; x_wconf 89' lang='lat' dir='ltr'><strong>et</strong></span> <span class='ocrx_word' id='word_1_409' title='bbox 866 4304 1035 4368; x_wconf 88' lang='lat' dir='ltr'><strong>observare</strong></span> <span class='ocrx_word' id='word_1_410' title='bbox 1055 4299 1282 4387; x_wconf 85' lang='lat' dir='ltr'><strong>praecipimus.</strong></span> 
     </span>
    </p>
   </div>
   <div class='ocr_carea' id='block_1_3' title="bbox 0 0 1483 4988">
    <p class='ocr_par' dir='ltr' id='par_1_7' title="bbox 0 0 1483 4988">
     <span class='ocr_line' id='line_1_49' title="bbox 0 0 1483 4988; baseline 0 0"><span class='ocrx_word' id='word_1_411' title='bbox 0 0 1483 4988; x_wconf 95' lang='lat' dir='ltr'><strong> </strong></span> 
     </span>
    </p>
   </div>
  </div>
 </body>
</html>
