2952 4988
276 323 417 390 acan
525 325 918 386 nnonnrnancoaan
1022 280 1096 386 saus
1192 314 1262 387 251

457 470 513 532 Dc
538 469 710 530 heribanno
728 469 917 531 exactando.

210 577 255 644 ll.
277 581 404 640 Ut'non
422 596 481 660 pro
504 575 613 658 aliqua
637 575 818 654 occasione,
838 598 899 638 nec
924 586 1050 658 vuacta,
1068 599 1129 641 nec
1144 579 1184 644 de
1199 603 1266 644 sca·

126 685 175 742 ra,
196 685 256 725 nec
271 659 389 738 warda,
410 679 471 720 nec
489 677 548 740 pro
570 657 789 740 heribergare,
817 681 878 722 uec
899 681 958 742 pro
982 661 1047 722 alio
1061 662 1182 742 banno,
1204 663 1266 725 he-

125 747 301 810 ribannum
315 745 428 805 Comes
444 749 592 804 exactare
612 749 806 824 praesumat,
828 741 891 804 nisi
912 741 1026 805 Missus
1047 753 1159 806 noster
1174 746 1266 828 prius

124 829 345 891 heribannum
360 824 401 886 ad
422 834 548 908 partem
573 833 715 886 nostram
737 823 884 908 recipiat,
905 826 990 888 etei
1016 849 1108 888 suam
1133 829 1264 890 tertiam
1369 875 1373 884 .

124 911 245 976 exinde
262 932 323 994 per
344 907 522 970 iussionem
546 915 687 968 nostram
714 907 822 968 donet
870 907 942 990 lpse
964 930 1042 970 vero
1066 907 1268 974 heribannus

125 1013 193 1056 non
210 1000 379 1056 exactetur
396 1012 503 1074 neque
519 988 666 1050 interris
689 1009 796 1072 neque
816 989 850 1050 in
871 989 1052 1074 mancipiis,
1070 991 1129 1054 sed
1150 991 1184 1052 iu
1205 1015 1265 1054 au-

125 1097 164 1138 ro
182 1084 216 1138 et
231 1083 375 1160 argento,
389 1073 509 1158 palliis,
525 1082 622 1154 atque
640 1071 745 1150 armis,
765 1079 799 1134 et
811 1072 1015 1152 animalibus,
1025 1075 1268 1158 atque'pecudi-

125 1159 197 1240 bus,
212 1159 281 1221 sive
298 1155 415 1220 talibus
430 1155 599 1241 speciebus
614 1175 696 1238 quae
712 1155 753 1216 ad
773 1154 948 1218 utilitatem
968 1156 1147 1242 pertinent.

155 1267 211 1332 De
227 1269 276 1328 bis
294 1269 351 1353 qai
365 1265 485 1346 regales
508 1266 624 1326 babent
639 1259 789 1336 bonores,
804 1276 834 1324 et
860 1264 895 1324 in
913 1264 1032 1332 bostem
1048 1265 1172 1328 banniti
1185 1263 1233 1326 ad

389 1347 569 1410 condictum
581 1347 736 1432 placitum
754 1368 819 1408 aon
840 1348 996 1408 venerint.

208 1451 272 1518 lll.
315 1453 512 1536 Quicunque
530 1451 628 1514 homo
646 1451 910 1514 nostroshabeus
927 1451 1069 1515 honores
1089 1453 1123 1515 in
1138 1452 1269 1518 bostem
1311 1495 1314 1500 -

125 1537 279 1600 bannitus
292 1537 405 1615 fuerit,
427 1546 459 1598 et
478 1535 518 1596 ad
542 1534 728 1598 condictum
745 1534 901 1618 placitum
924 1555 989 1597 non
1023 1536 1163 1616 venerit,
1186 1546 1269 1622 quot

127 1619 243 1682 diebus
262 1629 333 1703 post
353 1620 510 1704 placitum
534 1618 722 1680 condictum
749 1617 877 1680 venisse
904 1620 1128 1705 comprobatus
1152 1619 1266 1700 fuerit,

128 1711 176 1764 tot
194 1701 308 1765 diebus
321 1701 481 1764 abstineat
497 1722 595 1763 carue
612 1709 645 1763 et
665 1700 752 1763 vino.
916 1712 921 1720 ’

272 1811 322 1873 De
348 1811 397 1874 bis
418 1813 474 1894 qni
494 1811 561 1872 sine
587 1809 714 1872 licentia
732 1809 773 1870 de
797 1811 885 1872 berte
909 1801 1122 1881 reuertuntur.

210 1913 269 1980 IV.
312 1916 509 2000 Quicunque
530 1916 649 1999 absque
667 1915 802 1978 licentia
816 1916 870 1978 vel
884 1913 1268 2000 permissionePriucipis

128 1999 169 2060 dc
193 1997 287 2062 hoste
307 2021 458 2063 reversus
477 2001 588 2078 fuerit,
606 2000 695 2082 quud
711 2001 832 2060 factum
850 1999 969 2060 Franci
986 2000 1114 2060 berisliz
1138 1999 1264 2076 dicunt,

126 2081 277 2144 volumus
296 2092 332 2144 ut
346 2084 478 2168 antiqua
497 2082 696 2160 constitutio,
713 2080 747 2144 id
765 2090 825 2162 est,
840 2081 986 2167 capitalis
1006 2081 1179 2162 sententia,
1192 2102 1267 2164 erga

126 2164 222 2228 illum
234 2165 442 2252 puniendum
468 2166 677 2230 custodiatur.

327 2276 381 2336 Dc
403 2275 453 2336 bis
468 2275 525 2356 qai
546 2271 700 2359 beneficia
718 2271 906 2356 Principum
927 2272 1052 2367 babent.

211 2379 252 2442 V.
295 2379 494 2464 Quicunque
509 2403 549 2443 ex
572 2382 618 2444 eis
642 2379 699 2464 qui
726 2379 922 2442 beneficium
945 2379 1110 2465 Principis
1133 2377 1267 2457 babent,

129 2483 240 2546 parem
262 2484 355 2524 suum
373 2474 484 2525 contra
502 2463 608 2526 hostes
623 2485 811 2526 communes
828 2463 1059 2534 inexercitum
1076 2471 1268 2548 pergentem

128 2543 298 2623 dimiserit,
315 2555 347 2606 et
366 2568 440 2608 cum
461 2568 500 2608 eo
519 2547 565 2610 ire
582 2557 637 2609 aut
656 2557 738 2610 stare
759 2545 913 2627 noluerit,
935 2547 1096 2613 honorem
1117 2567 1211 2610 suum
1235 2553 1268 2608 et

127 2626 324 2708 beneficium
345 2629 467 2712 perdat.

395 2737 444 2798 De
471 2759 534 2800 non
549 2739 689 2820 cogendo
706 2715 812 2802 babere
830 2742 864 2800 in
883 2741 982 2802 boote.

119 2881 122 2888 ·
210 2839 268 2904 Vl.
312 2841 353 2902 Ut
373 2841 406 2904 in
434 2843 525 2906 hoste
550 2865 645 2908 nemo
662 2867 773 2930 parem
800 2867 895 2907 suum
914 2845 967 2906 vel
987 2845 1167 2929 quemlibet
1184 2845 1267 2910 alte·
1292 2841 1330 2900 ’ἦ

125 2943 200 2986 rum
225 2921 390 2986 hominem
407 2925 634 3010 bibereroget.
675 2929 717 2989 Et
738 2927 927 3012 quicunque
945 2929 979 2989 in
1002 2930 1149 3006 exercitu
1177 2929 1266 2994 ebri-
1352 2993 1356 3012 ,

127 3029 165 3068 us
186 3005 337 3070 inventus
358 3009 469 3087 fuerit,
494 3009 540 3070 ita
568 3011 868 3073 excommunicetur
902 3019 939 3072 ut
963 3014 997 3072 in
1026 3011 1169 3074 bibendo
1196 3013 1265 3076 soli

124 3091 207 3174 aquis
231 3098 352 3170 utatur,
367 3113 539 3176 quousque
559 3115 593 3156 se
612 3093 825 3156 malefecisse
844 3103 1026 3178 cognoscat.

77 3269 79 3273 Ι
165 3197 215 3259 De
231 3201 334 3260 vassis
348 3199 451 3262 adbuc
465 3201 499 3260 in
514 3200 872 3348 paiop'obsernlientibas,
891 3213 922 3262 et
940 3215 1044 3266 tamen
1061 3201 1220 3288 beneficia

601 3307 631 3346 aa
652 3298 715 3346 enta
740 3305 785 3346 ras.

206 3387 283 3453 Vll.
311 3387 312 3392 ἵ
326 3393 375 3455 De
395 3393 494 3455 vassis
514 3391 686 3454 dominicis
696 3391 754 3473 qui
767 3390 873 3453 adhuc
887 3390 973 3474 iutra
987 3411 1091 3454 cusam
1104 3390 1265 3468 serviunt,

123 3478 280 3534 ettamen
302 3473 460 3538 beneficia
474 3476 593 3537 hahere
615 3484 807 3552 noscuntur,
826 3483 980 3537 statutum
997 3484 1045 3540 est
1068 3484 1105 3538 ut
1127 3475 1268 3557 quicun-

124 3573 189 3636 que
206 3575 246 3614 ex
265 3556 311 3616 eis
330 3578 405 3618 cum
417 3559 545 3620 Dumna
571 3559 768 3642 Imperatore
789 3557 875 3618 domi
897 3557 1125 3634 remanserint,
1146 3558 1266 3620 vassal-

123 3634 259 3700 lossnos
274 3648 394 3702 casatos
414 3663 524 3703 secum
549 3663 615 3702 uon
634 3641 810 3720 retineant,
836 3639 894 3704 sed
919 3661 994 3702 eum
1019 3641 1144 3709 Gemite
1171 3641 1265 3704 cuius

122 3737 279 3800 pagenses
299 3731 375 3783 sunt
393 3719 442 3785 ire
464 3723 663 3807 permittant.

123 3823 172 3884 De
183 3830 428 3912 praeparatione
440 3830 485 3891 ad
500 3833 620 3892 laostem
636 3829 809 3892 secundnm
823 3831 984 3913 antiquam
994 3828 1263 3894 consuetudinem.
1295 3864 1299 3872 ·

206 3927 301 3994 Vlll.
345 3935 565 3998 constitutum
581 3947 630 3999 est
645 3947 680 3999 ut
700 3936 882 4000 secundum
908 3936 1075 4018 antiquam
1093 3945 1266 3998 consuetu·

122 4010 233 4074 dinem
253 4017 456 4098 praeparatio
478 4019 518 4080 ad
535 4020 662 4082 bostem
674 4021 855 4082 faciendam
880 4017 1081 4082 indicaretur
1103 4027 1135 4082 ct
1153 4013 1266 4080 serva-

119 4103 226 4175 retur,
248 4097 282 4160 id
302 4107 361 4176 cst,
386 4099 539 4162 victualia
556 4104 597 4165 de
621 4102 808 4164 marchand
827 4111 894 4163 tres
910 4123 1036 4164 menses
1058 4111 1091 4166 et
1110 4123 1196 4162 arma
1215 4109 1264 4161 ut-

121 4197 187 4259 que
208 4179 401 4243 vestimentu
419 4183 462 4244 ita
483 4184 648 4248 observari
669 4185 804 4269 placuit,
822 4195 858 4246 ut
877 4181 928 4247 his
946 4185 1003 4268 qui
1019 4183 1196 4246 de'llhenu
1225 4181 1287 4246 τιὰΛ

120 4261 271 4346 Ligerem
283 4275 436 4350 pergunt,
456 4266 495 4330 de
517 4267 631 4353 Ligere
648 4269 777 4331 initium
790 4269 894 4334 victus
908 4268 958 4332 sui
979 4269 1196 4353 computetur.
1224 4261 1265 4326 Hi
