2920 4972
314 333 495 391 acan..
564 329 959 402 nacunsaancoaun
1065 334 1126 396 rso.
1231 303 1281 392 79

147 474 197 538 De
224 474 406 545 Monate,
433 472 578 546 (loricis,
599 473 853 549 etPrerbytcnis.
895 472 938 533 Et
968 473 1008 534 de
1029 477 1131 535 nervis
1151 478 1282 540 alredus

565 577 629 616 non
649 553 871 616 sollicitandis.
956 593 959 598 -

592 638 622 697 0
643 659 664 697 n
682 659 701 698 n
721 659 732 696 1
749 659 764 696 a
783 657 804 698 u
821 659 846 698 s.

232 720 335 788 XXII.
378 722 460 782 Item
478 720 512 778 in
538 720 653 781 eodem
677 717 827 780 Concilio
848 720 934 782 infra
952 721 1015 783 dua
1031 724 1184 808 capitula,
1205 747 1297 789 nec-·

151 825 218 870 non
236 817 268 868 et
286 807 320 866 in
340 805 479 867 decretis
500 803 616 864 Leonis
637 799 753 884 Papae,
780 809 815 862 ut
828 819 888 864 nec
909 805 1060 866 Monachi
1088 829 1148 869 nec
1164 809 1286 872 Clerici

152 911 215 952 nec
232 887 416 972 Presbyteri
441 886 476 946 in
492 884 650 954 secularia
665 883 795 966 negotia
813 893 988 948 transeant.
1030 889 1073 950 Et
1100 900 1136 950 ut
1156 911 1288 953 servum

153 973 287 1034 alterius
301 970 414 1032 nullus
428 968 583 1030 sollicitet
609 967 650 1027 ad
670 967 858 1048 clericatum
877 969 930 1031 vel
952 971 1175 1036 monachalem
1197 975 1288 1036 ordi·-

152 1074 230 1116 nern
254 1056 323 1116 sine
346 1054 514 1116 voluntate
538 1061 570 1112 ct
590 1049 725 1112 licentia
744 1050 868 1111 domini
886 1049 947 1112 sui.

171 1140 275 1198 Cone.
291 1137 401 1198 Chalc.
417 1155 489 1196 cau.
507 1135 538 1211 4.
579 1135 659 1200 Item
675 1131 734 1213 qui
752 1134 867 1194 revera
884 1141 915 1194 et
930 1133 1099 1198 manifeste
1112 1137 1290 1200 solitariam

235 1221 335 1284 vitam
350 1225 525 1294 sectantur,
540 1214 665 1276 honore
681 1216 878 1298 competenti
895 1217 1082 1300 fungantur.
1125 1221 1291 1298 Quoniam

238 1303 318 1366 verb
336 1301 470 1383 quidam
490 1299 550 1360 sub
568 1305 739 1382 praetextu
751 1297 880 1360 habitus
902 1299 1106 1379 monachilis,
1126 1302 1290 1366 Ecclesiae

238 1395 271 1447 et
287 1392 468 1454 conventus
486 1391 519 1443 et
537 1402 588 1442 res
614 1398 800 1442 communes
816 1379 1008 1460 disturbant,
1026 1382 1171 1448 civitates
1185 1386 1290 1449 indis-

239 1467 326 1531 creti
348 1467 598 1541 circumeuntes,
633 1473 664 1524 et
690 1463 881 1524 monasteria
905 1465 967 1526 sibi
996 1467 1194 1530 constituere
1220 1478 1289 1530 stu·-

239 1551 364 1629 dentes,
378 1548 500 1633 placuit
523 1567 681 1630 nusquam
703 1545 809 1615 ullum
841 1547 1009 1609 aedificare
1031 1549 1150 1612 debere
1182 1573 1291 1634 neque

239 1631 470 1694 monasterium
489 1629 699 1708 constituere,
717 1649 825 1712 neque
849 1631 1036 1709 oratorium,
1062 1632 1182 1716 absque
1213 1635 1293 1698 civi-

239 1716 312 1776 tatis
330 1714 484 1812 Episcopi
508 1709 695 1776 uoluntate.
736 1709 913 1774 Monachos
940 1714 1020 1777 verb
1047 1718 1107 1797 qui
1136 1725 1212 1778 sunt
1232 1739 1293 1802 per

237 1797 384 1881 singulas
400 1796 546 1860 civitates
567 1806 601 1857 et
620 1794 817 1878 provincias,
845 1795 1013 1881 Episcopis
1039 1797 1183 1862 subditos
1212 1820 1293 1877 esse,

235 1891 272 1943 et
289 1880 433 1962 quietem
446 1880 594 1963 diligere,
609 1887 642 1938 ct
656 1877 787 1940 ieiuniis
810 1899 878 1940 esse
910 1879 1054 1942 intentos
1078 1889 1111 1943 et
1140 1882 1296 1944 orationi·
1395 1953 1397 1962 .

235 1965 309 2041 hus,
324 1963 401 2024 etin
418 1962 484 2024 illis
497 1961 578 2029 locis
597 1959 767 2022 observare
782 1960 816 2021 in
833 1960 951 2042 quibus
966 1963 1076 2024 seculo
1091 1965 1294 2026 renuntiasse

238 2046 404 2108 videntur.
447 2046 660 2127 Nequaquam
680 2052 788 2103 antem
813 2044 1037 2108 ecclesiasticis
1061 2048 1115 2108 vel
1137 2047 1294 2110 seculari-

238 2129 300 2190 bus
315 2128 413 2196 rebus
432 2127 681 2204 communicare,
702 2147 763 2188 nec
791 2125 1067 2210 importunitatem
1094 2129 1218 2192 inferre
1241 2129 1296 2190 de·

241 2212 334 2273 sertis
364 2211 505 2295 propriis
533 2209 747 2286 monasteriis,
778 2209 842 2271 nisi
876 2209 960 2272 fortir
1002 2212 1140 2294 quaesiti
1170 2211 1296 2274 fuerint

241 2303 374 2377 propter
399 2315 526 2356 causam
538 2291 749 2354 necessariam
766 2292 934 2356 acivitatis
947 2293 1119 2378 Episcopo.
1162 2295 1245 2356 Sane
1260 2293 1295 2354 iu

241 2376 442 2439 monasteriis
462 2397 528 2437 non
545 2375 613 2438 'esse
631 2373 873 2457 suscipiendum
889 2397 1020 2438 servum
1041 2379 1082 2440 ad
1099 2376 1298 2440 Monachum

242 2459 429 2520 faciendum
440 2468 568 2542 praeter
582 2457 706 2540 proprii
723 2457 846 2518 domini
871 2459 1080 2522 voluntatem.
1123 2460 1191 2541 Qui
1214 2459 1296 2523 verb

243 2541 307 2602 hoc
323 2541 533 2602 constitutum
549 2549 695 2601 nostrum
715 2541 899 2619 excesserit,
928 2544 1040 2606 euml
1066 2543 1297 2608 communione

243 2623 399 2707 suspendi
420 2621 691 2700 decrevimusne
712 2643 830 2684 nomen
843 2624 905 2685 Dei
918 2623 1167 2708 blasphemetur.
1210 2625 1299 2686 Civi-

243 2708 316 2768 tatis
331 2717 439 2768 autem
453 2706 650 2850 Episcopum
666 2713 792 2790 oportet
806 2716 1042 2791 competentem
1056 2708 1304 2795 providentiam.

245 2790 445 2851 monasteriis
460 2789 569 2872 impen
595 2810 660 2851 ere.

182 2871 259 2934 Leo.
278 2893 305 2932 c.
329 2895 354 2932 1.
396 2872 622 2932 Admittuntur
642 2871 758 2954 passim
784 2871 824 2932 ad
846 2870 994 2934 ordinem
1025 2893 1151 2932 sacrum
1178 2871 1303 2956 quibns'

244 2955 337 3016 nulla
353 2954 519 3034 natalium,
540 2953 631 3014 nulla
651 2975 777 3015 morum
790 2953 928 3037 dignitas
942 2954 1141 3038 suffragatur.
1182 2957 1224 3018 Et
1239 2947 1300 3037 qui

240 3038 417 3100 abdominis
436 3037 503 3099 suis
523 3037 705 3098 libertatem
722 3035 876 3119 consequi
893 3037 1026 3099 minime
1047 3045 1237 3120 potuerunt,
1257 3037 1301 3098 ad

244 3121 409 3204 fastigium
430 3119 613 3196 sacerdotii,
629 3129 792 3203 tamquam
813 3119 940 3182 servilis
956 3121 1064 3182 vilitas
1080 3119 1170 3181 hunc
1191 3120 1299 3182 hono-

244 3203 444 3286 remcapiat,
463 3201 700 3286 provehuntur.
741 3203 782 3262 Et
804 3199 934 3284 probari
962 3203 1032 3263 Deo
1067 3224 1159 3286 posse
1188 3203 1298 3264 credi-

246 3292 312 3364 tur,
326 3287 384 3368 qui
404 3285 536 3347 domino
551 3283 610 3346 suo
627 3285 768 3347 necdum
784 3284 918 3368 probare
947 3304 980 3346 se
1009 3285 1124 3368 potnit.
1165 3286 1300 3370 Duplex

246 3369 356 3449 itaque
382 3368 415 3427 in
439 3367 500 3429 hac
523 3377 613 3450 parte
642 3378 750 3430 reatus
775 3377 838 3439 cst;
873 3367 962 3449 quod
991 3377 1023 3429 et
1046 3389 1172 3429 sacrum
1198 3366 1300 3428 mini-

208 3449 214 3460 ’
246 3452 382 3512 sterium
395 3451 468 3512 telis
490 3450 644 3511 consortii
670 3451 793 3512 vilitate
825 3449 996 3532 polluitur,
1021 3460 1052 3510 et
1081 3449 1298 3527 dominorum,

247 3534 406 3615 quantum
428 3533 469 3594 ad
490 3533 634 3594 inlicitae
665 3531 883 3615 usurpationis
906 3532 1121 3594 temeritatem
1145 3534 1298 3617 pertinet,

245 3617 317 3676 iura
346 3616 488 3678 solvunt.
539 3615 589 3678 Ab
609 3615 660 3677 his
687 3620 815 3696 itaque,
843 3617 959 3676 fratres
985 3615 1151 3693 carissimi,
1188 3633 1300 3678 omnes

247 3709 372 3760 vestrae
390 3699 580 3782 provinciae
597 3698 780 3766 abstineant
796 3697 995 3760 Sacerdotes.
1028 3699 1071 3774 Et
1088 3717 1154 3757 non
1174 3699 1301 3760 tantum

247 3781 285 3840 ab
299 3781 361 3859 his,
376 3781 434 3846 sed
450 3780 488 3841 ab
504 3781 575 3842 aliis
594 3780 689 3840 etiam
704 3780 761 3860 qui
783 3780 932 3864 originali
947 3789 1002 3840 aut
1018 3777 1118 3840 alicui
1135 3781 1300 3843 conditio-

246 3863 281 3922 ni
298 3863 432 3946 ohligati
454 3874 540 3942 sunt,
563 3863 712 3925 volumus
731 3863 913 3946 temperari,
936 3863 998 3923 nisi
1015 3861 1098 3923 fortb
1119 3867 1231 3924 corum
1246 3885 1301 3946 pe-

149 3989 154 3998 .
246 3941 320 4006 titio
341 3956 395 4006 aut
411 3947 561 4008 voluntas
578 3945 746 4008 accesserit
766 3946 823 4028 qui
840 3945 966 4026 aliquid
980 3944 1040 4006 sibi
1061 3944 1095 4003 in
1121 3966 1175 4006 eos
1190 3945 1300 4008 vindi-

247 4037 322 4088 cant
340 4029 514 4111 potestatis.
555 4029 660 4090 Debet
688 4027 775 4088 enim
803 4050 870 4090 esse
895 4027 1045 4087 immunis
1076 4027 1115 4087 ab
1146 4026 1218 4088 aliis
1240 4031 1301 4111 qui

247 4111 377 4171 divinae
393 4111 529 4172 militiae
551 4111 652 4171 fuerit
673 4111 906 4193 adgregandus,
936 4111 1004 4170 uta
1025 4110 1136 4172 castris
1159 4111 1300 4172 domini·

248 4193 305 4270 cis,
321 4193 439 4274 quibus
455 4215 573 4255 nomen
597 4193 666 4257 eius
681 4193 884 4272 adscribitur,
904 4193 1004 4256 nullis
1019 4192 1215 4260 necessitatis
1232 4194 1288 4263 vin

249 4275 331 4338 culis
349 4276 556 4340 abstrahatur.
785 4300 788 4307 ·
1217 4291 1219 4299 ’
