<?xml version="1.0" encoding="UTF-8"?>
<!DOCTYPE html PUBLIC "-//W3C//DTD XHTML 1.0 Transitional//EN"
    "http://www.w3.org/TR/xhtml1/DTD/xhtml1-transitional.dtd">
<html xmlns="http://www.w3.org/1999/xhtml" xml:lang="en" lang="en">
 <head>
  <title>
</title>
<meta http-equiv="Content-Type" content="text/html;charset=utf-8" />
  <meta name='ocr-system' content='tesseract 3.04.00' />
  <meta name='ocr-capabilities' content='ocr_page ocr_carea ocr_par ocr_line ocrx_word'/>
</head>
<body>
  <div class='ocr_page' id='page_1' title='image "./corpusiurisgerm05visigoog_0072.png"; bbox 0 0 2920 4972; ppageno 0'>
   <div class='ocr_carea' id='block_1_1' title="bbox 277 317 1264 402">
    <p class='ocr_par' dir='ltr' id='par_1_1' title="bbox 277 317 1264 402">
     <span class='ocr_line' id='line_1_1' title="bbox 277 317 1264 402; baseline -0.009 -2"><span class='ocrx_word' id='word_1_1' title='bbox 277 343 313 400; x_wconf 80' lang='lat' dir='ltr'><strong>n.</strong></span> <span class='ocrx_word' id='word_1_2' title='bbox 333 343 420 400; x_wconf 79' lang='lat' dir='ltr'><strong>cun.</strong></span> <span class='ocrx_word' id='word_1_3' title='bbox 525 339 663 402; x_wconf 84' lang='lat' dir='ltr'><strong>nrcun</strong></span> <span class='ocrx_word' id='word_1_4' title='bbox 681 335 959 402; x_wconf 63' lang='lat' dir='ltr'><strong>rnnnconun*</strong></span> <span class='ocrx_word' id='word_1_5' title='bbox 1003 339 1065 402; x_wconf 80' lang='lat' dir='ltr'><strong>ns.</strong></span> <span class='ocrx_word' id='word_1_6' title='bbox 1214 317 1264 394; x_wconf 76' lang='lat'><strong>59</strong></span> 
     </span>
    </p>
   </div>
   <div class='ocr_carea' id='block_1_2' title="bbox 144 471 1361 629">
    <p class='ocr_par' dir='ltr' id='par_1_2' title="bbox 144 471 1361 629">
     <span class='ocr_line' id='line_1_2' title="bbox 144 471 1361 628; baseline -0.006 -80"><span class='ocrx_word' id='word_1_7' title='bbox 144 483 228 548; x_wconf 57' lang='lat' dir='ltr'><strong>«De</strong></span> <span class='ocrx_word' id='word_1_8' title='bbox 267 480 400 546; x_wconf 80' lang='lat' dir='ltr'><em>decimis</em></span> <span class='ocrx_word' id='word_1_9' title='bbox 429 479 546 544; x_wconf 81' lang='lat' dir='ltr'><strong>dandis</strong></span> <span class='ocrx_word' id='word_1_10' title='bbox 553 507 572 555; x_wconf 86' lang='lat'><strong>,·</strong></span> <span class='ocrx_word' id='word_1_11' title='bbox 605 495 636 544; x_wconf 82' lang='lat' dir='ltr'><strong>et</strong></span> <span class='ocrx_word' id='word_1_12' title='bbox 654 471 727 628; x_wconf 22' lang='lat' dir='ltr'><strong>“ped</strong></span> <span class='ocrx_word' id='word_1_13' title='bbox 753 485 923 546; x_wconf 84' lang='lat' dir='ltr'><strong>iussionem</strong></span> <span class='ocrx_word' id='word_1_14' title='bbox 951 473 1106 568; x_wconf 74' lang='lat' dir='ltr'><strong><em>Episcopi</em></strong></span> <span class='ocrx_word' id='word_1_15' title='bbox 1134 477 1263 567; x_wconf 81' lang='lat' dir='ltr'><strong>dispen-</strong></span> <span class='ocrx_word' id='word_1_16' title='bbox 1357 487 1361 500; x_wconf 91' lang='lat'>&#39;</span> 
     </span>
     <span class='ocr_line' id='line_1_3' title="bbox 645 588 1277 629; baseline -0.005 -1"><span class='ocrx_word' id='word_1_17' title='bbox 645 588 701 629; x_wconf 81' lang='lat' dir='ltr'><strong>son</strong></span> <span class='ocrx_word' id='word_1_18' title='bbox 726 589 763 626; x_wconf 85' lang='lat' dir='ltr'><strong>rs.</strong></span> <span class='ocrx_word' id='word_1_19' title='bbox 1163 603 1166 612; x_wconf 24' lang='grc' dir='ltr'>λ</span> <span class='ocrx_word' id='word_1_20' title='bbox 1274 597 1277 602; x_wconf 94' lang='grc'>-</span> 
     </span>
    </p>
   </div>
   <div class='ocr_carea' id='block_1_3' title="bbox 215 665 1377 762">
    <p class='ocr_par' dir='ltr' id='par_1_3' title="bbox 215 665 1377 762">
     <span class='ocr_line' id='line_1_4' title="bbox 215 665 1377 762; baseline -0.008 -24"><span class='ocrx_word' id='word_1_21' title='bbox 215 676 289 740; x_wconf 89' lang='lat' dir='ltr'>VII.</span> <span class='ocrx_word' id='word_1_22' title='bbox 310 675 359 735; x_wconf 89' lang='lat' dir='ltr'><strong>De</strong></span> <span class='ocrx_word' id='word_1_23' title='bbox 380 669 531 750; x_wconf 84' lang='lat' dir='ltr'><strong>decimis,</strong></span> <span class='ocrx_word' id='word_1_24' title='bbox 555 681 592 734; x_wconf 87' lang='lat' dir='ltr'><strong>ut</strong></span> <span class='ocrx_word' id='word_1_25' title='bbox 613 670 839 756; x_wconf 86' lang='lat' dir='ltr'><strong>unnsquisque</strong></span> <span class='ocrx_word' id='word_1_26' title='bbox 860 695 951 734; x_wconf 84' lang='lat' dir='ltr'><strong>sunm</strong></span> <span class='ocrx_word' id='word_1_27' title='bbox 975 665 1134 736; x_wconf 81' lang='lat' dir='ltr'><strong>decimam</strong></span> <span class='ocrx_word' id='word_1_28' title='bbox 1155 669 1277 762; x_wconf 61' lang='lat' dir='ltr'><strong>donet,</strong></span> <span class='ocrx_word' id='word_1_29' title='bbox 1312 665 1317 676; x_wconf 76' lang='grc'><em>’</em></span> <span class='ocrx_word' id='word_1_30' title='bbox 1372 669 1377 682; x_wconf 91' lang='grc'>’</span> 
     </span>
    </p>
   </div>
   <div class='ocr_carea' id='block_1_4' title="bbox 132 753 1282 956">
    <p class='ocr_par' dir='ltr' id='par_1_4' title="bbox 132 753 1282 958">
     <span class='ocr_line' id='line_1_5' title="bbox 132 753 1282 844; baseline -0.005 -24"><span class='ocrx_word' id='word_1_31' title='bbox 132 768 232 842; x_wconf 79' lang='lat' dir='ltr'><strong>atque</strong></span> <span class='ocrx_word' id='word_1_32' title='bbox 250 779 310 842; x_wconf 90' lang='lat' dir='ltr'><strong>per</strong></span> <span class='ocrx_word' id='word_1_33' title='bbox 328 756 503 818; x_wconf 89' lang='lat' dir='ltr'><strong>iussionem</strong></span> <span class='ocrx_word' id='word_1_34' title='bbox 522 753 688 818; x_wconf 84' lang='lat' dir='ltr'><strong>Pontificis</strong></span> <span class='ocrx_word' id='word_1_35' title='bbox 709 753 923 838; x_wconf 81' lang='lat' dir='ltr'><strong>dispensetur.</strong></span> <span class='ocrx_word' id='word_1_36' title='bbox 968 836 971 844; x_wconf 22' lang='grc'>1</span> <span class='ocrx_word' id='word_1_37' title='bbox 1101 831 1104 838; x_wconf 30' lang='grc' dir='ltr'>Ι</span> <span class='ocrx_word' id='word_1_38' title='bbox 1279 829 1282 838; x_wconf 87' lang='lat'><em>.</em></span> 
     </span>
     <span class='ocr_line' id='line_1_6' title="bbox 174 860 1280 956; baseline -0.006 -27.069"><span class='ocrx_word' id='word_1_39' title='bbox 174 869 225 932; x_wconf 84' lang='lat' dir='ltr'><strong>De</strong></span> <span class='ocrx_word' id='word_1_40' title='bbox 249 868 313 956; x_wconf 85' lang='lat' dir='ltr'><strong>reis</strong></span> <span class='ocrx_word' id='word_1_41' title='bbox 333 867 390 949; x_wconf 80' lang='lat' dir='ltr'><strong>qui</strong></span> <span class='ocrx_word' id='word_1_42' title='bbox 408 865 491 928; x_wconf 85' lang='lat' dir='ltr'><strong>mori</strong></span> <span class='ocrx_word' id='word_1_43' title='bbox 507 861 634 952; x_wconf 84' lang='lat' dir='ltr'><strong>debent,</strong></span> <span class='ocrx_word' id='word_1_44' title='bbox 652 874 687 952; x_wconf 80' lang='lat' dir='ltr'><strong>ut</strong></span> <span class='ocrx_word' id='word_1_45' title='bbox 705 860 906 954; x_wconf 17' lang='lat' dir='ltr'><strong>obNEcciesio</strong></span> <span class='ocrx_word' id='word_1_46' title='bbox 927 883 991 926; x_wconf 84' lang='lat' dir='ltr'><strong>non</strong></span> <span class='ocrx_word' id='word_1_47' title='bbox 1012 861 1226 945; x_wconf 85' lang='lat' dir='ltr'><strong>defensentur.</strong></span> <span class='ocrx_word' id='word_1_48' title='bbox 1276 917 1280 926; x_wconf 90' lang='grc'><strong>,</strong></span> 
     </span>
    </p>
   </div>
   <div class='ocr_carea' id='block_1_5' title="bbox 132 953 1341 1202">
    <p class='ocr_par' dir='ltr' id='par_1_5' title="bbox 132 953 1341 1202">
     <span class='ocr_line' id='line_1_7' title="bbox 216 953 1280 1054; baseline -0.004 -22"><span class='ocrx_word' id='word_1_49' title='bbox 216 955 307 1037; x_wconf 83' lang='lat' dir='ltr'>v11&#39;1.</span> <span class='ocrx_word' id='word_1_50' title='bbox 332 953 579 1032; x_wconf 47' lang='lat' dir='ltr'><strong>Ut&#39;homicidae</strong></span> <span class='ocrx_word' id='word_1_51' title='bbox 605 978 638 1032; x_wconf 88' lang='lat' dir='ltr'><strong>et</strong></span> <span class='ocrx_word' id='word_1_52' title='bbox 665 968 784 1031; x_wconf 83' lang='lat' dir='ltr'><strong>caeteri</strong></span> <span class='ocrx_word' id='word_1_53' title='bbox 805 968 855 1030; x_wconf 89' lang='lat' dir='ltr'><strong>rei</strong></span> <span class='ocrx_word' id='word_1_54' title='bbox 877 970 936 1050; x_wconf 86' lang='lat' dir='ltr'><strong>qui</strong></span> <span class='ocrx_word' id='word_1_55' title='bbox 960 969 1193 1054; x_wconf 78' lang='lat' dir='ltr'><strong>legibusmcri</strong></span> <span class='ocrx_word' id='word_1_56' title='bbox 1216 969 1280 1032; x_wconf 53' lang='lat' dir='ltr'><strong>des.</strong></span> 
     </span>
     <span class='ocr_line' id='line_1_8' title="bbox 133 1051 1341 1138; baseline -0.006 -17"><span class='ocrx_word' id='word_1_57' title='bbox 133 1057 225 1134; x_wconf 82' lang='lat' dir='ltr'><strong>bont,</strong></span> <span class='ocrx_word' id='word_1_58' title='bbox 246 1055 273 1118; x_wconf 87' lang='lat' dir='ltr'><strong>si</strong></span> <span class='ocrx_word' id='word_1_59' title='bbox 285 1055 326 1116; x_wconf 84' lang='lat' dir='ltr'><strong>ad</strong></span> <span class='ocrx_word' id='word_1_60' title='bbox 339 1053 519 1116; x_wconf 85' lang='lat' dir='ltr'><strong>Ecclesiam</strong></span> <span class='ocrx_word' id='word_1_61' title='bbox 539 1051 756 1138; x_wconf 83' lang='lat' dir='ltr'><strong>confugerint,</strong></span> <span class='ocrx_word' id='word_1_62' title='bbox 776 1073 843 1114; x_wconf 90' lang='lat' dir='ltr'><strong>non</strong></span> <span class='ocrx_word' id='word_1_63' title='bbox 862 1062 1070 1133; x_wconf 79' lang='lat' dir='ltr'><strong>excusentur,</strong></span> <span class='ocrx_word' id='word_1_64' title='bbox 1096 1051 1205 1137; x_wconf 80' lang='lat' dir='ltr'><strong>deque</strong></span> <span class='ocrx_word' id='word_1_65' title='bbox 1223 1051 1270 1116; x_wconf 86' lang='lat' dir='ltr'><strong>eis</strong></span> <span class='ocrx_word' id='word_1_66' title='bbox 1335 1057 1341 1070; x_wconf 83' lang='lat'><strong><em>&#39;</em></strong></span> 
     </span>
     <span class='ocr_line' id='line_1_9' title="bbox 132 1136 860 1202; baseline -0.014 0"><span class='ocrx_word' id='word_1_67' title='bbox 132 1139 257 1202; x_wconf 81' lang='lat' dir='ltr'><strong>ibidem</strong></span> <span class='ocrx_word' id='word_1_68' title='bbox 275 1136 381 1200; x_wconf 80' lang='lat' dir='ltr'><strong>rictus</strong></span> <span class='ocrx_word' id='word_1_69' title='bbox 400 1136 505 1200; x_wconf 89' lang='lat' dir='ltr'><strong>detur.</strong></span> <span class='ocrx_word' id='word_1_70' title='bbox 858 1167 860 1176; x_wconf 73' lang='lat'>‚</span> 
     </span>
    </p>
   </div>
   <div class='ocr_carea' id='block_1_6' title="bbox 135 1219 1330 1884">
    <p class='ocr_par' dir='ltr' id='par_1_6' title="bbox 135 1219 1330 1884">
     <span class='ocr_line' id='line_1_10' title="bbox 362 1219 1044 1342; baseline 0.003 -28"><span class='ocrx_word' id='word_1_71' title='bbox 362 1243 509 1337; x_wconf 81' lang='lat' dir='ltr'><strong>Qualiter</strong></span> <span class='ocrx_word' id='word_1_72' title='bbox 530 1251 570 1342; x_wconf 83' lang='lat' dir='ltr'><strong>de</strong></span> <span class='ocrx_word' id='word_1_73' title='bbox 592 1225 768 1314; x_wconf 78' lang='lat' dir='ltr'><strong>latronibus</strong></span> <span class='ocrx_word' id='word_1_74' title='bbox 785 1219 974 1336; x_wconf 78' lang='lat' dir='ltr'><strong>faciendum</strong></span> <span class='ocrx_word' id='word_1_75' title='bbox 993 1255 1044 1316; x_wconf 87' lang='lat' dir='ltr'><strong>sit.</strong></span> 
     </span>
     <span class='ocr_line' id='line_1_11' title="bbox 153 1359 1272 1450; baseline -0.002 -24"><span class='ocrx_word' id='word_1_76' title='bbox 153 1427 157 1442; x_wconf 74' lang='grc'>,</span> <span class='ocrx_word' id='word_1_77' title='bbox 185 1433 188 1450; x_wconf 41' lang='grc' dir='ltr'>Ι</span> <span class='ocrx_word' id='word_1_78' title='bbox 219 1364 277 1428; x_wconf 81' lang='lat' dir='ltr'><strong>tx.</strong></span> <span class='ocrx_word' id='word_1_79' title='bbox 297 1365 340 1424; x_wconf 88' lang='lat' dir='ltr'><strong>Ut</strong></span> <span class='ocrx_word' id='word_1_80' title='bbox 359 1362 500 1425; x_wconf 82' lang='lat' dir='ltr'><strong>latrones</strong></span> <span class='ocrx_word' id='word_1_81' title='bbox 525 1359 565 1422; x_wconf 88' lang='lat' dir='ltr'><strong>de</strong></span> <span class='ocrx_word' id='word_1_82' title='bbox 585 1359 671 1422; x_wconf 83' lang='lat' dir='ltr'><strong>infre</strong></span> <span class='ocrx_word' id='word_1_83' title='bbox 690 1359 899 1426; x_wconf 79' lang='lat' dir='ltr'><strong>emunitatem</strong></span> <span class='ocrx_word' id='word_1_84' title='bbox 921 1359 972 1422; x_wconf 90' lang='lat' dir='ltr'><strong>illi</strong></span> <span class='ocrx_word' id='word_1_85' title='bbox 992 1361 1124 1426; x_wconf 83' lang='lat' dir='ltr'><strong>Indices</strong></span> <span class='ocrx_word' id='word_1_86' title='bbox 1145 1360 1188 1439; x_wconf 79' lang='lat' dir='ltr'><strong>ed</strong></span> <span class='ocrx_word' id='word_1_87' title='bbox 1206 1362 1272 1424; x_wconf 87' lang='lat' dir='ltr'><strong>Co-</strong></span> 
     </span>
     <span class='ocr_line' id='line_1_12' title="bbox 135 1441 1278 1530; baseline -0.005 -20"><span class='ocrx_word' id='word_1_88' title='bbox 135 1447 252 1510; x_wconf 79' lang='lat' dir='ltr'><strong>mitum</strong></span> <span class='ocrx_word' id='word_1_89' title='bbox 269 1445 391 1530; x_wconf 72' lang='lat' dir='ltr'><strong>placite</strong></span> <span class='ocrx_word' id='word_1_90' title='bbox 408 1453 630 1528; x_wconf 76' lang='lat' dir='ltr'><strong>praesentent:</strong></span> <span class='ocrx_word' id='word_1_91' title='bbox 669 1445 713 1506; x_wconf 89' lang='lat' dir='ltr'><strong>Et</strong></span> <span class='ocrx_word' id='word_1_92' title='bbox 734 1443 791 1526; x_wconf 89' lang='lat' dir='ltr'><strong>qui</strong></span> <span class='ocrx_word' id='word_1_93' title='bbox 812 1441 876 1504; x_wconf 90' lang='lat' dir='ltr'><strong>hoc</strong></span> <span class='ocrx_word' id='word_1_94' title='bbox 897 1464 963 1504; x_wconf 87' lang='lat' dir='ltr'><strong>non</strong></span> <span class='ocrx_word' id='word_1_95' title='bbox 983 1443 1101 1507; x_wconf 86' lang='lat' dir='ltr'><strong>iecerit</strong></span> <span class='ocrx_word' id='word_1_96' title='bbox 1133 1445 1278 1508; x_wconf 79' lang='lat' dir='ltr'><strong>&#39;beneii-.</strong></span> 
     </span>
     <span class='ocr_line' id='line_1_13' title="bbox 137 1492 1330 1612; baseline -0.003 -21"><span class='ocrx_word' id='word_1_97' title='bbox 137 1531 226 1591; x_wconf 87' lang='lat' dir='ltr'><strong>cium</strong></span> <span class='ocrx_word' id='word_1_98' title='bbox 245 1537 278 1592; x_wconf 88' lang='lat' dir='ltr'><strong>et</strong></span> <span class='ocrx_word' id='word_1_99' title='bbox 298 1527 458 1592; x_wconf 86' lang='lat' dir='ltr'><strong>honorem</strong></span> <span class='ocrx_word' id='word_1_100' title='bbox 481 1526 606 1610; x_wconf 85' lang='lat' dir='ltr'><strong>perdet.</strong></span> <span class='ocrx_word' id='word_1_101' title='bbox 654 1527 696 1588; x_wconf 93' lang='lat' dir='ltr'><strong>Et</strong></span> <span class='ocrx_word' id='word_1_102' title='bbox 706 1525 773 1610; x_wconf 80' lang='lat' dir='ltr'><strong>‘qui</strong></span> <span class='ocrx_word' id='word_1_103' title='bbox 797 1525 993 1589; x_wconf 87' lang='lat' dir='ltr'><strong>heneficium</strong></span> <span class='ocrx_word' id='word_1_104' title='bbox 1020 1550 1086 1590; x_wconf 90' lang='lat' dir='ltr'><strong>non</strong></span> <span class='ocrx_word' id='word_1_105' title='bbox 1106 1492 1272 1607; x_wconf 80' lang='lat' dir='ltr'><strong>imbuerit,</strong></span> <span class='ocrx_word' id='word_1_106' title='bbox 1328 1605 1330 1612; x_wconf 14' lang='grc' dir='ltr'><em>γ</em></span> 
     </span>
     <span class='ocr_line' id='line_1_14' title="bbox 136 1608 1274 1688; baseline -0.002 -14"><span class='ocrx_word' id='word_1_107' title='bbox 136 1615 283 1674; x_wconf 82' lang='lat' dir='ltr'><strong>hennum</strong></span> <span class='ocrx_word' id='word_1_108' title='bbox 302 1612 415 1676; x_wconf 76' lang='lat' dir='ltr'><strong>solvat.</strong></span> <span class='ocrx_word' id='word_1_109' title='bbox 455 1608 614 1670; x_wconf 80' lang='lat' dir='ltr'><strong>Similiter</strong></span> <span class='ocrx_word' id='word_1_110' title='bbox 636 1617 796 1674; x_wconf 78' lang='lat' dir='ltr'><strong>etruscus</strong></span> <span class='ocrx_word' id='word_1_111' title='bbox 815 1618 935 1688; x_wconf 88' lang='lat' dir='ltr'><strong>noster,</strong></span> <span class='ocrx_word' id='word_1_112' title='bbox 957 1609 1066 1674; x_wconf 76' lang='lat' dir='ltr'><strong>sihoc</strong></span> <span class='ocrx_word' id='word_1_113' title='bbox 1080 1631 1146 1676; x_wconf 92' lang='lat' dir='ltr'><strong>non</strong></span> <span class='ocrx_word' id='word_1_114' title='bbox 1170 1609 1274 1676; x_wconf 81' lang='lat' dir='ltr'><strong>adim-</strong></span> 
     </span>
     <span class='ocr_line' id='line_1_15' title="bbox 137 1691 1282 1788; baseline -0.004 -30"><span class='ocrx_word' id='word_1_115' title='bbox 137 1694 290 1788; x_wconf 73' lang='lat' dir='ltr'><strong>plererit,</strong></span> <span class='ocrx_word' id='word_1_116' title='bbox 311 1693 509 1776; x_wconf 69' lang='lat' dir='ltr'><strong>heneficium</strong></span> <span class='ocrx_word' id='word_1_117' title='bbox 523 1701 562 1762; x_wconf 77' lang='lat' dir='ltr'><strong>,et</strong></span> <span class='ocrx_word' id='word_1_118' title='bbox 582 1691 741 1756; x_wconf 85' lang='lat' dir='ltr'><strong>honorem</strong></span> <span class='ocrx_word' id='word_1_119' title='bbox 762 1693 886 1776; x_wconf 81' lang='lat' dir='ltr'><strong>perdat.</strong></span> <span class='ocrx_word' id='word_1_120' title='bbox 912 1761 915 1768; x_wconf 49' lang='grc'>,</span> <span class='ocrx_word' id='word_1_121' title='bbox 1279 1693 1282 1704; x_wconf 82' lang='lat'><em>&#39;</em></span> 
     </span>
     <span class='ocr_line' id='line_1_16' title="bbox 528 1799 817 1884; baseline -0.01 -22"><span class='ocrx_word' id='word_1_122' title='bbox 528 1843 531 1854; x_wconf 85' lang='lat'>·</span> <span class='ocrx_word' id='word_1_123' title='bbox 597 1799 646 1862; x_wconf 87' lang='lat' dir='ltr'><strong>De</strong></span> <span class='ocrx_word' id='word_1_124' title='bbox 665 1801 817 1884; x_wconf 87' lang='lat' dir='ltr'><strong>periuris.</strong></span> 
     </span>
    </p>
   </div>
   <div class='ocr_carea' id='block_1_7' title="bbox 139 1906 1276 2074">
    <p class='ocr_par' dir='ltr' id='par_1_7' title="bbox 139 1906 1276 2074">
     <span class='ocr_line' id='line_1_17' title="bbox 157 1906 1275 1991; baseline -0.006 -16"><span class='ocrx_word' id='word_1_125' title='bbox 157 1951 162 1958; x_wconf 90' lang='lat'>·</span> <span class='ocrx_word' id='word_1_126' title='bbox 215 1914 261 1974; x_wconf 66' lang='lat' dir='ltr'><strong>X.</strong></span> <span class='ocrx_word' id='word_1_127' title='bbox 275 1911 338 1974; x_wconf 48' lang='lat' dir='ltr'><strong>*De</strong></span> <span class='ocrx_word' id='word_1_128' title='bbox 360 1930 398 1971; x_wconf 90' lang='lat' dir='ltr'><strong>eo</strong></span> <span class='ocrx_word' id='word_1_129' title='bbox 423 1908 481 1990; x_wconf 87' lang='lat' dir='ltr'><strong>qui</strong></span> <span class='ocrx_word' id='word_1_130' title='bbox 501 1907 684 1991; x_wconf 84' lang='lat' dir='ltr'><strong>periurium</strong></span> <span class='ocrx_word' id='word_1_131' title='bbox 710 1906 844 1986; x_wconf 87' lang='lat' dir='ltr'><strong>fecerit,</strong></span> <span class='ocrx_word' id='word_1_132' title='bbox 873 1907 998 1970; x_wconf 82' lang='lat' dir='ltr'><strong>nnllam</strong></span> <span class='ocrx_word' id='word_1_133' title='bbox 1016 1906 1275 1990; x_wconf 87' lang='lat' dir='ltr'><strong>redemptionem</strong></span> 
     </span>
     <span class='ocr_line' id='line_1_18' title="bbox 139 1989 1276 2074; baseline -0.01 -14"><span class='ocrx_word' id='word_1_134' title='bbox 139 1996 207 2074; x_wconf 87' lang='lat' dir='ltr'><strong>det,</strong></span> <span class='ocrx_word' id='word_1_135' title='bbox 229 1993 291 2054; x_wconf 89' lang='lat' dir='ltr'><strong>nisi</strong></span> <span class='ocrx_word' id='word_1_136' title='bbox 309 2013 440 2052; x_wconf 83' lang='lat' dir='ltr'><strong>manum</strong></span> <span class='ocrx_word' id='word_1_137' title='bbox 461 1989 584 2074; x_wconf 82' lang='lat' dir='ltr'><strong>perdet.</strong></span> <span class='ocrx_word' id='word_1_138' title='bbox 631 1989 730 2070; x_wconf 77' lang='lat' dir='ltr'><strong>and</strong></span> <span class='ocrx_word' id='word_1_139' title='bbox 750 1989 777 2052; x_wconf 90' lang='lat' dir='ltr'><strong>si</strong></span> <span class='ocrx_word' id='word_1_140' title='bbox 800 2000 967 2052; x_wconf 78' lang='lat' dir='ltr'><strong>accusator</strong></span> <span class='ocrx_word' id='word_1_141' title='bbox 992 1992 1190 2052; x_wconf 84' lang='lat' dir='ltr'><strong>contendere</strong></span> <span class='ocrx_word' id='word_1_142' title='bbox 1214 2011 1276 2052; x_wconf 80' lang='lat' dir='ltr'><strong>vo·-</strong></span> 
     </span>
    </p>
   </div>
   <div class='ocr_carea' id='block_1_8' title="bbox 139 2072 1399 2158">
    <p class='ocr_par' dir='ltr' id='par_1_8' title="bbox 139 2072 1399 2158">
     <span class='ocr_line' id='line_1_19' title="bbox 139 2072 1399 2158; baseline -0.007 -18"><span class='ocrx_word' id='word_1_143' title='bbox 139 2077 241 2142; x_wconf 90' lang='lat' dir='ltr'><strong>luerit</strong></span> <span class='ocrx_word' id='word_1_144' title='bbox 255 2077 295 2137; x_wconf 93' lang='lat' dir='ltr'><strong>de</strong></span> <span class='ocrx_word' id='word_1_145' title='bbox 314 2073 560 2158; x_wconf 73' lang='lat' dir='ltr'><strong>ipseperiurio,</strong></span> <span class='ocrx_word' id='word_1_146' title='bbox 584 2081 670 2136; x_wconf 88' lang='lat' dir='ltr'><strong>stent</strong></span> <span class='ocrx_word' id='word_1_147' title='bbox 691 2072 731 2134; x_wconf 79' lang='lat' dir='ltr'><strong>ed</strong></span> <span class='ocrx_word' id='word_1_148' title='bbox 751 2094 892 2136; x_wconf 87' lang='lat' dir='ltr'><strong>crucem.</strong></span> <span class='ocrx_word' id='word_1_149' title='bbox 933 2073 975 2134; x_wconf 89' lang='lat' dir='ltr'><strong>Et</strong></span> <span class='ocrx_word' id='word_1_150' title='bbox 994 2074 1020 2138; x_wconf 88' lang='lat' dir='ltr'><strong>si</strong></span> <span class='ocrx_word' id='word_1_151' title='bbox 1039 2074 1162 2135; x_wconf 84' lang='lat' dir='ltr'><strong>iurator</strong></span> <span class='ocrx_word' id='word_1_152' title='bbox 1183 2073 1276 2134; x_wconf 84' lang='lat' dir='ltr'><strong>vioe·</strong></span> <span class='ocrx_word' id='word_1_153' title='bbox 1375 2083 1399 2096; x_wconf 74' lang='lat'><strong>‘¹</strong></span> 
     </span>
    </p>
   </div>
   <div class='ocr_carea' id='block_1_9' title="bbox 139 2155 1278 2410">
    <p class='ocr_par' dir='ltr' id='par_1_9' title="bbox 139 2155 1278 2410">
     <span class='ocr_line' id='line_1_20' title="bbox 139 2155 1276 2248; baseline -0.008 -24"><span class='ocrx_word' id='word_1_154' title='bbox 139 2163 196 2239; x_wconf 89' lang='lat' dir='ltr'><strong>rit,</strong></span> <span class='ocrx_word' id='word_1_155' title='bbox 217 2159 324 2248; x_wconf 74' lang='lat' dir='ltr'><strong>legem</strong></span> <span class='ocrx_word' id='word_1_156' title='bbox 343 2169 432 2218; x_wconf 83' lang='lat' dir='ltr'><strong>suam</strong></span> <span class='ocrx_word' id='word_1_157' title='bbox 455 2165 623 2218; x_wconf 79' lang='lat' dir='ltr'><strong>accusator</strong></span> <span class='ocrx_word' id='word_1_158' title='bbox 644 2155 803 2218; x_wconf 89' lang='lat' dir='ltr'><strong>emendet.</strong></span> <span class='ocrx_word' id='word_1_159' title='bbox 844 2156 912 2218; x_wconf 89' lang='lat' dir='ltr'><strong>Hoc</strong></span> <span class='ocrx_word' id='word_1_160' title='bbox 934 2157 1011 2218; x_wconf 76' lang='lat' dir='ltr'><strong>verb</strong></span> <span class='ocrx_word' id='word_1_161' title='bbox 1030 2155 1071 2218; x_wconf 91' lang='lat' dir='ltr'><strong>de</strong></span> <span class='ocrx_word' id='word_1_162' title='bbox 1094 2155 1276 2236; x_wconf 79' lang='lat' dir='ltr'><strong>minoribus</strong></span> 
     </span>
     <span class='ocr_line' id='line_1_21' title="bbox 140 2237 1278 2320; baseline -0.009 -14"><span class='ocrx_word' id='word_1_163' title='bbox 140 2243 245 2306; x_wconf 81' lang='lat' dir='ltr'><strong>causis</strong></span> <span class='ocrx_word' id='word_1_164' title='bbox 265 2240 510 2302; x_wconf 76' lang='lat' dir='ltr'><strong>ohsemandnm.</strong></span> <span class='ocrx_word' id='word_1_165' title='bbox 550 2241 602 2302; x_wconf 87' lang='lat' dir='ltr'><strong>De</strong></span> <span class='ocrx_word' id='word_1_166' title='bbox 620 2238 794 2300; x_wconf 79' lang='lat' dir='ltr'><strong>maioribus</strong></span> <span class='ocrx_word' id='word_1_167' title='bbox 817 2239 896 2301; x_wconf 76' lang='lat' dir='ltr'><strong>reri)</strong></span> <span class='ocrx_word' id='word_1_168' title='bbox 916 2239 1030 2320; x_wconf 87' lang='lat' dir='ltr'><strong>rebus,</strong></span> <span class='ocrx_word' id='word_1_169' title='bbox 1052 2247 1108 2299; x_wconf 85' lang='lat' dir='ltr'><strong>cut</strong></span> <span class='ocrx_word' id='word_1_170' title='bbox 1128 2239 1169 2300; x_wconf 89' lang='lat' dir='ltr'><strong>de</strong></span> <span class='ocrx_word' id='word_1_171' title='bbox 1187 2237 1278 2300; x_wconf 64' lang='lat' dir='ltr'><strong>‘statu</strong></span> 
     </span>
     <span class='ocr_line' id='line_1_22' title="bbox 140 2321 909 2410; baseline -0.008 -23"><span class='ocrx_word' id='word_1_172' title='bbox 140 2322 363 2410; x_wconf 59' lang='lat' dir='ltr'><strong>ingenuitatis,</strong></span> <span class='ocrx_word' id='word_1_173' title='bbox 391 2321 571 2384; x_wconf 82' lang='lat' dir='ltr'><strong>secunddm</strong></span> <span class='ocrx_word' id='word_1_174' title='bbox 589 2322 695 2404; x_wconf 82' lang='lat' dir='ltr'><strong>Iegem</strong></span> <span class='ocrx_word' id='word_1_175' title='bbox 717 2321 909 2382; x_wconf 80' lang='lat' dir='ltr'><strong>custodient.</strong></span> 
     </span>
    </p>
   </div>
   <div class='ocr_carea' id='block_1_10' title="bbox 141 2425 1282 3260">
    <p class='ocr_par' dir='ltr' id='par_1_10' title="bbox 149 2425 1265 2590">
     <span class='ocr_line' id='line_1_23' title="bbox 149 2425 1265 2519; baseline -0.004 -26"><span class='ocrx_word' id='word_1_176' title='bbox 149 2429 154 2519; x_wconf 37' lang='grc' dir='ltr'>ἶ</span> <span class='ocrx_word' id='word_1_177' title='bbox 181 2433 232 2500; x_wconf 86' lang='lat' dir='ltr'><strong>De</strong></span> <span class='ocrx_word' id='word_1_178' title='bbox 259 2431 434 2492; x_wconf 80' lang='lat' dir='ltr'><strong>latronibus</strong></span> <span class='ocrx_word' id='word_1_179' title='bbox 454 2427 533 2494; x_wconf 73' lang='lat' dir='ltr'><strong>iusti</strong></span> <span class='ocrx_word' id='word_1_180' title='bbox 550 2432 744 2518; x_wconf 79' lang='lat' dir='ltr'><strong>peremptis,</strong></span> <span class='ocrx_word' id='word_1_181' title='bbox 768 2427 859 2490; x_wconf 86' lang='lat' dir='ltr'><strong>etde</strong></span> <span class='ocrx_word' id='word_1_182' title='bbox 882 2429 1060 2492; x_wconf 77' lang='lat' dir='ltr'><strong>hominibus</strong></span> <span class='ocrx_word' id='word_1_183' title='bbox 1080 2425 1195 2488; x_wconf 70' lang='lat' dir='ltr'><strong>iniusti</strong></span> <span class='ocrx_word' id='word_1_184' title='bbox 1219 2447 1265 2513; x_wconf 83' lang='lat' dir='ltr'><strong>pu</strong></span> 
     </span>
     <span class='ocr_line' id='line_1_24' title="bbox 174 2513 749 2590; baseline 0.003 -18"><span class='ocrx_word' id='word_1_185' title='bbox 174 2519 177 2532; x_wconf 94' lang='lat'>&#39;</span> <span class='ocrx_word' id='word_1_186' title='bbox 253 2542 274 2574; x_wconf 57' lang='grc' dir='ltr'>η</span> <span class='ocrx_word' id='word_1_187' title='bbox 503 2525 561 2590; x_wconf 43' lang='grc'><strong>’,’</strong></span> <span class='ocrx_word' id='word_1_188' title='bbox 665 2513 749 2574; x_wconf 87' lang='lat' dir='ltr'><strong>nitis.</strong></span> 
     </span>
    </p>

    <p class='ocr_par' dir='ltr' id='par_1_11' title="bbox 141 2614 1282 3260">
     <span class='ocr_line' id='line_1_25' title="bbox 222 2614 1279 2688; baseline -0.003 -8"><span class='ocrx_word' id='word_1_189' title='bbox 222 2620 278 2680; x_wconf 91' lang='lat' dir='ltr'><strong>XI.</strong></span> <span class='ocrx_word' id='word_1_190' title='bbox 303 2620 353 2680; x_wconf 90' lang='lat' dir='ltr'><strong>De</strong></span> <span class='ocrx_word' id='word_1_191' title='bbox 373 2617 519 2680; x_wconf 81' lang='lat' dir='ltr'><strong>vindicta</strong></span> <span class='ocrx_word' id='word_1_192' title='bbox 546 2628 579 2681; x_wconf 90' lang='lat' dir='ltr'><strong>et</strong></span> <span class='ocrx_word' id='word_1_193' title='bbox 600 2619 722 2688; x_wconf 78' lang='lat' dir='ltr'><strong>iudicio</strong></span> <span class='ocrx_word' id='word_1_194' title='bbox 746 2620 832 2681; x_wconf 90' lang='lat' dir='ltr'><strong>iusto</strong></span> <span class='ocrx_word' id='word_1_195' title='bbox 852 2621 885 2682; x_wconf 93' lang='lat' dir='ltr'><strong>in</strong></span> <span class='ocrx_word' id='word_1_196' title='bbox 913 2619 1054 2686; x_wconf 82' lang='lat' dir='ltr'><strong>latrones</strong></span> <span class='ocrx_word' id='word_1_197' title='bbox 1076 2619 1162 2681; x_wconf 82' lang='lat' dir='ltr'><strong>fecto</strong></span> <span class='ocrx_word' id='word_1_198' title='bbox 1191 2614 1279 2679; x_wconf 85' lang='lat' dir='ltr'><strong>testi-</strong></span> 
     </span>
     <span class='ocr_line' id='line_1_26' title="bbox 141 2697 1278 2786; baseline -0.004 -21"><span class='ocrx_word' id='word_1_199' title='bbox 141 2702 253 2764; x_wconf 90' lang='lat' dir='ltr'><strong>monio</strong></span> <span class='ocrx_word' id='word_1_200' title='bbox 276 2700 511 2786; x_wconf 12' lang='lat' dir='ltr'><strong>Episcorornm</strong></span> <span class='ocrx_word' id='word_1_201' title='bbox 540 2697 661 2784; x_wconf 80' lang='lat' dir='ltr'><strong>ubsque</strong></span> <span class='ocrx_word' id='word_1_202' title='bbox 684 2713 817 2786; x_wconf 70' lang='lat' dir='ltr'><strong>peccato</strong></span> <span class='ocrx_word' id='word_1_203' title='bbox 845 2703 986 2766; x_wconf 90' lang='lat' dir='ltr'><strong>Comites</strong></span> <span class='ocrx_word' id='word_1_204' title='bbox 1011 2723 1079 2764; x_wconf 90' lang='lat' dir='ltr'><strong>esse</strong></span> <span class='ocrx_word' id='word_1_205' title='bbox 1101 2702 1278 2782; x_wconf 85' lang='lat' dir='ltr'><strong>dicuntur,</strong></span> 
     </span>
     <span class='ocr_line' id='line_1_27' title="bbox 141 2723 1281 2868; baseline -0.005 -22"><span class='ocrx_word' id='word_1_206' title='bbox 141 2787 188 2846; x_wconf 82' lang='lat' dir='ltr'><strong>itu</strong></span> <span class='ocrx_word' id='word_1_207' title='bbox 205 2794 312 2844; x_wconf 74' lang='lat' dir='ltr'><strong>temen</strong></span> <span class='ocrx_word' id='word_1_208' title='bbox 333 2793 370 2844; x_wconf 85' lang='lat' dir='ltr'><strong>ut</strong></span> <span class='ocrx_word' id='word_1_209' title='bbox 384 2723 504 2868; x_wconf 72' lang='lat' dir='ltr'><strong>aIquue</strong></span> <span class='ocrx_word' id='word_1_210' title='bbox 518 2785 642 2848; x_wconf 75' lang='lat' dir='ltr'><strong>invidus</strong></span> <span class='ocrx_word' id='word_1_211' title='bbox 660 2796 714 2846; x_wconf 84' lang='lat' dir='ltr'><strong>aut</strong></span> <span class='ocrx_word' id='word_1_212' title='bbox 733 2785 900 2848; x_wconf 86' lang='lat' dir='ltr'><strong>occasione</strong></span> <span class='ocrx_word' id='word_1_213' title='bbox 920 2785 1003 2846; x_wconf 81' lang='lat' dir='ltr'><strong>melu</strong></span> <span class='ocrx_word' id='word_1_214' title='bbox 1021 2778 1103 2846; x_wconf 87' lang='lat' dir='ltr'><strong>nihil</strong></span> <span class='ocrx_word' id='word_1_215' title='bbox 1123 2777 1213 2844; x_wconf 85' lang='lat' dir='ltr'><strong>uliud</strong></span> <span class='ocrx_word' id='word_1_216' title='bbox 1233 2781 1281 2841; x_wconf 91' lang='lat' dir='ltr'><strong>ibi</strong></span> 
     </span>
     <span class='ocr_line' id='line_1_28' title="bbox 142 2862 1281 2950; baseline -0.004 -22"><span class='ocrx_word' id='word_1_217' title='bbox 142 2869 371 2950; x_wconf 82' lang='lat' dir='ltr'><strong>interponatur</strong></span> <span class='ocrx_word' id='word_1_218' title='bbox 387 2867 450 2928; x_wconf 86' lang='lat' dir='ltr'><strong>nisi</strong></span> <span class='ocrx_word' id='word_1_219' title='bbox 464 2891 541 2931; x_wconf 79' lang='lat' dir='ltr'><strong>reru</strong></span> <span class='ocrx_word' id='word_1_220' title='bbox 556 2867 678 2928; x_wconf 88' lang='lat' dir='ltr'><strong>iustitia</strong></span> <span class='ocrx_word' id='word_1_221' title='bbox 698 2869 739 2930; x_wconf 88' lang='lat' dir='ltr'><strong>ad</strong></span> <span class='ocrx_word' id='word_1_222' title='bbox 755 2869 999 2950; x_wconf 88' lang='lat' dir='ltr'><strong>perficiendum.</strong></span> <span class='ocrx_word' id='word_1_223' title='bbox 1042 2869 1103 2929; x_wconf 85' lang='lat' dir='ltr'><strong>Ille</strong></span> <span class='ocrx_word' id='word_1_224' title='bbox 1122 2867 1199 2927; x_wconf 75' lang='lat' dir='ltr'><strong>verb</strong></span> <span class='ocrx_word' id='word_1_225' title='bbox 1220 2862 1281 2946; x_wconf 85' lang='lat' dir='ltr'><strong>qni</strong></span> 
     </span>
     <span class='ocr_line' id='line_1_29' title="bbox 141 2945 1280 3034; baseline -0.004 -24"><span class='ocrx_word' id='word_1_226' title='bbox 141 2949 341 3034; x_wconf 77' lang='lat' dir='ltr'><strong>pecudium,</strong></span> <span class='ocrx_word' id='word_1_227' title='bbox 365 2957 498 3032; x_wconf 70' lang='lat' dir='ltr'><strong>nutper</strong></span> <span class='ocrx_word' id='word_1_228' title='bbox 510 2950 632 3010; x_wconf 82' lang='lat' dir='ltr'><strong>malum</strong></span> <span class='ocrx_word' id='word_1_229' title='bbox 649 2951 828 3033; x_wconf 81' lang='lat' dir='ltr'><strong>ingenium,</strong></span> <span class='ocrx_word' id='word_1_230' title='bbox 852 2951 914 3028; x_wconf 77' lang='lat' dir='ltr'><strong>nisi</strong></span> <span class='ocrx_word' id='word_1_231' title='bbox 926 2971 993 3033; x_wconf 79' lang='lat' dir='ltr'><strong>.pr0</strong></span> <span class='ocrx_word' id='word_1_232' title='bbox 1016 2949 1137 3028; x_wconf 77' lang='lat' dir='ltr'><strong>iustitia</strong></span> <span class='ocrx_word' id='word_1_233' title='bbox 1157 2945 1280 3008; x_wconf 86' lang='lat' dir='ltr'><strong>incien-</strong></span> 
     </span>
     <span class='ocr_line' id='line_1_30' title="bbox 143 3029 1282 3116; baseline -0.005 -22"><span class='ocrx_word' id='word_1_234' title='bbox 143 3034 195 3110; x_wconf 82' lang='lat' dir='ltr'><strong>da,</strong></span> <span class='ocrx_word' id='word_1_235' title='bbox 216 3031 382 3092; x_wconf 89' lang='lat' dir='ltr'><strong>hominem</strong></span> <span class='ocrx_word' id='word_1_236' title='bbox 405 3031 587 3110; x_wconf 86' lang='lat' dir='ltr'><strong>disfecerit,</strong></span> <span class='ocrx_word' id='word_1_237' title='bbox 615 3033 772 3094; x_wconf 85' lang='lat' dir='ltr'><strong>honorem</strong></span> <span class='ocrx_word' id='word_1_238' title='bbox 790 3055 885 3095; x_wconf 86' lang='lat' dir='ltr'><strong>suum</strong></span> <span class='ocrx_word' id='word_1_239' title='bbox 901 3033 1026 3116; x_wconf 81' lang='lat' dir='ltr'><strong>perdat,</strong></span> <span class='ocrx_word' id='word_1_240' title='bbox 1052 3035 1095 3109; x_wconf 82' lang='lat' dir='ltr'><strong>(et</strong></span> <span class='ocrx_word' id='word_1_241' title='bbox 1112 3029 1282 3105; x_wconf 82' lang='lat' dir='ltr'><strong>hominem</strong></span> 
     </span>
     <span class='ocr_line' id='line_1_31' title="bbox 143 3110 1280 3258; baseline -0.004 -83"><span class='ocrx_word' id='word_1_242' title='bbox 143 3111 381 3258; x_wconf 74' lang='lat' dir='ltr'><strong>que&#39;mdinIuste</strong></span> <span class='ocrx_word' id='word_1_243' title='bbox 406 3115 572 3176; x_wconf 83' lang='lat' dir='ltr'><strong>interiecit</strong></span> <span class='ocrx_word' id='word_1_244' title='bbox 591 3115 646 3198; x_wconf 77' lang='lat' dir='ltr'><strong>s),</strong></span> <span class='ocrx_word' id='word_1_245' title='bbox 674 3115 854 3178; x_wconf 72' lang='lat' dir='ltr'><strong>secundiim</strong></span> <span class='ocrx_word' id='word_1_246' title='bbox 873 3136 1012 3200; x_wconf 86' lang='lat' dir='ltr'><strong>poenam</strong></span> <span class='ocrx_word' id='word_1_247' title='bbox 1033 3137 1130 3198; x_wconf 85' lang='lat' dir='ltr'><strong>quum</strong></span> <span class='ocrx_word' id='word_1_248' title='bbox 1154 3110 1280 3190; x_wconf 85' lang='lat' dir='ltr'><strong>intulit,</strong></span> 
     </span>
     <span class='ocr_line' id='line_1_32' title="bbox 143 3204 1109 3260; baseline -0.003 0"><span class='ocrx_word' id='word_1_249' title='bbox 143 3204 237 3260; x_wconf 83' lang='lat' dir='ltr'><strong>&#39;emen</strong></span> <span class='ocrx_word' id='word_1_250' title='bbox 263 3206 303 3258; x_wconf 89' lang='lat' dir='ltr'><strong>et.</strong></span> <span class='ocrx_word' id='word_1_251' title='bbox 1108 3215 1109 3218; x_wconf 73' lang='grc'>’</span> 
     </span>
    </p>
   </div>
   <div class='ocr_carea' id='block_1_11' title="bbox 142 3301 1282 3452">
    <p class='ocr_par' dir='ltr' id='par_1_12' title="bbox 142 3301 1282 3452">
     <span class='ocr_line' id='line_1_33' title="bbox 156 3301 1282 3390; baseline -0.004 -23"><span class='ocrx_word' id='word_1_252' title='bbox 156 3303 160 3310; x_wconf 87' lang='grc'><strong>’</strong></span> <span class='ocrx_word' id='word_1_253' title='bbox 189 3303 232 3367; x_wconf 85' lang='lat' dir='ltr'><strong>Ut</strong></span> <span class='ocrx_word' id='word_1_254' title='bbox 249 3325 286 3364; x_wconf 82' lang='lat' dir='ltr'><strong>eo</strong></span> <span class='ocrx_word' id='word_1_255' title='bbox 304 3315 532 3365; x_wconf 79' lang='lat' dir='ltr'><strong>conserventur</strong></span> <span class='ocrx_word' id='word_1_256' title='bbox 548 3321 628 3386; x_wconf 84' lang='lat' dir='ltr'><strong>quae</strong></span> <span class='ocrx_word' id='word_1_257' title='bbox 643 3307 678 3366; x_wconf 87' lang='lat' dir='ltr'><strong>in</strong></span> <span class='ocrx_word' id='word_1_258' title='bbox 689 3305 821 3390; x_wconf 81' lang='lat' dir='ltr'><strong>&#39;placitis</strong></span> <span class='ocrx_word' id='word_1_259' title='bbox 837 3317 868 3366; x_wconf 90' lang='lat' dir='ltr'><strong>et</strong></span> <span class='ocrx_word' id='word_1_260' title='bbox 882 3303 1014 3383; x_wconf 83' lang='lat' dir='ltr'><strong>synodis</strong></span> <span class='ocrx_word' id='word_1_261' title='bbox 1036 3303 1192 3390; x_wconf 80' lang='lat' dir='ltr'><strong>Pippinus</strong></span> <span class='ocrx_word' id='word_1_262' title='bbox 1209 3301 1282 3363; x_wconf 81' lang='lat' dir='ltr'><strong>Rex</strong></span> 
     </span>
     <span class='ocr_line' id='line_1_34' title="bbox 142 3389 792 3452; baseline -0.014 5"><span class='ocrx_word' id='word_1_263' title='bbox 142 3393 145 3402; x_wconf 69' lang='grc'>’</span> <span class='ocrx_word' id='word_1_264' title='bbox 620 3389 792 3452; x_wconf 79' lang='lat' dir='ltr'><strong>constitnit.</strong></span> 
     </span>
    </p>
   </div>
   <div class='ocr_carea' id='block_1_12' title="bbox 106 3489 1283 3738">
    <p class='ocr_par' dir='ltr' id='par_1_13' title="bbox 106 3489 1283 3738">
     <span class='ocr_line' id='line_1_35' title="bbox 142 3489 1283 3578; baseline -0.006 -24"><span class='ocrx_word' id='word_1_265' title='bbox 142 3553 148 3567; x_wconf 71' lang='grc'><em>,</em></span> <span class='ocrx_word' id='word_1_266' title='bbox 229 3494 302 3555; x_wconf 88' lang='lat' dir='ltr'><strong>XII.</strong></span> <span class='ocrx_word' id='word_1_267' title='bbox 330 3494 481 3578; x_wconf 84' lang='lat' dir='ltr'><strong>Capitula</strong></span> <span class='ocrx_word' id='word_1_268' title='bbox 499 3496 578 3558; x_wconf 78' lang='lat' dir='ltr'><strong>veri)</strong></span> <span class='ocrx_word' id='word_1_269' title='bbox 598 3516 681 3578; x_wconf 88' lang='lat' dir='ltr'><strong>qnne</strong></span> <span class='ocrx_word' id='word_1_270' title='bbox 700 3495 805 3557; x_wconf 83' lang='lat' dir='ltr'><strong>bonae</strong></span> <span class='ocrx_word' id='word_1_271' title='bbox 826 3496 998 3557; x_wconf 87' lang='lat' dir='ltr'><strong>memoriae</strong></span> <span class='ocrx_word' id='word_1_272' title='bbox 1022 3489 1148 3575; x_wconf 78' lang='lat' dir='ltr'><strong>genitor</strong></span> <span class='ocrx_word' id='word_1_273' title='bbox 1171 3497 1283 3566; x_wconf 78' lang='lat' dir='ltr'><strong>noster</strong></span> 
     </span>
     <span class='ocr_line' id='line_1_36' title="bbox 106 3571 1283 3662; baseline -0.004 -26"><span class='ocrx_word' id='word_1_274' title='bbox 106 3623 108 3627; x_wconf 84' lang='lat'><em>.</em></span> <span class='ocrx_word' id='word_1_275' title='bbox 142 3581 294 3661; x_wconf 66' lang='lat' dir='ltr'><strong>Domnus,</strong></span> <span class='ocrx_word' id='word_1_276' title='bbox 309 3576 470 3660; x_wconf 81' lang='lat' dir='ltr'><strong>Pippinus</strong></span> <span class='ocrx_word' id='word_1_277' title='bbox 487 3579 556 3640; x_wconf 84' lang='lat' dir='ltr'><strong>Rex</strong></span> <span class='ocrx_word' id='word_1_278' title='bbox 580 3579 614 3639; x_wconf 93' lang='lat' dir='ltr'><strong>in</strong></span> <span class='ocrx_word' id='word_1_279' title='bbox 635 3578 706 3640; x_wconf 85' lang='lat' dir='ltr'><strong>suis</strong></span> <span class='ocrx_word' id='word_1_280' title='bbox 723 3579 854 3662; x_wconf 78' lang='lat' dir='ltr'><strong>placitis</strong></span> <span class='ocrx_word' id='word_1_281' title='bbox 866 3589 902 3659; x_wconf 80' lang='lat' dir='ltr'><strong>g)</strong></span> <span class='ocrx_word' id='word_1_282' title='bbox 925 3575 1093 3648; x_wconf 86' lang='lat' dir='ltr'><strong>constituit</strong></span> <span class='ocrx_word' id='word_1_283' title='bbox 1115 3584 1147 3642; x_wconf 85' lang='lat' dir='ltr'><strong>ct</strong></span> <span class='ocrx_word' id='word_1_284' title='bbox 1171 3571 1206 3632; x_wconf 92' lang='lat' dir='ltr'><strong>in</strong></span> <span class='ocrx_word' id='word_1_285' title='bbox 1228 3590 1283 3652; x_wconf 79' lang='lat' dir='ltr'><strong>sy-</strong></span> 
     </span>
     <span class='ocr_line' id='line_1_37' title="bbox 144 3659 781 3738; baseline 0.005 -18"><span class='ocrx_word' id='word_1_286' title='bbox 144 3659 256 3738; x_wconf 88' lang='lat' dir='ltr'><strong>nodis,</strong></span> <span class='ocrx_word' id='word_1_287' title='bbox 281 3679 473 3723; x_wconf 83' lang='lat' dir='ltr'><strong>conservure</strong></span> <span class='ocrx_word' id='word_1_288' title='bbox 495 3661 655 3722; x_wconf 85' lang='lat' dir='ltr'><strong>volumus.</strong></span> <span class='ocrx_word' id='word_1_289' title='bbox 776 3679 781 3692; x_wconf 89' lang='lat'><strong>·</strong></span> 
     </span>
    </p>
   </div>
   <div class='ocr_carea' id='block_1_13' title="bbox 312 3767 1112 3832">
    <p class='ocr_par' dir='ltr' id='par_1_14' title="bbox 312 3767 1112 3832">
     <span class='ocr_line' id='line_1_38' title="bbox 312 3767 1112 3832; baseline -0.001 -6"><span class='ocrx_word' id='word_1_290' title='bbox 312 3767 363 3827; x_wconf 89' lang='lat' dir='ltr'><strong>De</strong></span> <span class='ocrx_word' id='word_1_291' title='bbox 387 3769 478 3829; x_wconf 85' lang='lat' dir='ltr'><strong>nonis</strong></span> <span class='ocrx_word' id='word_1_292' title='bbox 501 3781 532 3832; x_wconf 88' lang='lat' dir='ltr'><strong>et</strong></span> <span class='ocrx_word' id='word_1_293' title='bbox 549 3767 682 3830; x_wconf 86' lang='lat' dir='ltr'><strong>decimis</strong></span> <span class='ocrx_word' id='word_1_294' title='bbox 698 3769 753 3830; x_wconf 83' lang='lat' dir='ltr'><strong>vel</strong></span> <span class='ocrx_word' id='word_1_295' title='bbox 774 3791 872 3831; x_wconf 78' lang='lat' dir='ltr'><strong>censu,</strong></span> <span class='ocrx_word' id='word_1_296' title='bbox 888 3769 1112 3830; x_wconf 80' lang='lat' dir='ltr'><strong>Ecclesinrum.</strong></span> 
     </span>
    </p>
   </div>
   <div class='ocr_carea' id='block_1_14' title="bbox 142 3873 1281 4045">
    <p class='ocr_par' dir='ltr' id='par_1_15' title="bbox 142 3873 1281 4045">
     <span class='ocr_line' id='line_1_39' title="bbox 142 3873 1281 3955; baseline -0.004 -20"><span class='ocrx_word' id='word_1_297' title='bbox 142 3931 151 3948; x_wconf 61' lang='lat'><strong>„</strong></span> <span class='ocrx_word' id='word_1_298' title='bbox 227 3873 313 3934; x_wconf 86' lang='lat' dir='ltr'>XIII.</span> <span class='ocrx_word' id='word_1_299' title='bbox 335 3877 383 3938; x_wconf 92' lang='lat' dir='ltr'><strong>De</strong></span> <span class='ocrx_word' id='word_1_300' title='bbox 401 3876 501 3948; x_wconf 61' lang='lat' dir='ltr'><strong>,rebus</strong></span> <span class='ocrx_word' id='word_1_301' title='bbox 517 3876 594 3955; x_wconf 76' lang='lat' dir='ltr'><strong>verb</strong></span> <span class='ocrx_word' id='word_1_302' title='bbox 614 3876 843 3954; x_wconf 82' lang='lat' dir='ltr'><strong>Ecclesinrnm,</strong></span> <span class='ocrx_word' id='word_1_303' title='bbox 865 3876 952 3939; x_wconf 90' lang='lat' dir='ltr'><strong>unde</strong></span> <span class='ocrx_word' id='word_1_304' title='bbox 974 3893 1064 3932; x_wconf 87' lang='lat' dir='ltr'><strong>nunc</strong></span> <span class='ocrx_word' id='word_1_305' title='bbox 1087 3892 1201 3932; x_wconf 84' lang='lat' dir='ltr'><strong>census</strong></span> <span class='ocrx_word' id='word_1_306' title='bbox 1224 3891 1281 3931; x_wconf 86' lang='lat' dir='ltr'><strong>ex·</strong></span> 
     </span>
     <span class='ocr_line' id='line_1_40' title="bbox 145 3955 1281 4045; baseline -0.003 -28"><span class='ocrx_word' id='word_1_307' title='bbox 145 3963 237 4034; x_wconf 84' lang='lat' dir='ltr'><strong>eunt,</strong></span> <span class='ocrx_word' id='word_1_308' title='bbox 264 3957 388 4018; x_wconf 86' lang='lat' dir='ltr'><strong>decima</strong></span> <span class='ocrx_word' id='word_1_309' title='bbox 407 3967 440 4020; x_wconf 90' lang='lat' dir='ltr'><strong>et</strong></span> <span class='ocrx_word' id='word_1_310' title='bbox 457 3981 544 4020; x_wconf 83' lang='lat' dir='ltr'><strong>nonu</strong></span> <span class='ocrx_word' id='word_1_311' title='bbox 565 3981 638 4022; x_wconf 79' lang='lat' dir='ltr'><strong>curn</strong></span> <span class='ocrx_word' id='word_1_312' title='bbox 655 3959 723 4045; x_wconf 88' lang='lat' dir='ltr'><strong>ipso</strong></span> <span class='ocrx_word' id='word_1_313' title='bbox 738 3980 840 4021; x_wconf 89' lang='lat' dir='ltr'><strong>censu</strong></span> <span class='ocrx_word' id='word_1_314' title='bbox 858 3959 899 4020; x_wconf 89' lang='lat' dir='ltr'><strong>sit</strong></span> <span class='ocrx_word' id='word_1_315' title='bbox 914 3956 1034 4026; x_wconf 84' lang='lat' dir='ltr'><strong>soluta;</strong></span> <span class='ocrx_word' id='word_1_316' title='bbox 1057 3965 1090 4016; x_wconf 88' lang='lat' dir='ltr'><strong>ct</strong></span> <span class='ocrx_word' id='word_1_317' title='bbox 1111 3955 1198 4016; x_wconf 87' lang='lat' dir='ltr'><strong>unde</strong></span> <span class='ocrx_word' id='word_1_318' title='bbox 1223 3975 1281 4014; x_wconf 82' lang='lat' dir='ltr'><strong>an-</strong></span> 
     </span>
    </p>
   </div>
   <div class='ocr_carea' id='block_1_15' title="bbox 149 4117 386 4139">
    <p class='ocr_par' dir='ltr' id='par_1_16' title="bbox 149 4117 386 4139">
     <span class='ocr_line' id='line_1_41' title="bbox 149 4117 386 4139; baseline 0.004 -6"><span class='ocrx_word' id='word_1_319' title='bbox 149 4117 386 4139; x_wconf 64' lang='lat' dir='ltr'>t———-—-</span> 
     </span>
    </p>
   </div>
   <div class='ocr_carea' id='block_1_16' title="bbox 177 4202 1244 4352">
    <p class='ocr_par' dir='ltr' id='par_1_17' title="bbox 177 4202 1244 4352">
     <span class='ocr_line' id='line_1_42' title="bbox 177 4202 1244 4288; baseline -0.002 -24"><span class='ocrx_word' id='word_1_320' title='bbox 177 4212 334 4282; x_wconf 70' lang='lat' dir='ltr'><strong>systmss.</strong></span> <span class='ocrx_word' id='word_1_321' title='bbox 359 4215 465 4283; x_wconf 73' lang='lat' dir='ltr'><strong>legibus</strong></span> <span class='ocrx_word' id='word_1_322' title='bbox 490 4229 689 4288; x_wconf 85' lang='lat' dir='ltr'><strong>contraquam</strong></span> <span class='ocrx_word' id='word_1_323' title='bbox 740 4221 808 4288; x_wconf 57' lang='lat' dir='ltr'><strong>vg)</strong></span> <span class='ocrx_word' id='word_1_324' title='bbox 825 4213 858 4267; x_wconf 80' lang='lat' dir='ltr'><strong>al.</strong></span> <span class='ocrx_word' id='word_1_325' title='bbox 876 4205 993 4268; x_wconf 71' lang='lat' dir='ltr'><strong>mss&#39;in</strong></span> <span class='ocrx_word' id='word_1_326' title='bbox 1016 4229 1066 4268; x_wconf 85' lang='lat' dir='ltr'><strong>suo</strong></span> <span class='ocrx_word' id='word_1_327' title='bbox 1082 4209 1197 4284; x_wconf 77' lang='lat' dir='ltr'><strong>placito.</strong></span> <span class='ocrx_word' id='word_1_328' title='bbox 1239 4202 1244 4211; x_wconf 86' lang='grc'><strong>’</strong></span> 
     </span>
     <span class='ocr_line' id='line_1_43' title="bbox 250 4284 1149 4352; baseline 0.006 -18"><span class='ocrx_word' id='word_1_329' title='bbox 250 4284 351 4338; x_wconf 84' lang='lat' dir='ltr'><strong>iniuste</strong></span> <span class='ocrx_word' id='word_1_330' title='bbox 366 4284 473 4352; x_wconf 70' lang='lat' dir='ltr'><strong>fecerit.</strong></span> <span class='ocrx_word' id='word_1_331' title='bbox 505 4317 507 4322; x_wconf 93' lang='lat'>·</span> <span class='ocrx_word' id='word_1_332' title='bbox 1148 4295 1149 4299; x_wconf 77' lang='grc'>’</span> 
     </span>
    </p>
   </div>
   <div class='ocr_carea' id='block_1_17' title="bbox 0 0 1486 4972">
    <p class='ocr_par' dir='ltr' id='par_1_18' title="bbox 0 0 1486 4972">
     <span class='ocr_line' id='line_1_44' title="bbox 0 0 1486 4972; baseline 0 0"><span class='ocrx_word' id='word_1_333' title='bbox 0 0 1486 4972; x_wconf 95' lang='lat' dir='ltr'><strong> </strong></span> 
     </span>
    </p>
   </div>
  </div>
 </body>
</html>
