2928 4986
212 326 248 380 n.
272 325 359 382 can.
471 322 608 381 annun
629 283 866 380 rnancoauu
970 323 1034 383 ara.
1154 304 1227 380 337

173 463 269 528 VIII.
312 467 361 526 De
382 463 479 526 rebus
500 463 589 525 uude
607 465 753 524 Domnus
778 460 919 522 Karalus
941 459 1121 544 Imperator
1143 465 1228 549 legi-

83 544 200 608 timam
220 545 410 610 vestituram
429 547 560 625 habuit,
590 555 624 608 et
640 545 703 607 hoc
722 547 765 606 ita
783 552 889 624 potest
910 544 1096 628 investigari
1119 557 1155 607 ut
1176 570 1229 610 se-

84 631 236 692 cundum
258 629 409 690 iustitiam
427 630 468 690 ad
483 652 541 692 nos
562 629 702 690 debeant
720 627 896 712 pertinere,
919 649 1124 723 nequaquam
1137 631 1230 692 volu·

83 733 172 790 mus,
194 713 221 774 si
246 711 347 774 nostri
367 723 463 774 testes
485 711 563 774 boui
587 721 619 772 et
640 711 749 774 idonei
767 718 853 786 sunt,
876 716 913 770 ut
933 709 988 770 alii
1003 711 1157 774 advertiis
1174 733 1229 775 eos

83 794 122 854 in
156 804 298 856 nostram
323 794 585 856 contrarietatem
616 801 821 875 consurgant.
874 791 1032 854 Adtamen
1056 791 1090 852 iu
1113 803 1167 854 tua
1188 796 1231 858 sit

82 877 295 962 providentia
313 899 350 937 ac
371 877 517 939 fidelium
530 887 714 940 nostrorum
736 875 795 958 qui
812 882 920 936 tecum
939 884 1027 952 sunt,
1049 876 1106 958 qui
1125 878 1231 940 nostri

85 969 186 1021 testes
204 967 272 1022 es‘se
289 959 420 1038 debent,
438 961 519 1021 boni
532 970 564 1022 et
577 981 707 1021 veraces
724 961 797 1020 sint.
839 957 942 1037 Porro
959 958 1111 1020 adversus
1127 960 1231 1022 eecle-

85 1041 232 1104 siastioas
253 1064 305 1106 res
327 1043 440 1104 eadem
466 1042 627 1108 sententia
647 1049 775 1104 maneat
795 1060 877 1122 quae
897 1052 1040 1124 tempore
1067 1041 1229 1124 [Domni]

87 1134 122 1186 et
143 1119 300 1207 genitoris
322 1125 424 1188 nostri
443 1127 550 1188 fuerat
567 1125 710 1208 prolata,
742 1132 778 1184 ut
801 1123 1022 1186 Ecclesiarum
1044 1123 1231 1188 defensores

89 1209 183 1288 [res]
206 1231 278 1270 snas
299 1204 413 1269 contra
434 1230 508 1270 suos
527 1207 722 1291 adpetitores
746 1205 858 1267 eadem
878 1208 949 1290 lege
973 1203 1150 1268 defendant
1166 1209 1232 1288 qud

88 1291 152 1372 ipsi
172 1291 326 1354 vixerunt
348 1291 407 1374 qui
425 1292 554 1353 easdem
567 1312 618 1352 res
640 1288 795 1353 Ecclesiis
813 1290 1091 1352 condonaverunt.
1134 1287 1231 1350 Simi-

89 1373 169 1434 liter
199 1383 233 1435 et
257 1373 405 1436 Ecclesia
431 1373 567 1434 eandem
596 1373 703 1456 legem
730 1365 847 1434 habeat
875 1372 1049 1436 adversum
1075 1371 1231 1454 petitores

89 1477 179 1533 suos,
196 1465 322 1516 tantum
341 1457 430 1518 salvat
451 1457 559 1518 nostrl
579 1455 709 1518 iustitia.

175 1539 230 1600 lx.
272 1539 322 1599 De
343 1548 459 1620 quarto
485 1539 628 1620 capitulo
655 1538 893 1623 expectandum
917 1536 1101 1600 censuimus
1127 1535 1232 1622 donec

91 1641 168 1682 cum
188 1620 387 1704 plurioribus
404 1621 572 1684 Fidelibns
592 1621 708 1685 nostris
736 1621 813 1684 inde
834 1620 1088 1684 consideremus.

229 1835 497 1897 CAPITULARE
532 1835 724 1898 TERTIUM
758 1825 862 1896 ANNI
891 1835 1093 1898 DCCCXIX.

156 1955 241 2030 Sive
270 1955 442 2049 Capitula
473 1957 519 2025 de
550 1957 853 2048 interpretatione
879 1955 987 2048 Legis
1013 1955 1167 2027 Saliene.
1195 1995 1226 2016 «ι

452 2109 495 2165 ΙΝ
529 2107 685 2164 NOMINE
720 2107 872 2164 DOMINI.

341 2229 504 2291 lncrrrnnr
534 2229 695 2290 Carra-uns
724 2227 820 2288 Luors
843 2227 988 2288 Sancte.

294 2359 343 2420 De
366 2361 505 2445 capitulo
524 2362 630 2444 primo
638 2405 651 2433 ,
674 2357 796 2430 idest,
820 2357 861 2418 de
883 2359 1035 2418 mannire.

137 2479 162 2537 Ῑ·
196 2444 265 2562 De
287 2500 352 2562 hoc
374 2500 518 2582 capitulo
540 2499 717 2561 iudicatum
745 2507 853 2560 estut
886 2497 943 2558 ille
971 2497 1029 2579 qui
1055 2501 1233 2582 mannitur,

94 2583 234 2666 spatium
257 2582 467 2644 mannitionis
487 2604 562 2644 suae
581 2605 641 2665 per
659 2581 870 2666 quadraginta
893 2590 1003 2642 noctes
1026 2579 1150 2646 habeat.
1191 2583 1236 2647 Et

96 2668 122 2727 si
140 2667 254 2728 Comes
272 2666 358 2726 infra
373 2663 628 2748 supradictarum
642 2664 787 2727 noctium
801 2685 973 2725 numerum
989 2665 1123 2727 mallum
1141 2690 1237 2730 snum

96 2769 162 2808 non
183 2748 344 2825 habuerit,
370 2748 475 2830 ipsum
493 2749 632 2831 spatium
646 2769 748 2830 usque
768 2748 808 2808 ad
825 2748 959 2808 mallum
977 2749 1109 2811 Comitis
1123 2759 1236 2811 exten-

97 2831 209 2907 datur,
240 2841 271 2892 et
296 2831 413 2892 deinde
440 2831 536 2892 detur
563 2831 594 2892 ei
619 2831 756 2915 spatium
779 2829 819 2892 ad
844 2839 1025 2912 respectum
1047 2831 1087 2892 ad
1112 2841 1236 2914 septem

97 2925 217 2975 noctes.
259 2913 340 2974 Inde
358 2935 424 2978 non
440 2914 584 2976 noctium
603 2914 714 3000 spatia,
740 2913 797 2976 sed
813 2915 979 2997 proximus
995 2912 1111 2976 mallus
1130 2915 1237 2978 Comi-

96 2996 137 3058 tis
160 2997 190 3058 ei
207 2996 414 3058 concedatur.

387 3105 437 3163 De
458 3103 513 3166 xl.
528 3105 675 3192 ¹capitulo
698 3105 792 3184 Legis
813 3103 947 3164 Salt‘cae.

174 3208 219 3272 II.
263 3210 298 3271 Si
319 3209 392 3293 quis
410 3231 540 3274 servum
560 3211 703 3274 alienum
724 3209 881 3272 occiderit
899 3210 953 3271 vel
969 3208 1165 3291 vendiderit,
1179 3214 1234 3277 vel

98 3293 277 3374 ingenuum
295 3293 463 3374 dimiserit,
486 3294 578 3356 mille
620 3293 842 3377 uadringeutis
863 3291 1014 3370 denariis,
1037 3296 1094 3378 qni
1109 3297 1237 3358 faciant

97 3375 216 3518 soligo?
236 3377 544 3462 trigintaquinque,
566 3317 737 3463 culpabilis
752 3375 924 3454 iudicetur,
947 3385 1082 3461 excepto
1098 3380 1236 3464 capitale

99 3467 130 3518 et
173 3461 306 3520 eaturd.

180 3543 229 3602 De
251 3542 314 3603 hoc
335 3541 440 3626 capite
461 3543 642 3604 iudicatum
662 3553 710 3604 est
731 3543 770 3602 ab
789 3541 951 3618 omnibus,
980 3550 1017 3602 nt
1037 3541 1064 3603 si
1084 3543 1141 3604 ille
1163 3565 1235 3606 ser·

100 3643 158 3682 vus
178 3624 235 3703 qui
258 3624 376 3688 iniuste
401 3626 551 3686 venditus
574 3626 626 3688 vel
647 3625 808 3708 ingenuus
834 3625 982 3685 dimissus
1003 3634 1145 3706 apparet,
1168 3647 1235 3688 non

101 3704 180 3764 alter
199 3725 259 3786 pro
281 3729 319 3768 eo
345 3709 379 3767 in
399 3709 472 3769 loco
495 3708 583 3770 illius
610 3709 815 3778 restituatur;
847 3707 924 3788 quia
952 3706 1108 3768 dixerunt
1132 3709 1236 3792 aliqui

101 3787 186 3867 quod
210 3788 297 3852 idem
318 3812 448 3868 servus,
473 3790 531 3873 qui
554 3792 717 3874 ingenuus
743 3789 892 3852 dimissus
911 3789 1034 3866 luerat,
1063 3790 1172 3852 denuo
1195 3793 1237 3854 ad

101 3869 266 3932 servitium
285 3872 393 3933 redire
415 3894 481 3933 non
506 3873 631 3951 debeat,
654 3875 711 3936 sed
727 3873 866 3958 pristino
890 3881 923 3933 et
944 3870 1121 3936 deminuet
1135 3875 1237 3942 servi·

100 3950 144 4013 tio
163 3953 418 4032 restitutusfiat,
447 3955 683 4018 iudicaverunt.
903 3961 904 3972 ¹

389 4062 437 4120 De
460 4061 548 4123 XIV.
569 4061 708 4145 cupiendo
730 4061 823 4142 Legis
845 4061 980 4125 Saliene.

183 4165 242 4230 ΙΙΙ.
286 4169 320 4230 Si
338 4169 410 4252 quis
428 4169 596 4251 ingennus
613 4167 764 4228 ancillam
780 4167 918 4229 alienam
932 4168 966 4228 in
980 4170 1170 4258 coniugium
1186 4193 1236 4237 ac-

103 4251 238 4334 ceperit,
263 4251 330 4336 ipse
354 4274 428 4314 cum
446 4273 484 4316 ea
502 4251 536 4312 in
556 4251 688 4313 servitio
707 4250 918 4335 implicetur.¹
1003 4300 1006 4310 .
1277 4241 1281 4270 ¹

938 4369 985 4440 22
