2952 4988
234 337 369 406 ncne
478 342 615 403 sesua
635 345 876 404 rasuconuu
983 345 1044 405 soe.
1189 333 1263 405 225

116 489 171 552 De
189 491 252 550 rita
271 501 302 550 et
320 490 560 550 conversatione
579 487 810 554 Monacboram
838 499 869 548 et
891 485 1186 552 Sanatimonialium
1203 514 1265 578 per

522 573 641 634 Missos
662 570 886 651 discutienda„

1004 643 1014 670 1

203 675 264 740 lv.
307 681 350 740 Ut
364 678 524 762 praedicti
541 679 632 740 Missi
651 699 712 761 per
727 677 871 758 singulas
889 677 1033 740 civitates
1051 689 1086 743 et
1103 694 1262 748 monaste·

118 761 173 822 ria
187 761 332 822 virorum
350 771 382 823 et
395 761 579 845 puellarum
591 760 803 844 praevideant
822 759 986 843 quomodb
1004 772 1059 822 aut
1071 765 1213 845 qualiter
1228 768 1264 828 in

121 843 272 907 domibus
295 843 517 906 Ecclesiarum
541 853 574 905 et
595 842 792 904 ornamentis
812 843 978 905 Ecclesiae
1001 847 1188 910 emendatae
1211 851 1265 912 vel

122 935 321 988 restauratae
337 948 405 990 esse
428 927 599 1005 videntur,
623 935 654 988 et
675 919 850 1008 diligenter
872 926 1039 1009 inquirant
1063 928 1103 990 de
1125 952 1266 994 conver-

123 1010 249 1071 satione
273 1010 495 1093 singulorum,
523 1011 575 1072 vel
601 1008 765 1094 quomodo
787 1010 994 1070 emendatum
1015 1010 1172 1074 habeant
1199 1015 1266 1076 uod

123 1093 276 1154 iussimus
302 1094 472 1154 decorum
491 1091 633 1156 lectione
661 1101 693 1152 et
716 1100 836 1170 cantu,
863 1093 1063 1176 caeterisque
1082 1038 1265 1180 disciplinis

125 1184 160 1236 et
178 1175 415 1238 ecclesiasiicae
437 1177 568 1260 regulae
586 1173 836 1260 pertinentibus.

455 1285 505 1343 De
530 1284 686 1344 thesauris
706 1281 936 1344 ecclesiasticis.

208 1391 249 1453 V.
290 1389 333 1450 Ut
345 1389 466 1472 singuli
484 1389 656 1475 Episcopi,
673 1387 831 1466 Abbates,
847 1395 880 1448 et
891 1388 1075 1452 Abbatissae
1090 1391 1268 1476 diligenter

125 1471 336 1536 considerent
352 1471 519 1536 thesauros
540 1471 795 1547 ecclesiasticos,
819 1491 860 1531 ne
879 1480 1012 1566 propter
1027 1475 1197 1556 perfidiam
1212 1489 1269 1542 aut

122 1553 367 1638 neglegentiam
386 1556 560 1618 custodum
575 1553 700 1636 aliquid
718 1553 758 1614 de
775 1573 925 1635 gemmas,
953 1563 1008 1615 aut
1027 1557 1067 1618 de
1087 1559 1187 1638 vasis,
1211 1583 1267 1623 re-

123 1636 216 1720 liquo
244 1639 374 1720 quoque
394 1639 546 1701 thesauro
570 1637 733 1720 perditum
757 1637 813 1707 sit;
851 1636 927 1718 quia
949 1639 1073 1700 dictum
1099 1650 1149 1702 est
1172 1645 1267 1718 nohis

125 1719 214 1804 quod
243 1721 461 1802 negotiatores
491 1721 621 1798 Iudaei,
655 1741 786 1780 necnon
815 1729 848 1780 ct
872 1718 928 1780 alii
957 1720 1141 1804 gloriantur
1176 1728 1268 1811 quod
1351 1793 1354 1800 ,

124 1801 282 1886 quicquid
302 1803 348 1866 eis
364 1805 506 1887 placeat,
528 1803 653 1888 possint
671 1803 710 1863 ab
731 1803 776 1863 eis
795 1823 913 1864 emere.

298 1913 349 1971 De
374 1912 563 1993 aequalitate
583 1913 603 1972 a
621 1894 732 1970 Missis
750 1905 918 1970 dominicis
932 1907 1099 1992 facienda.

208 2016 266 2079 Vl.
309 2019 469 2082 Volumus
491 2028 527 2078 ut
549 2016 729 2100 aequaliter
752 2015 842 2076 Missi
865 2015 967 2077 nostri
988 2017 1110 2080 faciant
1136 2020 1175 2082 de
1191 2008 1268 2084 ¹sin-

127 2099 211 2186 gulis
232 2101 354 2180 causis,
377 2102 444 2164 sive
462 2101 501 2162 de
520 2101 724 2178 heribanno,
746 2097 812 2159 sive
830 2099 870 2160 de
887 2099 1038 2180 advenis,
1059 2101 1124 2164 sive
1143 2104 1182 2165 de
1198 2128 1269 2168 cae-

76 2216 82 2221 ·
127 2184 206 2246 teris
225 2184 426 2267 quihuslibet
440 2184 553 2246 causis.
594 2185 643 2246 De
670 2180 802 2244 advenis
826 2181 977 2244 volumus
1006 2181 1116 2264 utqui
1145 2187 1268 2249 iamdiu

127 2267 295 2351 coniugati
317 2277 392 2329 sunt
409 2289 470 2351 per
486 2267 614 2351 singula
632 2266 719 2343 loca,
737 2272 777 2348 ιιιῑ
792 2264 837 2324 ἰ1)ἰ
850 2273 1021 2344 maneant,
1043 2267 1158 2336 etsioe
1172 2293 1268 2332 cansa

127 2357 183 2413 aut
200 2350 270 2411 sine
284 2351 393 2432 aliqua
413 2352 466 2412 cul
491 2375 508 2410 a
530 2373 595 2412 non
613 2349 691 2409 fiant
709 2347 816 2408 eiecti.
857 2347 1003 2430 Fugitivi
1028 2349 1106 2411 verb
1127 2354 1213 2416 servi
1236 2364 1269 2416 et

126 2433 269 2495 latrones
289 2435 428 2496 redeant
447 2374 489 2496 ad
504 2432 637 2520 propria
658 2433 739 2494 loca.
787 2443 791 2448 '
887 2451 889 2458 ·

368 2539 418 2600 De
438 2540 486 2600 bis
513 2542 569 2624 qui
589 2535 744 2623 beneficia
764 2537 878 2599 babent
899 2538 1028 2618 regalia.

211 2644 287 2708 VII.
330 2645 485 2708 Auditum
507 2644 661 2708 habemus
683 2642 825 2726 qualiter
846 2653 878 2706 et
898 2645 1059 2724 Comites,
1082 2657 1116 2708 et
1133 2646 1189 2708 alii
1206 2647 1269 2710 ho·

128 2725 230 2789 mines
256 2729 311 2812 qui
337 2739 446 2791 nostra
465 2728 625 2792 beneficia
651 2721 771 2789 habere
795 2727 966 2805 videntur,
994 2740 1181 2813 comparant
1205 2731 1269 2793 sibi

15 2811 18 2820 “
126 2811 339 2905 proprietates
364 2813 403 2875 de
428 2813 499 2897 ipso
529 2821 640 2874 nostro
665 2809 846 2888 beneficio,
878 2821 911 2872 et
930 2811 1057 2872 faciunt
1076 2813 1199 2876 servire
1227 2815 1269 2878 ad

127 2914 212 2975 ipsas
231 2895 444 2978 proprietates
472 2895 650 2956 servientes
675 2901 801 2960 nostros
831 2893 871 2954 de
896 2915 1008 2955 eorum
1032 2895 1213 2974 beneficio,
1236 2905 1269 2958 et

128 2985 235 3038 curtes
256 2988 384 3040 nostrae
409 2987 580 3040 remanent
609 2976 777 3054 desertae,
800 2985 833 3038 et
853 2976 887 3036 in
910 2977 1074 3060 aliquibus
1101 2975 1182 3040 locis
1206 2979 1268 3066 ipsi

126 3058 307 3122 vicinantes
323 3063 424 3122 multa
441 3062 524 3121 mala
539 3059 730 3142 patiuntur.'

230 3170 279 3230 De
302 3171 351 3229 bis
377 3171 432 3254 qui
447 3167 602 3251 fraudem
615 3167 745 3248 faciunt
765 3169 799 3226 in
816 3168 974 3247 regalibus
995 3165 1167 3252 benficiis.
1264 3201 1267 3211 ·

210 3276 300 3338 VIII.
341 3275 535 3338 Audivimus
555 3275 644 3358 qubd
658 3273 735 3334 alibi
757 3273 896 3335 reddant
910 3275 1106 3336 beneficium
1122 3287 1268 3340 nostrum

127 3357 168 3418 ad
188 3357 268 3420 alios
283 3358 430 3420 homines
444 3359 478 3420 iu
495 3359 743 3443 proprietatem,
768 3365 799 3417 et
819 3356 852 3416 in
876 3357 945 3441 ipso
962 3358 1083 3441 placito
1103 3359 1176 3420 dato
1195 3385 1268 3444 pre·

112 3441 173 3502 ¹tio
199 3452 386 3523 comparant
405 3443 488 3525 ipsas
510 3464 561 3504 res
575 3441 693 3502 iterbm
710 3441 772 3501 sibi
791 3439 825 3522 in
844 3440 998 3502 alodum:
1022 3441 1113 3522 quod
1130 3445 1265 3505 omnini)

127 3525 310 3584 cavendum
341 3534 388 3586 est
398 3551 405 3596 ;
426 3527 502 3608 quia
529 3524 584 3608 qui
605 3523 668 3584 hoo
687 3525 831 3600 faciunt,
862 3544 927 3582 non
959 3525 1044 3584 bene
1077 3527 1267 3586 custodiunt

75 3679 84 3689 ι
127 3605 225 3665 fidem
241 3629 338 3687 quam
359 3609 452 3668 nobis
471 3607 659 3692 promissam
681 3607 812 3666 habent.
854 3600 966 3666 Et'ne
989 3605 1073 3668 forte
1099 3606 1132 3665 in
1155 3608 1266 3692 aliqua

129 3687 321 3752 infidelitate
338 3689 561 3760 invenientem
584 3689 661 3772 quia
679 3690 736 3771 qui
753 3688 815 3750 hoc
837 3688 977 3767 faciunt,
999 3709 1059 3771 per
1074 3710 1189 3750 eorum
1210 3712 1266 3752 vo-

115 3769 287 3830 luntatem
308 3771 349 3833 ad
366 3793 458 3834 aures
477 3783 601 3834 nostras
616 3773 693 3832 talia
708 3793 804 3856 opera
821 3771 953 3832 illorum
972 3792 1037 3832 non
1056 3773 1265 3854 perveniunt.

155 3875 214 3938 De,
227 3877 275 3933 bis
291 3879 346 3961 qiai
360 3889 494 3961 propter
507 3879 674 3960 propriam
691 3878 843 3936 iustitiam
861 3875 1060 3936 dilatandam
1067 3877 1236 3958 sugantur.

209 3983 264 4042 IX.
307 3985 391 4044 Sunt
413 3993 444 4044 et
466 3985 521 4045 alii
542 3985 599 4068 qui
624 3983 780 4046 iustitiam
800 3983 928 4066 legibus
952 3983 1099 4068 recipere
1125 3979 1265 4070 dehent,

127 4074 160 4126 et
176 4063 209 4123 in
225 4074 350 4126 tantum
375 4068 457 4128 fiunt
472 4069 505 4127 in
531 4067 724 4150 quibusdam
741 4067 820 4127 locis
841 4067 963 4149 fatigati
978 4089 1080 4149 usque
1096 4069 1173 4130 dum
1187 4073 1265 4132 illo-

125 4170 198 4208 rum
212 4147 367 4210 iustitiam
386 4171 446 4234 per
464 4151 689 4214 fideiussorum
708 4171 821 4210 manus
841 4151 990 4227 tradunt,
1015 4151 1060 4210 ita
1080 4161 1116 4212 ut
1138 4153 1266 4237 aliquid

126 4231 178 4292 vel
200 4253 337 4314 parvum
362 4232 486 4321 possint
507 4234 650 4313 habere,
680 4242 712 4296 et
733 4234 882 4294 fortiores
909 4233 1088 4318 suscipiant
1110 4236 1265 4300 maiorem

125 4315 318 4399 portionem.

1025 4427 1069 4501 15
