2952 4988
240 353 275 408 s.
297 349 385 407 cur.
499 345 636 403 rinnon
658 333 896 426 rusuconun
1001 304 1064 394 ari.
1184 316 1255 391 255

115 487 305 556 fidelitatem
327 487 516 572 promittere
541 483 662 547 faciant
682 483 863 547 secundum
887 476 1159 544 consuetudinem
1174 476 1256 540 iam-

116 577 240 639 dudum
259 573 449 635 ordinatom.
492 571 534 632 Et
549 568 610 653 ipsi
625 569 771 652 aperiant
788 576 820 628 et
841 569 1099 647 interpretentur
1115 561 1180 624 illis
1199 560 1256 623 ho·

115 660 257 719 minibus
285 654 427 738 qualiter
445 651 553 738 ipsum
569 660 810 714 sacramentum
836 659 869 712 et
885 647 1082 710 'fidelitatem
1101 665 1178 730 erga
1196 664 1254 707 nos

115 760 245 806 servare
270 737 420 801 debeant

480 927 506 989 P
522 909 549 985 Β
565 922 591 984 h
606 925 633 986 E
650 919 674 986 C
690 921 717 984 E
733 921 758 985 P
774 920 801 984 Τ
816 921 844 984 U
860 924 894 984 M

164 1043 241 1121 Pro
268 1047 440 1140 Hisponis
467 1047 592 1140 quiin
619 1023 771 1138 regnum
798 1043 930 1114 Karoli
955 1031 1206 1135 confugerunt.

116 1185 205 1278 Hoc
238 1194 292 1251 est
317 1172 563 1276 praeceptum
606 1177 857 1247 concessionis
894 1187 1005 1269 atque
1040 1172 1257 1276 donationis

155 1306 267 1377 quam
280 1281 381 1376 seoi't
398 1279 571 1352 Karous
588 1279 804 1372 Imperator
817 1277 998 1374 profugis
1018 1275 1218 1370 Hisponis.

117 1437 169 1548 In
187 1486 318 1549 nomine
336 1483 451 1562 Patris,
472 1491 508 1544 et
525 1481 615 1560 Filii,
633 1489 666 1544 et
681 1469 958 1564 Spiritfisrsancti.
998 1477 1150 1556 Karalus,
1173 1499 1258 1541 sere-

118 1571 269 1635 nissimus
288 1567 471 1649 Augustus,
499 1567 516 1626 a
536 1569 607 1627 Deo
629 1573 813 1641 coronatus,
841 1585 995 1648 magnus,
1023 1561 1177 1648 pacificus
1195 1563 1258 1624 Im-

117 1663 267 1740 perator,
295 1647 474 1711 Ilomauum
493 1648 676 1730 gubernans
693 1647 889 1731 imperium,
918 1647 977 1728 qui
991 1653 1033 1717 ‚et
1047 1667 1107 1730 per
1127 1645 1257 1708 miseri-

117 1736 262 1800 cordiam
290 1732 353 1794 Dei
380 1733 450 1793 Rex
478 1733 679 1792 Francorum
702 1739 735 1792 et
761 1729 1065 1813 Longohardorum,
1099 1729 1255 1804 Beranae,

116 1817 330 1893 Gauscelino,
352 1814 566 1890 Gisolafredo‚
589 1813 737 1890 Odiloni,
757 1811 979 1894 Ermengario,
1000 1811 1169 1889 Ademaro,
1186 1808 1258 1872 Lai·

117 1902 223 1978 aulfo,
246 1908 278 1962 et
297 1894 617 1959 Erlino‘Comitibus.
657 1896 777 1958 Notum
791 1895 832 1958 sit
852 1891 942 1958 vohis
959 1895 1033 1978 quia
1051 1891 1102 1956 isti
1123 1891 1258 1980 Hispani

120 1987 160 2047 de
180 1992 285 2044 vestra
304 1976 493 2058 ministeria,
515 1979 674 2040 Martinus
695 1979 878 2064 Presbyter,
901 1977 1073 2056 lohannes,
1095 1975 1256 2056 Quintila,

119 2064 323 2148 Calepodius,
342 2061 520 2140 Asinarius,
538 2063 643 2144 Egila,
662 2061 855 2144 Stephanus,
871 2059 1026 2137 Rebellis,
1043 2060 1141 2139 Ofilo,
1159 2059 1257 2139 Atiln,

118 2147 337 2224 Fredemirus,
365 2145 531 2222 Amabilis,
561 2145 777 2224 Christianus,
798 2143 988 2228 Elperious,
1009 2144 1178 2222 Homodei,
1207 2143 1259 2203 Ia-

118 2241 245 2307 centus‚
268 2228 481 2312 Esperaudei,
503 2227 581 2290 item
598 2226 793 2312 Stephanus,
814 2225 992 2304 Zoleiman,
1015 2226 1257 2305 Marchatellus,

118 2313 317 2389 Teodaldus,
334 2308 535 2396 Paraparius,
557 2311 680 2390 Gumis,
696 2313 911 2389 castellanus,
926 2309 1112 2394 Ardericus,
1128 2313 1256 2388 Wasoo,

119 2389 276 2480 Wigisus,
299 2393 487 2477 Witerious,
512 2393 688 2472 Rancidus,
715 2395 944 2470 suniefredus,
966 2393 1133 2472 Amancio,
1154 2394 1257 2457 Caue-

119 2481 234 2556 rellus,
255 2478 503 2559 Langobardus,
534 2473 621 2556 Zate,
643 2475 773 2555 milites,
796 2475 993 2555 Odesindus,
1015 2477 1143 2554 Walda,
1165 2477 1257 2538 Ron-

121 2561 272 2636 oariolus,
294 2561 418 2637 Mauro,
440 2559 597 2638 Pascales,
619 2559 798 2643 Simplicio,
815 2559 985 2638 Gabinius,
1013 2560 1144 2622 Solomo
1158 2561 1256 2625 Pres·
1280 2561 1284 2569 '

119 2647 224 2728 hyter,
250 2641 291 2702 ad
311 2663 369 2702 nos
390 2641 560 2705 venientes
578 2641 807 2726 suggesserunt
827 2643 916 2726 quod
936 2643 1053 2704 multas
1074 2642 1258 2725 oppressio-

122 2749 180 2788 nes
198 2724 386 2786 ¹sustineant
408 2721 448 2786 de
474 2735 563 2806 parte
590 2735 695 2786 vestra
721 2733 754 2786 et
781 2725 948 2787 iuniorum
977 2735 1165 2787 vestrorum.
1214 2724 1258 2784 Et

121 2810 276 2871 dixerunt
296 2807 384 2888 quod
403 2807 506 2888 aliqui
527 2827 685 2890 pagenses
701 2808 813 2870 fiscum
832 2809 1053 2870 nostrumsibi
1072 2809 1155 2870 alter
1175 2807 1259 2868 alte-

121 2893 189 2954 rius
211 2890 386 2953 testificant
406 2890 444 2950 ad
467 2905 579 2950 eorum
598 2891 845 2972 proprietatem,
880 2899 912 2952 et
930 2913 985 2954 eos
1001 2891 1121 2952 'exindo
1144 2889 1259 2974 expel-

121 2976 191 3035 lunt
210 2983 324 3036 contra
343 2972 507 3049 iustitiam,
527 2981 560 3034 et
580 2969 698 3033 tollunt
712 2983 854 3035 nostram
871 2975 1069 3051 vestituram,
1086 2995 1185 3056 quam
1200 2991 1260 3056 per

121 3056 255 3140 triginta
273 3077 375 3118 annos
390 3076 448 3118 seu
467 3054 603 3139 amplius
622 3056 728 3118 vestiti
749 3056 880 3136 fuimus,
904 3069 938 3119 et
957 3057 1017 3140 ipsi
1032 3077 1091 3141 per
1111 3065 1259 3118 nostrum

122 3140 272 3201 donitum
298 3139 337 3200 de
368 3159 478 3201 eremo
501 3160 560 3222 per
578 3147 719 3200 nostram
730 3137 843 3201 'datum
855 3141 1022 3202 licentiam
1039 3147 1258 3202 retraxerunt.

121 3223 246 3284 Dicunt
268 3223 363 3283 etiam
383 3223 472 3306 quod
489 3221 613 3304 aliquas
633 3221 742 3306 villas,
766 3244 845 3305 quas
862 3221 923 3306 ipsi
941 3223 1182 3302 laboraverunt,
1208 3221 1259 3284 la·

120 3306 248 3367 boratas
267 3305 334 3368 illis
355 3305 400 3367 eis
422 3305 594 3368 abstractas
617 3303 779 3384 habeatis,
808 3316 841 3368 et
859 3303 1049 3368 behoranias
1066 3305 1132 3367 illis
1148 3327 1259 3389 super·

120 3389 248 3472 ponatis
265 3397 297 3450 et
318 3388 455 3466 saiones,
483 3389 541 3472 qui
558 3387 737 3471 perforcia
752 3411 851 3472 super
865 3411 919 3452 eos
940 3397 1098 3452 exactent.
1140 3391 1261 3466 Quam*

122 3472 234 3532 ohrem
252 3471 401 3536 iussimus
418 3471 554 3533 Iohanni
569 3471 821 3555 Archiepiscopo
841 3471 938 3534 Misso
956 3482 1067 3534 nostro
1093 3479 1130 3532 ut
1151 3469 1192 3535 ad
1214 3471 1262 3542 di·¹

122 3553 243 3614 lectum
273 3555 377 3614 filium
398 3565 545 3616 nostrum
565 3553 768 3616 Ludoricum
796 3554 918 3636 Regem
938 3556 1083 3630 veniret,
1120 3562 1152 3616 et
1174 3551 1260 3615 hauc

122 3657 251 3697 causam
269 3637 299 3697 ei
312 3659 372 3720 per
386 3638 535 3699 ordinem
552 3637 713 3698 recitaret.
754 3637 796 3698 Et
817 3637 1035 3701 mandarimus
1054 3635 1105 3699 illi
1122 3645 1159 3697 ut
1175 3645 1260 3698 tem-

122 3739 201 3802 pore
223 3730 406 3800 opportuno
425 3719 505 3800 illuc
521 3720 676 3797 veniens,
701 3729 733 3798 et
749 3742 805 3782 vos
821 3719 855 3780 in
877 3721 948 3782 eius
969 3720 1186 3805 praesentiam
1201 3741 1261 3783 re·

124 3801 262 3878 nientes,
287 3801 437 3864 ordinare
452 3802 548 3864 faciat
572 3803 733 3886 quomodo
755 3810 809 3864 aut
826 3803 968 3884 qualiter
986 3803 1047 3888 ipsi
1060 3801 1194 3886 Hispani
1215 3800 1262 3864 vi·

122 3904 198 3946 rere
218 3883 366 3946 deheant.
408 3885 584 3970 Propterea
601 3885 658 3947 has
678 3885 803 3948 litteras
827 3886 897 3947 fieri
915 3875 1138 3984 praecepimus
1162 3894 1262 3966 atque

123 3967 363 4045 demandamus,
390 3976 428 4028 ut
446 3989 555 4050 neque
578 3989 633 4031 vos
658 3989 766 4050 neque
786 3968 930 4031 iuniores
950 3978 1048 4030 vestri
1068 3977 1263 4030 memoratos

122 4048 281 4131 Hispanos
307 4059 451 4130 nostros,
477 4049 536 4133 qui
562 4051 602 4112 ad
627 4060 768 4114 nostram
790 4051 941 4113 fiduciam
966 4050 1178 4132 deHispaniu
1202 4065 1261 4114 ve-

123 4131 268 4210 nicetes,
298 4154 358 4215 per
379 4143 523 4196 nostram
541 4133 647 4214 datam
668 4133 833 4212 licentiam
856 4155 967 4202 erema,
983 4135 1055 4197 locu
1077 4132 1140 4194 sihi
1158 4133 1199 4196 ad
1217 4135 1262 4196 la·

121 4214 336 4277 horicaudunr
356 4217 601 4301 propriserunt,
620 4225 653 4279 et
678 4210 968 4280 laboratas‘h'abere
990 4217 1166 4294 uidentur,
1190 4217 1263 4290 nul·

124 4298 192 4359 lum
215 4319 347 4363 censum
365 4298 583 4387 superponere
607 4297 829 4386 praesumatis,
848 4322 954 4384 neque
972 4301 1012 4363 ad
1027 4299 1262 4388 proprium'ta-
1299 4373 1300 4381 ἵ
