2928 4986
213 257 289 338 346
473 283 507 340 s
527 281 616 344 can
718 283 978 345 coenonema
1086 287 1158 346 sss.

214 419 449 484 contumaciam
469 421 631 492 Comitem
650 425 729 492 inde
756 428 923 516 appellare
941 427 1070 507 noluit,
1100 428 1245 490 iterum
1272 426 1394 490 Conaiti

214 505 470 570 commendetur.

264 633 315 696 De
330 631 441 698 Missis
456 634 644 716 donsinicis,
667 642 807 725 qualiter
821 643 997 706 coniectum
1012 643 1166 726 accipere
1184 638 1358 702 debeant.
1432 685 1436 735 Ι

297 737 425 806 XXVI.
467 743 509 806 Ut
528 745 618 810 Missi
634 750 736 812 nostri
757 749 817 834 qui
835 749 888 812 rel
906 747 1061 832 Episcopi
1077 747 1136 812 vel
1152 747 1324 808 Abbates
1343 745 1387 807 rel
1430 739 1433 794 i

214 823 359 889 Comites
378 834 472 904 snut,
490 829 639 912 qunndin
659 833 761 930 propt
779 853 876 896 suum
889 831 1089 894 beneficium
1099 831 1278 909 fuerint,
1308 829 1385 889 nibil
1432 833 1433 836 ’

215 907 257 970 ds
288 907 428 970 eliorum
453 911 603 974 coniecto
631 915 802 1000 accipiant
850 917 1026 998 Postquam
1047 935 1130 977 vero
1157 913 1249 975 inde
1292 911 1386 994 longi

214 991 426 1072 recesserint,
455 999 535 1056 tunc
557 996 720 1082 accipient
740 999 921 1063 secundum
944 997 1035 1080 quod
1060 997 1095 1057 in
1121 1017 1188 1058 sna
1221 997 1381 1058 motoria

215 1071 412 1136 continetur.
454 1071 547 1140 Vassi
572 1077 652 1142 ¹vero
669 1082 772 1145 nostri
786 1092 819 1146 et
831 1079 1078 1160 Ministeriules,
1093 1079 1158 1164 qui
1177 1079 1287 1142 Missi
1299 1087 1381 1152 sunt,

215 1155 404 1242 ubicunque
421 1159 576 1222 venerint
593 1163 779 1228 coniectum
795 1163 965 1249 accipiant.

255 1285 307 1350 De
326 1289 431 1352 vassis
450 1287 620 1356 dominicis
636 1307 668 1358 et
679 1295 931 1383 Episcoporum,
951 1293 1006 1358 oei
1021 1293 1261 1379 reliquomms
1287 1298 1348 1380 ‘1¹⁴¹'

593 1380 628 1440 in
645 1381 733 1444 hoste
750 1401 815 1445 non
827 1378 974 1464 suomi·

300 1477 446 1546 XXVII.
489 1485 532 1546 Ut
556 1485 640 1548 vassi
667 1487 792 1566 nostri,
815 1496 848 1550 et
870 1487 954 1549 vassi
975 1485 1246 1570 Episcopornm,
1270 1483 1375 1544 Abba-

215 1573 304 1644 snm,
325 1563 585 1648 AbbetIssarum,
607 1577 640 1630 et
654 1571 835 1648 Comitum,
849 1569 907 1654 qui
923 1589 1010 1630 anno
1024 1575 1201 1652 praesente
1225 1567 1267 1627 in
1286 1567 1373 1629 hoste

217 1667 282 1711 non
304 1647 458 1728 fuerunt,
476 1649 693 1714 heribannum
706 1651 900 1725 rewadient3
922 1651 1066 1735 exceptis
1083 1647 1136 1709 his
1154 1649 1221 1730 qni
1240 1660 1373 1733 propter
1421 1668 1428 1705 s

216 1731 416 1794 necessarias
431 1753 541 1798 causes
558 1741 592 1796 et
610 1735 628 1796 l
643 1737 771 1800 Domno
788 1757 825 1800 ao
848 1735 994 1821 genitore
1013 1739 1125 1795 nostro
1140 1733 1284 1794 Karolo
1303 1754 1371 1794 con-
1423 1766 1428 1819 Ι

216 1815 343 1877 stitutas
365 1815 453 1878 domi
474 1815 598 1880 dimissi
621 1818 777 1898 luerunt,
799 1819 834 1882 id
859 1816 1011 1915 est,·qni
1031 1817 1049 1878 d
1070 1813 1201 1878 Comitc
1236 1825 1370 1911 propter
1423 1902 1426 1911 Ι

216 1901 850 2070 tatttsttttt‘s'tdtssttt‘tt
868 1896 1369 2046 ttttt‘tltsltttttstt

217 2063 297 2126 liter
313 2073 449 2148 propter
468 2087 579 2148 pacem
608 2069 879 2144 conservandam,
912 2076 945 2130 et
965 2071 1100 2152 propter
1129 2063 1250 2144 fruges
1275 2063 1367 2124 colli·
1427 2133 1428 2143 χ

218 2147 340 2293 pendas
363 2155 401 2290 pt
423 2148 581 2212 familiam
610 2149 921 2239 constringendam,
940 2157 974 2212 et
997 2147 1112 2211 Missos
1130 2145 1365 2229 recipiendos,

244 2229 342 2294 imIssi
379 2239 508 2294 nerunt.
975 2273 978 2280 r

217 2361 276 2428 De
292 2359 481 2448 Episcopir,
503 2361 696 2436 Abbatibus,
721 2375 752 2424 ct
771 2361 962 2436 comitibus,
985 2374 1017 2423 et
1040 2359 1080 2420 de
1097 2359 1222 2443 placito
1245 2362 1362 2422 Misso-

622 2467 692 2508 rum
710 2445 954 2512 donninicorum.

301 2547 458 2614 XXVIII.
501 2551 545 2613 Ut
559 2551 663 2614 omnis
676 2551 876 2638 Episcopus,
893 2551 1013 2628 Abbas,
1029 2561 1061 2614 et
1075 2551 1212 2628 Comes,
1228 2551 1362 2633 excepti

219 2630 405 2695 infirmitate
427 2632 480 2695 rel
501 2643 610 2701 nostra
634 2635 798 2714 iussione,
822 2635 948 2696 nullam
975 2633 1222 2698 excusationem
1249 2633 1362 2694 habeat

219 2713 302 2800 quin
325 2715 365 2778 ad
386 2715 542 2800 placitum
561 2715 733 2780 Missornm
752 2727 937 2781 nostrorum
953 2718 1082 2794 veniat,
1104 2725 1160 2776 aut
1178 2717 1286 2777 talem
1308 2716 1359 2778 Vi·
1419 2676 1427 2746 l

218 2798 344 2862 carium
366 2819 462 2862 sunm
485 2799 590 2862 mittat
608 2801 665 2886 qni
685 2802 720 2864 in
748 2801 836 2864 omni
860 2823 962 2864 conss
977 2824 1036 2886 pro
1061 2799 1120 2862 illo
1142 2797 1289 2862 reddere
1313 2820 1360 2859 ra·

220 2879 346 2946 tionem
360 2883 473 2970 possit.

454 2997 504 3060 De
525 2995 675 3083 dispenso
691 2999 867 3062 Missorum
889 2997 1132 3061 dominicorum.
1427 3020 1428 3089 p

302 3105 420 3169 xxlx.
459 3105 509 3192 Ile
531 3105 680 3190 dispensa
700 3107 870 3170 Missorum
893 3116 1095 3184 nostrorum,
1123 3103 1270 3202 qualiter
1288 3103 1357 3166 nni·
1426 3113 1428 3175 g

220 3185 341 3272 cuique
363 3187 456 3250 iuxta
481 3210 571 3250 sunm
592 3189 780 3272 qualitatem
807 3189 949 3252 dandum
973 3189 1025 3252 vel
1047 3187 1280 3272 accipsendnm
1305 3189 1356 3265 sit,
1426 3182 1429 3255 l

219 3271 376 3334 videlicet
402 3271 564 3358 Episcopo
598 3293 698 3354 panes
728 3271 960 3356 quadraginta,
996 3271 1168 3354 friscingas
1194 3279 1285 3348 tres,
1321 3269 1356 3331 de
1424 3268 1427 3311 l

219 3361 300 3440 potu
316 3353 416 3416 modii
434 3364 519 3432 tres,
547 3355 709 3436 porcellus
728 3377 832 3433 unus,
857 3356 942 3440 pulli
963 3365 1047 3432 tres,
1071 3375 1130 3416 ora
1148 3352 1354 3436 quindecim,
1425 3358 1428 3369 '

220 3456 351 3506 annone
379 3437 420 3498 ad
444 3436 584 3502 caballos
612 3437 712 3498 modii
747 3448 895 3522 quatuor.
936 3437 1070 3515 Abbati,
1097 3435 1237 3513 Comiti,
1263 3445 1352 3517 atque

220 3517 425 3594 ministeriali
446 3529 556 3584 nostro
581 3519 761 3604 unicnique
782 3523 903 3584 dentur
925 3519 1071 3605 quotidie
1088 3539 1190 3604 panes
1208 3517 1353 3602 triginta,

220 3597 393 3686 discingas
419 3601 521 3680 duae,
549 3601 589 3664 de
615 3612 696 3686 potu
721 3603 821 3666 modii
847 3604 930 3680 duo,
954 3603 1117 3690 porcellus
1143 3622 1253 3680 nnus,
1277 3601 1352 3686 pulli

220 3695 307 3773 tres,
322 3707 380 3746 ova
391 3683 601 3770 quindecim,
626 3706 757 3748 annona
772 3685 813 3748 ad
829 3685 968 3750 caballos
982 3685 1082 3748 modii
1094 3693 1171 3748 tres.
1214 3683 1352 3748 Vassallo

222 3776 333 3832 nostro
353 3790 453 3852 panes
474 3767 588 3832 decem
607 3777 688 3832 etse
712 3777 796 3847 tem,
815 3769 969 3854 friscinga
984 3789 1066 3847 nna,
1085 3767 1255 3852 porcellus
1267 3788 1351 3842 unns,

221 3850 261 3910 de
280 3860 359 3932 potu
376 3849 500 3914 modius
521 3872 622 3931 unus,
646 3791 731 3938 pulli
752 3851 836 3932 duo,
857 3874 920 3917 ova
942 3851 1072 3930 decem,
1097 3871 1232 3912 annona
1253 3851 1294 3913 ad
1308 3871 1352 3912 ca·

221 3931 324 4004 ballos
348 3931 447 4000 modii
470 3931 546 3999 duo.
