2920 4972
228 345 267 408 a.
286 346 375 406 cua.
479 345 617 407 sacua
635 295 911 408 tartaracoauar.¹
995 350 1058 415 aaa.
1214 330 1262 408 87
1358 367 1361 374 ·

124 486 215 554 mine
238 484 319 550 victi
337 495 415 549 sant
437 486 557 553 falsum
584 487 708 570 dicere,
731 489 768 551 in
790 489 936 556 secundo
955 511 1023 558 non
1047 489 1190 557 babeant
1209 514 1265 578 po·

54 598 59 608 ·
123 579 272 634 testatem
291 569 434 632 dicendi.

146 677 249 742 Cone.
282 675 385 738 Afric.
404 695 474 739 can.
495 676 546 760 96.
587 649 682 742 *Item
703 678 830 762 placuit
846 689 883 742 ut
898 675 1010 758 ontnes
1024 679 1112 744 servi
1125 681 1179 744 vel
1193 702 1254 766 pro

209 759 276 845 prii
294 759 404 825 liberti
425 759 467 822 ad
485 761 724 824 accusationem
739 771 813 825 'non
835 763 1058 842 admittantur,
1081 762 1136 826 vel
1155 785 1266 826 omnes

145 905 149 912 ,
210 863 292 926 quos
323 842 364 903 ad
393 845 575 907 accusanda
596 845 728 941 publica
755 845 892 908 crimina
917 845 1006 944 leges
1025 843 1177 930 publicae
1198 866 1267 908 uon

210 923 401 996 admittunt;
429 947 540 990 omnes
563 936 659 990 ettam
678 927 830 992 infamiae
848 928 984 992 maculas
998 928 1132 1012 aspersi,
1156 927 1268 1006 idest,

143 1083 146 1088 Ι
208 1005 396 1084 histriones,
419 1029 456 1070 ac
470 1009 729 1093 turpitudinibus
746 1011 910 1074 subiectae
947 1031 1094 1091 ortonae,
1109 1010 1269 1074 baeretici

145 1151 148 1162 ,
212 1089 333 1168 etiam,
355 1089 424 1152 sive
449 1092 585 1176 pagani,
612 1093 681 1156 sive
704 1094 830 1158 ludaei.
878 1033 944 1158 Sei
974 1102 1083 1156 tamen
1118 1091 1268 1156 omnibus

211 1172 331 1268 quibus
351 1173 512 1236 accusatio
529 1173 726 1260 denegatur,
756 1177 791 1240 in
812 1175 914 1241 causis
929 1173 1069 1262 propriis
1093 1175 1270 1240 accusandi

212 1253 379 1317 licentiam
399 1277 466 1318 non
487 1257 720 1342 denegandam.

149 1337 252 1412 Cone.
281 1335 383 1401 Afric.
404 1359 475 1402 can.
495 1360 545 1422 97.
596 1343 680 1404 Item
692 1341 826 1425 placuit,
852 1341 1113 1439 quotiescunque
1129 1338 1267 1404 Clericis

213 1419 252 1482 ab
267 1419 505 1504 accusatoribus
523 1421 625 1488 multa
647 1425 784 1488 crimina
805 1423 1023 1500 obiiciantur,
1049 1432 1081 1484 et
1102 1445 1205 1485 unum
1225 1443 1268 1484 ex

214 1501 303 1586 ipsis,
321 1502 361 1564 de
379 1525 446 1588 quo
463 1503 555 1588 prins
577 1507 692 1590 egerit,
714 1508 850 1593 probare
870 1528 936 1570 non
956 1505 1108 1587 valuerit,
1129 1505 1170 1570 ad
1193 1523 1268 1580 cae-

148 1657 153 1668 ,
212 1593 280 1654 tcta
303 1585 366 1648 iant
388 1607 455 1648 non
473 1587 669 1652 admittatur.

377 1691 381 1701 ’
487 1693 537 1755 Be
559 1697 738 1776 virgim'tas
757 1695 917 1760 vetandis

584 1802 614 1863 0
629 1824 652 1864 ι
667 1821 686 1864 r
699 1822 710 1864 r
723 1823 741 1862 a
753 1820 775 1864 n
788 1821 813 1862 s.

210 1903 309 1967 va.
342 1903 429 1966 liena·
446 1903 486 1968 in
501 1906 615 1968 eodem
637 1916 675 1968 ut
693 1905 838 1988 uirgines
860 1926 927 1968 non
946 1906 1101 1972 velentur
1120 1913 1195 1970 ante
1216 1904 1269 1970 vi·

129 1986 212 2070 giuti
226 1986 374 2070 quinque
391 2009 504 2068 annos,
532 1987 595 2052 nisi
619 1989 806 2050 rationabili
830 1988 1019 2052 necessitate
1038 1999 1187 2075 cogente.

151 2093 252 2160 Gonc.
279 2092 380 2156 Afric.
408 2115 478 2156 can.
497 2097 548 2178 93.
599 2095 682 2156 Item
699 2095 823 2178 placuit
839 2105 875 2158 nt
888 2095 1271 2192 quicunqne'Episcopo·

212 2199 286 2239 rum
316 2176 505 2240 necessitate
527 2178 743 2261 periclitantis
772 2179 948 2263 Pudicitiae
975 2178 1164 2324 virginalis,
1195 2179 1271 2241 cium

212 2260 267 2324 vel
293 2259 415 2342 petitor
431 2270 549 2342 potens
569 2263 624 2324 vel
647 2272 759 2344 raptor
783 2261 902 2345 aliquis
921 2262 1017 2324 fonni
1042 2273 1134 2340 atur,
1164 2262 1218 2324 vel
1243 2261 1271 2322 si

215 2341 313 2405 etiam
332 2341 443 2424 aliquo
468 2343 580 2404 mortis
600 2343 784 2426 periculoso
808 2344 963 2428 scrupulo
984 2354 1178 2430 compuncta
1195 2345 1270 2406 lue-

214 2425 270 2504 rit,
290 2445 331 2484 uc
355 2445 421 2485 non
446 2426 552 2488 aelata
570 2427 746 2504 moriatur,
774 2437 830 2489 aut
852 2426 1055 2510 exigentibus
1071 2427 1280 2513 parentibus,

215 2516 271 2569 aut
290 2505 341 2567 his
367 2506 408 2567 ad
435 2530 576 2590 quorum
602 2527 714 2572 curant
735 2510 896 2592 pertinet,
920 2509 1080 2574 velaverit
1108 2510 1272 2594 virginem

215 2612 275 2652 seu
291 2588 414 2651 velavit
442 2591 528 2652 intra
543 2591 667 2676 'viginti
686 2593 834 2676 quinque
857 2613 958 2654 annos
985 2594 1116 2674 aetatis,
1144 2610 1213 2654 non
1240 2591 1271 2652 ei

214 2671 299 2736 obsit
318 2671 507 2816 Cpncilium
527 2674 617 2758 qnod
637 2675 677 2742 ae
695 2675 763 2738 isto
778 2697 939 2739 annorum
958 2697 1094 2742 numero
1113 2674 1272 2742 constitu-

216 2765 289 2818 tum
309 2774 361 2816 es

510 2861 562 2923 De
582 2862 697 2928 oblatis
715 2884 900 2948 pauperum.

584 2969 654 3032 Oa
670 2993 689 3033 r
707 2993 782 3035 aaa
798 2993 822 3031 s.
871 3007 874 3012 -

215 3070 330 3136 xtvt.
352 3071 393 3132 ln
409 3073 560 3136 Concilio
578 3076 772 3160 (tungrensi,
786 3085 824 3137 ut
840 3077 925 3138 nulli
942 3043 1041 3142 liceat
1054 3078 1173 3157 oblata,
1190 3098 1274 3160 quae

131 3153 175 3216 ad
189 3175 349 3238 pauperes
363 3155 544 3237 pertinent,
565 3179 679 3241 rapere
700 3159 760 3222 vel
772 3161 933 3222 fraudare.

152 3262 255 3324 Cone.
286 3262 406 3344 Gange.
427 3282 499 3323 can.
526 3285 555 3346 7.
604 3264 639 3326 Si
661 3264 734 3347 quis
758 3266 939 3330 oblationes
965 3267 1133 3328 fructuum
1156 3267 1276 3328 Eccle-

217 3343 283 3406 siae
306 3342 430 3406 debitas
456 3346 599 3408 voluerit
625 3357 719 3409 extra·
741 3349 922 3412 Ecclesiam
943 3348 1090 3432 accipere
1114 3351 1168 3412 rel
1199 3350 1277 3410 dare

216 3435 349 3572 praeter
369 3426 604 3492 conscientiam
625 3430 798 3516 Episcopi,
818 3441 850 3494 et
870 3455 935 3494 non
959 3432 1060 3514 magis
1079 3454 1154 3494 cum
1174 3431 1279 3492 consi·

231 3531 264 3570 ro
282 3507 352 3570 eius
368 3507 422 3570 cui
446 3507 527 3574 haec
546 3513 670 3576 credita
691 3521 769 3576 sunt
792 3515 833 3579 de
848 3513 900 3578 his
919 3515 1081 3598 agendum
1101 3513 1277 3599 putaverit,

216 3590 389 3658 anathema
409 3591 461 3652 sit.

354 3699 403 3760 De
425 3698 552 3763 ieiuniis
573 3701 594 3761 ia
614 3701 841 3766 Sacerdotibus
863 3704 1052 3766 constitutis.

574 3809 614 3872 θ’.
627 3829 649 3868 a
670 3829 690 3870 a
713 3828 761 3870 ra
782 3827 804 3870 n
826 3827 851 3869 st

217 3913 347 3976 XLVII.
377 3911 459 3974 ltem
477 3914 511 3973 in
539 3913 675 3993 eodem,
696 3923 732 3974 ut
758 3914 976 3977 ecclesiastica
1002 3918 1020 3976 ia
1051 3891 1281 3982 Sacerdotibus

135 3994 261 4060 biania
280 3995 456 4058 constituta
470 3996 541 4060 'sine
565 3997 755 4060 necessitate
777 3997 963 4059 rationabili
983 4019 1048 4061 non
1071 4003 1251 4066 solvantur.

156 4105 259 4171 (ione.
281 4106 402 4189 Gangr.
419 4127 488 4168 can.
512 4127 558 4188 ¹9·
610 4105 737 4191 Siquis
758 4107 1000 4190 eorumquiin
1021 4109 1187 4194 proposito
1206 4114 1284 4172 sunt'

219 4185 443 4284 continentiae
468 4198 599 4286 practer
627 4189 852 4286 necessitatem
879 4191 1082 4287 corporalem
1105 4193 1282 4292 superbiat,

218 4278 252 4334 et
271 4289 397 4334 taranta
413 4292 614 4355 communia,
634 4293 717 4358 quae
742 4282 842 4338 totaus
859 4274 1024 4341 Ecclesiae
1044 4276 1175 4342 traditio
1194 4279 1283 4342 cele·
