2952 4988
272 339 309 400 a,
329 337 418 398 can.
526 338 663 396 nnauu
682 329 930 396 araneorum
1036 331 1100 394 sco.
1218 315 1292 394 217

231 478 288 543 lv.
330 480 417 541 Hae'c
431 487 538 540 autem
553 478 611 539 tali
628 477 743 539 ordine
758 473 976 561 disponimus,
984 482 1021 535 ut
1033 474 1219 555 siKarolus,
1235 479 1293 561 qui

147 560 252 622 maior
268 572 347 622 natu
367 573 426 640 est,
444 561 536 645 prius
568 583 664 644 quam
687 562 807 622 caeteri
834 562 950 620 fratres
974 557 1025 618 sui
1052 558 1140 622 diem
1163 559 1292 639 obierit,

147 665 221 728 pars
238 645 331 725 regni
352 666 450 726 quam
472 644 590 704 habeat
604 643 769 706 dividatur
793 643 879 703 inter
891 640 1068 724 Pippinum
1093 650 1126 703 et
1143 641 1294 706 Ludov'i-

149 749 235 802 cum,
260 727 345 788 sicut
359 729 524 809 quondam
542 727 682 788 divisum
697 735 744 787 est
761 725 846 785 inter
861 745 919 784 nos
933 733 965 783 et
986 725 1118 785 fratrem
1142 735 1292 787 nostrum

146 809 416 887 Karlomannum,
438 832 476 870 eo
498 811 593 870 modo
618 819 654 870 ut
673 808 832 891 Pippinus
855 807 945 868 illam
970 806 1154 886 portionem
1175 807 1294 872 habeat

148 913 247 974 quam
267 893 368 954 frater
386 902 496 953 noster
508 893 748 953 Karlomannus
769 891 894 968 habuit,
909 889 1092 951 Ludovicus
1112 911 1190 954 vero
1204 891 1294 953 illam

146 983 272 1058 partem
292 975 428 1058 accipiat
444 997 541 1056 quam
563 997 620 1036 nos
637 976 670 1035 in
688 973 746 1034 illa
762 974 912 1057 portione
931 973 1141 1055 suscepimus.
1184 973 1219 1034 Si
1239 997 1295 1037 ve-

147 1079 185 1118 ro
203 1056 325 1118 Karolo
343 1068 376 1118 et
391 1057 556 1120 Ludorioo
578 1057 773 1133 viventibus,
787 1055 948 1140 Pippinus
967 1055 1113 1118 debitum
1131 1054 1293 1120 humanae

147 1138 244 1201 sortis
266 1141 491 1222 compleverit,
509 1140 649 1201 Karalus
663 1149 695 1202 et
705 1139 889 1201 Ludovicus
905 1135 1053 1199 dividant
1068 1139 1157 1200 inter
1169 1160 1203 1200 se
1219 1161 1292 1224 reg-

146 1243 228 1282 num
242 1224 331 1303 quod
348 1223 405 1284 ille
425 1223 549 1300 habuit,
571 1233 604 1284 ct
622 1223 704 1285 haec
718 1221 837 1284 divisio
854 1221 912 1284 tali
931 1221 1028 1283 modo
1049 1221 1105 1282 list
1122 1229 1159 1281 ut
1177 1220 1218 1282 ab
1243 1221 1295 1282 in-

147 1324 260 1387 gressu
278 1305 391 1367 Italiae
408 1307 469 1386 per
481 1306 661 1389 Augustam
685 1305 851 1368 civitatem
875 1303 1013 1386 accipiat
1037 1304 1178 1366 Karalus
1203 1303 1293 1365 Ebo-

146 1385 260 1464 reiam,
288 1387 468 1467 Vercellas,
484 1390 628 1472 Papiam,
645 1398 678 1450 et
702 1389 779 1450 inde
799 1409 861 1470 per
883 1388 1010 1449 Padum
1024 1385 1162 1448 flurium
1182 1387 1292 1450 termi-

147 1490 191 1529 no
205 1481 357 1532 currente
378 1492 482 1555 nsque
504 1472 640 1536 adfines
656 1470 865 1555 Regensium,
881 1479 914 1532 et
932 1469 1032 1554 ipsam
1040 1467 1185 1554 Regiam,
1202 1479 1236 1531 et
1250 1468 1307 1530 ci-'

146 1551 280 1614 ritatem
299 1572 426 1631 novam,
448 1563 544 1639 atque
554 1555 712 1618 Mutinam
726 1554 885 1637 usquead
901 1553 1057 1614 terminos
1075 1551 1178 1614 sancti
1188 1551 1292 1614 Petri.

146 1635 210 1695 Has
228 1633 374 1698 civitates
398 1658 470 1697 cum
494 1636 690 1698 suburbanis
707 1647 738 1698 et
752 1633 950 1697 terminoriis
979 1635 1056 1712 suis,
1075 1644 1171 1716 atque
1195 1633 1295 1696 comi-

147 1718 265 1780 tatibus
281 1739 364 1800 quae
383 1719 423 1780 ad
441 1719 525 1802 ipsas
545 1719 721 1802 pertinent,
737 1729 768 1781 et
788 1718 948 1802 quioquid
967 1719 1043 1779 inde
1061 1719 1195 1779 Romam
1219 1737 1295 1800 per·

146 1801 234 1882 genti
252 1802 292 1863 ad
318 1803 443 1863 laevam
465 1803 607 1885 respicit,
625 1803 664 1864 de
690 1825 793 1886 regno
812 1801 902 1884 quod
912 1801 1072 1885 Pippinns
1086 1800 1212 1879 habuit,
1226 1820 1294 1861 uun

146 1883 358 1946 cumducatu
378 1886 564 1968 Spoletano,
582 1885 668 1947 hanc
687 1886 883 1968 portionem,
893 1884 978 1946 sieut
994 1883 1226 1968 praediximus,
1240 1903 1292 1944 ac·

145 1967 245 2048 cipiat
260 1967 411 2029 Karalus.
454 1967 623 2049 Quicquid
651 1979 758 2029 autem
786 1969 803 2028 d
828 1967 1001 2049 praedictis
1024 1964 1210 2029 civitatibus
1236 1963 1291 2026 rel

145 2049 350 2112 comitatibus
372 2051 505 2112 Romam
519 2049 610 2111 eunti
631 2052 672 2113 ad
692 2053 837 2112 dextram
854 2050 947 2126 iacet,
970 2050 1010 2111 de
1034 2049 1202 2133 praedicto
1220 2068 1291 2130 reg·

144 2152 200 2209 no,
217 2131 252 2192 id
270 2142 328 2211 est,
346 2134 531 2215 portionem
545 2154 627 2216 quae
646 2135 800 2196 remansit
818 2133 861 2195 dc
886 2133 1022 2216 regione
1046 2131 1287 2215 Transpadana,
1302 2203 1305 2207 ι

142 2215 209 2274 und
224 2236 298 2274 cum
317 2217 436 2277 ducatu
449 2218 599 2278 Tuscana
624 2237 726 2301 usque
745 2218 784 2278 ad
808 2236 894 2276 mare
913 2215 1059 2277 australe·
1072 2224 1106 2276 et
1123 2235 1227 2296 usquc
1251 2212 1293 2274 ad

150 2297 370 2374 Provinciam,
401 2300 587 2363 Ludovicus
619 2300 659 2360 ad
692 2308 901 2382 augmentum
928 2299 979 2360 sui
1001 2296 1096 2381 regni
1125 2297 1290 2359 sortiatur.

150 2379 251 2457 Quod
269 2379 294 2440 si
310 2381 445 2443 caeteris
464 2381 688 2465 superstitibus
703 2383 890 2444 Ludovicus
904 2382 1004 2443 fucrit
1020 2381 1206 2459 defunctus,
1219 2401 1292 2442 eum

149 2470 275 2544 partem
291 2463 498 2547 Burgundiae
518 2487 614 2548 quam
630 2487 732 2548 regno
758 2466 827 2527 eius
854 2464 1074 2542 adiunximus,
1105 2485 1181 2526 cum
1206 2465 1291 2527 Pro·

150 2543 257 2606 vincia
276 2557 308 2606 ot
325 2547 524 2629 Septimania
544 2549 612 2610 sive
633 2548 752 2610 Gothia
771 2549 930 2630 usquead
951 2547 1149 2629 Hispaniam,
1175 2546 1291 2632 Pippi-

150 2647 212 2688 nus
226 2629 373 2712 accipiat,
389 2631 531 2692 Karolus
551 2651 627 2693 vero
645 2631 854 2713 Aquitaniam
878 2641 976 2714 atque
992 2631 1208 2694 Wasconiam.

233 2713 273 2774 V.
315 2713 453 2790 Quodsi
469 2714 541 2776 talis
562 2714 649 2775 filius
665 2715 802 2775 cuilibet
818 2715 953 2776 istorum
972 2712 1070 2774 trium
1083 2713 1221 2774 fratrum
1236 2732 1292 2774 na·

148 2798 201 2854 tus
219 2793 320 2856 fuerit
338 2817 436 2878 quem
456 2796 598 2880 populus
619 2796 740 2879 eligere
756 2797 835 2858 velit
848 2805 884 2858 ut
892 2795 982 2880 ,patri
1007 2817 1066 2858 suo
1083 2795 1235 2858 succedat
1254 2793 1290 2856 iu

147 2876 241 2970 regui
255 2876 447 2958 hereditate,
468 2880 619 2942 volumus
639 2889 675 2940 ut
689 2877 752 2942 hoc
767 2875 972 2942 consentiant
988 2878 1097 2963 patrui
1113 2878 1213 2962 ipsius
1231 2899 1291 2961 pu·

149 2978 209 3036 err,
227 2969 259 3020 et
272 2982 409 3043 regnare
423 2962 611 3045 permittant
626 2961 731 3022 filium
747 2963 856 3025 fratris
879 2963 930 3026 sui
957 2962 992 3024 in
1016 2960 1168 3046 portione
1194 2957 1290 3045 regui
1354 2975 1363 2994 ’

146 3058 245 3124 quam
261 3053 353 3126 pater
370 3044 440 3106 eius
463 3047 563 3106 frater
580 3067 693 3106 eorum
708 3044 831 3107 habuit.
1071 3051 1080 3072 ³

208 3125 263 3187 Vl.
306 3128 384 3188 Post
405 3127 490 3188 bano
511 3137 638 3189 nostrae
667 3128 868 3190 auctoritatis
893 3127 1141 3212 dispositionem
1164 3125 1289 3211 placuit

146 3205 235 3266 inter
254 3209 437 3290 praedictos
453 3209 538 3272 filios
555 3219 680 3271 nostros
697 3219 839 3272 statuere
862 3219 960 3294 atque
977 3209 1179 3293 praecipere,
1188 3231 1289 3296 prop·

146 3298 197 3350 ter
217 3311 330 3371 pacem
347 3314 445 3374 quam
467 3293 553 3354 inter
579 3314 633 3353 eos
650 3314 840 3375 permanere
868 3303 1027 3377 perpetuo
1057 3292 1288 3372 desideramus

144 3380 183 3431 ut
198 3373 309 3434 nullus
326 3397 438 3436 eorum
453 3376 562 3436 fratris
584 3375 634 3437 sui
653 3375 810 3436 terminos
834 3378 887 3439 vel
907 3377 1001 3460 regni
1016 3374 1136 3436 limites
1157 3375 1289 3438 invade·

144 3475 180 3514 re
206 3467 402 3536 praesumat,
422 3479 530 3540 neque
556 3458 785 3519 fraudulenter
809 3459 937 3542 ingredi
965 3459 1003 3520 ad
1024 3457 1288 3520 conturbandum

142 3557 282 3617 regnum
307 3540 376 3602 eius
393 3543 447 3603 vel
466 3561 588 3603 marcas
603 3540 814 3612 minuendas;
837 3543 892 3603 sed
905 3542 1039 3603 adiuvet
1061 3539 1286 3626 unusquisque

144 3617 276 3679 illorum
294 3624 427 3684 fratrem
442 3646 547 3700 suum,
569 3633 600 3685 et
622 3623 782 3683 auxilium
809 3623 859 3684 illi
887 3626 970 3685 ferat
999 3631 1113 3686 eontra
1135 3622 1285 3686 inimicos

143 3699 214 3762 eius
229 3701 321 3778 iuxta
337 3706 494 3769 rationem
510 3715 541 3767 et
556 3705 816 3790 possibilitatem,
839 3707 907 3770 sive
934 3707 1019 3769 infra
1039 3704 1188 3789 patriam,
1214 3705 1284 3770 sire

143 3793 256 3845 contra
274 3795 400 3849 exteras
418 3787 576 3850 nationes.

224 3867 296 3928 Vll.
337 3870 451 3951 Neque
472 3871 590 3952 aliquis
608 3871 741 3934 illorum
756 3871 923 3934 hominem
936 3871 1045 3933 fratris
1058 3869 1109 3931 sui
1128 3891 1188 3966 pro
1205 3873 1281 3956 qui-

140 3947 284 4011 buslibet
299 3953 403 4013 causis
420 3953 487 4013 sive
505 3953 609 4036 culpis
633 3956 673 4015 ad
702 3978 736 4017 se
764 3955 1006 4038 confugientem
1027 3952 1192 4036 suscipiat,
1218 3975 1280 4016 nce

138 4020 409 4094 intercessionem
429 4035 562 4116 quidem
577 4059 637 4118 pro
654 4059 693 4098 eo
713 4039 821 4109 faciat;
846 4039 922 4120 quia
947 4039 1097 4100 volumus
1121 4045 1157 4096 ut
1183 4035 1281 4122 quili-

140 4114 197 4174 bet
215 4113 312 4177 homo
337 4139 497 4200 peccans,
537 4127 570 4177 et
595 4119 825 4182 intercessione
853 4119 1003 4204 indigens
1034 4120 1120 4178 intra
1140 4115 1289 4202 regnum

141 4197 265 4258 domini
281 4197 343 4276 sui,
364 4201 417 4262 vel
438 4201 478 4262 ad
497 4201 567 4261 loca
581 4212 702 4280 sancta,
718 4204 771 4264 vel
794 4201 834 4262 ad
851 4203 1026 4265 honoratos
1043 4199 1192 4266 homines
1203 4225 1281 4266 con·

141 4279 256 4366 fugiat,
280 4291 313 4344 et
338 4282 416 4349 inde
436 4285 550 4376 iustam
563 4283 831 4350 intercessionem
850 4297 1024 4351 mereatur.
