2928 4986
262 289 297 345 s.
317 286 405 346 cna.
511 284 649 346 arcun
667 280 908 342 raaucoauu
1011 285 1074 342 su.
1174 267 1251 340 ’353

106 492 108 496 .
187 447 355 492 uocantum
378 445 617 491 taruanorum
639 445 717 486 POST
738 441 934 488 rurtrtorsu'
950 445 1176 490 artocoaouun.

196 534 326 597 Placuit
337 533 435 596 Nobis
449 542 483 594 et
500 531 669 594 Fidelibus
686 530 804 592 uostris
824 539 861 594 ut
874 531 960 596 sicut
975 531 1014 594 ab
1029 533 1199 616 Episcopis
1219 543 1254 598 et
1364 582 1366 586 -

112 615 253 712 reliquis
270 615 517 694 Sacerdotibus,
540 636 578 678 ac
596 613 660 676 Dei
685 613 807 690 servis,
834 613 899 675 alio
921 637 1007 676 anno
1031 617 1128 698 (apud
1147 616 1255 680 Theo·
1292 641 1299 654 ·

115 700 210 764 donis
224 697 338 760 villam
357 703 387 777 a)
409 696 565 760 admoniti
585 696 707 757 fuimus
721 703 755 756 et
772 696 887 778 rogati,
910 707 947 760 ut
963 697 1117 782 Episcopi
1140 709 1173 762 et
1194 719 1254 763 eo·

114 801 189 842 rum
210 779 365 858 Ministri,
388 801 470 862 quos
489 783 667 854 Deus'suo,
690 798 757 837 non
775 776 938 857 humano,
960 781 1083 842 iudicio
1105 803 1255 844 reserva-

114 863 176 940 rit,
199 861 289 923 iuxtd
311 872 496 925 sanctorum
517 863 688 924 Canonurn
708 869 959 944 sanctorumque
981 864 1114 926 Patrum
1132 885 1169 925 ac
1190 866 1255 926 Ca·

140 945 308 1006 itularium
322 945 588 1028 praecedentium
604 945 730 1025 Regum
750 943 858 1004 ocrim
877 946 1056 1028 positorum
1073 955 1202 1026 statuta,
1217 956 1256 1009 ut

114 967 179 1090 itai
198 1027 388 1090 Sacerdotes
406 1048 585 1110 eorumque
608 1028 861 1106 cooperatores,
883 1049 1022 1108 quorum
1045 1029 1253 1092 intercessio-

69 1175 72 1180 ,
117 1108 232 1188 nibus,
253 1110 546 1194 supplicationibus
565 1118 674 1172 sancta
695 1106 758 1166 Dei
774 1108 923 1170 Ecclesia
947 1120 1092 1174 constare
1111 1111 1254 1191 videtur,

117 1192 233 1254 intacti
253 1201 475 1276 permancant.
664 1259 667 1264 ,

201 1275 226 1336 Ι.
268 1275 503 1338 Constituimus
517 1283 553 1336 ut
566 1273 593 1335 si
609 1271 683 1356 quis
700 1271 942 1348 subdiaconum
958 1275 1172 1338 calumniatus
1186 1277 1258 1352 fue·

75 1413 79 1420 i
118 1357 174 1435 rit,
196 1367 229 1418 et
251 1357 467 1436 convaluerit,
489 1355 691 1441 poenitentia
711 1355 866 1439 canonica
883 1357 1060 1440 poeniteat,
1083 1369 1116 1421 et
1132 1369 1257 1421 trecen·

120 1450 171 1502 tos
192 1439 314 1502 solidos
335 1440 499 1522 Episcopo
517 1446 700 1525 componat.
741 1439 784 1498 Et
801 1438 827 1499 si
849 1449 996 1502 mortuus
1016 1441 1134 1518 fuerit,
1167 1443 1258 1504 iuxta

119 1521 156 1584 id
175 1521 265 1606 quod
280 1523 430 1582 (iunones
442 1521 651 1606 praecipiunt
670 1509 848 1604 poeniteat,
869 1531 901 1582 ct
915 1523 1169 1610 quadringentos
1184 1521 1260 1588 soli-

124 1604 227 1668 dosE
253 1605 362 1687 iscopo
382 1613 562 1686 componat.
1034 1681 1036 1685 Ι
1084 1635 1087 1646 ·

206 1625 250 1748 li.J
289 1686 325 1750 Si
338 1686 521 1750 Diaconum
535 1685 608 1769 quis
623 1684 839 1748 calumniatus
860 1685 970 1764 fuerit,
993 1693 1024 1750 et
1042 1687 1258 1766 convaluerit,

29 1779 32 1783 ’
120 1769 291 1853 poeniteat
310 1769 492 1832 secuudum
513 1771 675 1846 Canones,
698 1777 729 1829 ct
750 1768 1005 1852 quadringentos
1023 1771 1143 1856 solidos
1162 1771 1259 1855 Epis-

121 1873 205 1934 copo
225 1861 406 1934 compouat.
449 1851 485 1914 Si
506 1857 571 1914 non
591 1851 806 1928 convaluerit,
828 1842 921 1941 inrita.
934 1849 1106 1936 praecepta
1125 1853 1254 1938 synoda

122 1933 187 1996 lica
252 1935 392 2012 eniteat,
415 1943 448 1997 ct
472 1944 643 1998 sexcentos
660 1934 780 1996 so'lid'os
799 1933 960 2017 Episcopo
981 1939 1162 2020 tomponat.
1258 1957 1262 1966 ’

207 1957 264 2079 lli.
307 2017 341 2080 Si
355 2017 583 2102 Presbyterum
604 2017 678 2102 quis
697 2016 779 2078 male
799 2013 988 2078 tractaverit
1007 2027 1039 2081 et
1058 2019 1260 2102 spassaverit,

124 2101 305 2162 secundum
330 2099 399 2162 eius
419 2101 572 2186 Episcopi
597 2100 792 2162 sententiam
812 2097 994 2182 poeniteat,
1025 2110 1058 2162 ct
1077 2109 1261 2185 nongentos

124 2183 245 2246 solidos
263 2183 424 2266 Episcopo
446 2192 628 2268 componat.
670 2183 704 2247 si
723 2191 832 2245 autem
851 2191 996 2244 mortuus
1011 2183 1122 2262 fuerit,
1145 2195 1181 2245 ut
1197 2187 1261 2270 Sy·

123 2265 228 2328 nodus
248 2265 477 2328 diiudicaverit
496 2267 674 2351 poeniteat,
696 2275 728 2328 ct
744 2265 835 2328 mille
857 2264 1013 2326 ducentos
1031 2264 1151 2329 solidos
1168 2267 1262 2354 Epis·
1368 2253 1371 2276 ⁸

123 2369 205 2432 copo
227 2357 399 2431 componat
422 2349 462 2428 b).
1219 2425 1221 2428 ¹
1247 2424 1249 2428 .

199 2421 263 2495 lV.
304 2433 347 2493 Et
361 2431 388 2492 si
402 2431 475 2512 quis
496 2431 658 2516 Episcopo
672 2429 803 2492 iusidias
822 2429 979 2514 posuerit,
1001 2429 1261 2514 comprehende-

122 2511 178 2590 rit,
200 2513 255 2576 rel
276 2513 311 2574 in
333 2513 444 2596 aliquo
465 2513 933 2597 dehonestaverit,poeniteat
953 2515 1133 2576 secundum
1152 2513 1286 2577 Cano?

124 2617 205 2655 num
228 2603 365 2674 statuta,
388 2606 421 2658 et
433 2597 623 2681 Presbyteri
643 2596 741 2659 occisi
758 2607 790 2670 c)
809 2596 972 2681 triplicem
995 2592 1262 2680 compositionem
1370 2625 1378 2634 ¹

124 2700 199 2740 cum
221 2677 352 2740 iustitiis
370 2701 453 2762 quae
476 2679 691 2766 insuperiori
711 2680 863 2764 Capitulo
881 2679 999 2763 scripta
1022 2687 1056 2741 et
1072 2681 1264 2744 confirmata

123 2781 191 2823 esse
214 2761 378 2841 videntur,
401 2773 582 2847 componat.
681 2781 685 2788 ’

204 2844 247 2906 V.
290 2843 325 2906 si
340 2845 413 2926 quis
432 2867 492 2930 per
514 2844 706 2910 industriam
720 2843 914 2926 Episcopum
934 2843 1100 2922 occiderit,
1123 2845 1213 2907 iuxta
1229 2845 1264 2908 id

123 2925 212 3008 quod
236 2926 333 3012 (apud
352 2926 541 2990 Theodouis
560 2925 720 3003 villamd)
741 2927 760 2988 a
778 2949 886 2989 xxxin.
908 2927 1078 3010 Episcopis
1090 2927 1265 2990 decretum

122 3017 181 3087 est,
204 3019 237 3070 et
259 3007 409 3092 quodibi
427 3010 445 3070 d
463 3009 563 3074 Nobis
584 3019 617 3072 et
633 3009 650 3070 d
665 3009 859 3072 Primatibus
878 3009 977 3071 totius
993 3009 1119 3072 Galliae
1139 3018 1172 3071 et
1183 3010 1265 3074 Ger·

121 3091 248 3153 maniae
278 3091 421 3174 benigni
449 3091 700 3154 conlaudatione
728 3090 957 3155 conlaudatum
972 3101 1027 3154 est
1051 3103 1083 3154 et
1098 3089 1263 3177 subscrip-

121 3183 210 3253 tum,
244 3173 430 3256 poeniteat,
466 3179 510 3253 (et
532 3175 706 3259 pecuniam
730 3175 749 3237 t
774 3174 867 3240 nobis
887 3194 1073 3238 concessam
1094 3175 1261 3242 Ecclesiae

122 3256 275 3321 viduatae
323 3257 460 3320 ersolrat
480 3263 517 3338 e).

206 3340 262 3406 vl.
336 3337 426 3401 thoc
445 3340 484 3403 dc
507 3347 617 3401 nostro
641 3337 828 3417 adiecimus,
852 3347 889 3400 ut
905 3337 932 3400 si
951 3338 1024 3424 quis
1041 3339 1074 3400 iu
1089 3337 1141 3402 his
1156 3361 1267 3424 supra·

122 3421 219 3484 dictis
250 3431 437 3484 sanctorum
466 3423 638 3485 Canonum
671 3421 838 3504 nostrique
876 3421 1009 3484 Decreti
1045 3422 1266 3485 sanctionibus

122 3504 293 3588 Episcopis
318 3505 512 3567 inobediens
525 3513 558 3588 et
578 3513 752 3565 contumax
772 3503 926 3581 extiterit,
947 3503 1088 3588 primum
1109 3505 1268 3567 canonice*
1337 3511 1346 3526 ⁴

123 3587 289 3650 sententia
312 3587 460 3667 feriatur,
483 3585 604 3650 deiude
620 3586 655 3647 in
671 3595 781 3650 nostro
796 3605 900 3670 reguo
918 3585 1115 3650 beneficium
1128 3609 1193 3650 nou
1211 3587 1268 3649 lra-

156 3811 199 3872 a)
216 3805 252 3858 al.
266 3825 314 3862 rus.
335 3786 491 3864 Ybiburt'ae.
798 3809 910 3883 suerit,
930 3822 962 3863 ut
977 3809 1103 3880 Synodus
1127 3809 1270 3866 diiudica-

157 3901 173 3954 b
179 3905 198 3965 )
210 3899 243 3952 ab
254 3917 301 3954 ms.
318 3903 348 3954 Si
359 3903 502 3971 presbyter
511 3902 583 3956 male
595 3912 671 3955 truc·
811 3892 894 3964 ”efai
907 3883 1065 3965 P⁰⁶l¹f²⁶⁶⁸³
1089 3891 1117 3934 ⁶²
1135 3881 1266 3938 DCCCC·

209 3981 284 4024 tatus
296 3972 409 4094 suerit
435 3985 462 4026 ct
490 3973 667 4042 spassaverit,
803 3948 908 4004 ⁸⁰²¹d⁰⁸
925 3949 1064 4023 El'liwl'⁰
1086 3965 1239 4024 ‘wilm'-

208 4058 293 4094 secun
314 4061 358 4095 um
381 4045 440 4098 sius
456 4041 591 4114 Episcopi
607 4059 670 4094 sen·
756 4057 798 4118 c)
815 4053 850 4104 al.
870 4069 918 4106 ms.
938 4071 996 4106 non
1013 4053 1108 4108 occisi.

209 4114 324 4164 tentiam
360 4114 503 4184 poeniteat
535 4113 567 4165 iu
595 4113 673 4164 cuius
1071 4157 1078 4170 .
1136 4156 1142 4169 .

211 4183 350 4236 territorii
368 4195 501 4247 potestate
519 4197 575 4236 esse
591 4179 673 4234 diuo·
756 4153 789 4220 Δ)
814 4155 848 4206 ³¹·
867 4172 916 4212 ¹¹¹³·
933 4155 1011 4228 “pud
1027 4157 1194 4210 Tr'bumm·

209 4252 304 4308 scitur.
360 4255 392 4310 Si
426 4265 517 4311 autem
547 4263 672 4310 mortuas
757 4254 795 4316 t)
811 4250 919 4304 Desunt
936 4249 965 4302 in
983 4249 1018 4302 al.
1040 4266 1100 4304 mss.

920 4349 1019 4466 aa,
