2958 4986
266 321 411 398 ac'na.
515 337 651 400 aucun
681 335 927 396 mucosus
1027 337 1092 396 m.
1161 318 1271 406 Ι187

216 463 332 546 X111.'
356 481 391 544 si
411 482 563 544 Inventus
581 479 684 544 fuerit
702 482 775 564 quis
799 478 941 542 chartam
960 479 1072 543 falsam
1088 479 1202 546 iecisse
1219 491 1276 546 aut

124 567 250 631 falsum
269 565 489 628 testimoninm
509 565 638 641 dixisse,
655 587 786 625 manum
806 563 922 646 perdat
945 572 1001 623 aut
1017 563 1163 625 redimat.

217 649 310 713 XIV.
353 651 396 711 Ut
414 648 511 710 homo
528 647 613 708 liber
631 657 765 730 peccato
787 646 988 721 imminente,
1010 649 1098 729 quod
1115 647 1206 726 absit,
1222 669 1276 732 pa·
1355 681 1358 692 v

126 745 215 797 trem
234 742 289 794 ant
308 741 453 810 matrem,
474 732 674 792 avunculum
695 731 747 792 vel
766 739 918 813 nepotem
938 730 1156 810 interfecerit,
1177 729 1275 792 here·

127 819 266 879 ditatam
292 815 457 900 propriam
479 814 613 874 amittat.
667 815 709 875 Et
730 815 756 875 si
777 813 851 895 quis
872 811 1059 895 moechatus
1088 813 1190 876 fuerit
1214 835 1278 874 ma*

126 912 234 976 trem,
262 920 423 976 sororem,
457 898 604 976 amitam,
631 906 686 960 aut
708 907 856 986 neptam,
889 893 1040 957 similiter
1063 895 1278 959 hereditatem

155 983 255 1048 erdat.

127 1007 152 1070 P
215 1062 290 1128 XV.
332 1064 375 1124 Ut
392 1059 541 1126 homines
562 1061 699 1125 fiscalini
719 1061 787 1124 sive
813 1061 921 1123 coloni
950 1070 1005 1122 uait
1026 1062 1112 1124 servi
1138 1062 1173 1123 in
1201 1063 1279 1126 alie·

129 1169 213 1211 num
231 1142 412 1210 dominium
427 1155 672 1225 commorantes,
701 1146 842 1229 apriore
865 1144 997 1206 domino
1020 1145 1183 1227 requisiti,
1209 1167 1278 1208 non

129 1234 228 1294 aliter
245 1229 627 1308 eisdemconcedautur,
652 1229 714 1291 nisi
736 1230 776 1290 ad
798 1227 942 1313 priorem
964 1227 1074 1288 locum
1102 1228 1158 1288 ubi
1187 1230 1278 1312 priris

128 1315 221 1377 visus
241 1314 305 1375 init
323 1312 487 1390 mansisse,
510 1312 591 1372 illuc
608 1321 802 1391 revertatur,
824 1320 857 1374 et
871 1309 916 1370 ibi
932 1310 1108 1392 diligenter
1126 1311 1276 1394 inquira-

127 1409 187 1460 tur
208 1397 247 1458 de
270 1405 355 1460 statu
379 1396 479 1478 ipsius
499 1417 574 1456 cum
596 1396 789 1478 cognatione
811 1394 891 1457 eius.
939 1395 1008 1456 Hoc
1029 1392 1159 1458 duobis
1183 1417 1282 1480 prae·-

129 1491 266 1568 ceptum
283 1488 330 1541 est
351 1479 501 1540 omnibus
522 1478 690 1560 cognitum
713 1479 831 1540 facere.

213 1559 308 1624 XVI.
352 1564 394 1623 Ut
417 1561 502 1622 infra
530 1582 632 1642 regna
660 1561 790 1624 Christo
815 1559 960 1644 propitio
991 1567 1100 1622 nostra
1127 1559 1280 1624 omnibns

130 1645 326 1708 iterantibus
349 1644 462 1706 nullus
489 1643 668 1728 hospitium
696 1645 854 1728 deneget,
888 1641 1090 1706 mansionem
1111 1653 1143 1706 et
1166 1646 1279 1706 focum

130 1729 274 1790 tantiam.
311 1727 472 1788 Similiter
490 1737 618 1812 pastum
638 1727 752 1790 nullus
773 1725 973 1790 contendere
988 1726 1105 1807 faciat,
1139 1737 1278 1814 excepto

128 1821 260 1896 pratum
279 1819 312 1872 et
331 1831 477 1872 messem.

215 1891 330 1956 XVII.
373 1896 414 1954 Ut
438 1892 533 1954 liberi
557 1891 706 1956 homines
728 1893 859 1955 nullum
885 1891 1078 1990 obsequium
1095 1892 1278 1958 comitibus

129 1975 265 2056 faciant,
289 1997 350 2038 nec
365 1976 516 2055 vicariis,
539 1998 646 2062 neque
663 1976 704 2042 ,in
720 1985 824 2061 prato,
839 1997 948 2059 neque
968 1997 1003 2037 m
1021 1997 1144 2056 messe,
1168 1995 1278 2060 neque

130 2059 168 2120 in
192 2069 320 2128 aratura
339 2067 396 2120 aut
417 2059 531 2138 vinea,
560 2069 594 2122 et
620 2059 807 2123 coniectum
830 2059 937 2120 ullum
957 2059 1010 2123 vel
1035 2060 1206 2124 residuum
1230 2059 1278 2124 eis

129 2144 309 2215 resolvant3
343 2153 479 2228 excepto
507 2142 642 2213 servitio
663 2144 753 2226 quod
777 2141 818 2204 ad
842 2143 964 2227 Regem
984 2143 1149 2229 pertinet,
1180 2153 1213 2207 et
1237 2143 1279 2206 ad

127 2223 413 2304 heribannatores,
436 2225 488 2288 vel
505 2225 556 2288 his
571 2226 628 2309 qui
644 2226 841 2309 legationem
860 2226 996 2292 ducunt.

219 2307 350 2372 XVIII.
392 2312 435 2370 Ut
454 2307 644 2391 ubicunque
669 2309 887 2372 inveniuntur
904 2308 1028 2374 Vicarii
1051 2307 1179 2393 aliquid
1201 2308 1280 2372 mali

138 2391 380 2538 pppsentientes
406 2393 458 2455 vel
479 2390 653 2472 facientes,
676 2391 778 2478 ‘ipsos
796 2392 903 2456 eicere
926 2402 959 2456 et
978 2391 1131 2458 meliores
1154 2413 1280 2480 ponere

136 2495 150 2534 ι
199 2496 297 2538 emus.

222 2557 318 2622 XIX.
359 2559 403 2619 Ut
423 2558 564 2621 Comites
581 2567 615 2620 et
627 2554 751 2624 Vicarii
768 2579 882 2622 eorum
898 2557 1005 2643 legem
1016 2558 1132 2638 sciant,
1149 2566 1186 2621 ut
1202 2567 1280 2622 ante

139 2663 196 2703 eos
216 2641 336 2704 iniuste
356 2641 524 2702 neminem
545 2643 619 2726 quis
638 2641 784 2706 iudicare
810 2641 931 2726 possit,
970 2642 1025 2705 vel
1049 2641 1152 2728 ipsam
1172 2642 1282 2728 Iegem

141 2733 278 2786 mutare.

222 2805 300 2870 XX.
341 2808 385 2868 Ut
404 2808 593 2890 quicunque
614 2806 648 2867 in
671 2805 757 2868 dona
781 2804 872 2889 regia
895 2804 1035 2869 caballos
1055 2803 1281 2892 pruee'entave·

139 2891 199 2970 rit,
220 2889 254 2950 in
271 2911 537 2974 unumquemque
560 2911 656 2952 suum
677 2909 796 2951 nomen
815 2887 970 2973 scriptum
991 2891 1117 2953 babeat.

224 2969 319 3036 XXI.
362 2973 405 3033 Ut
425 2973 481 3056 qui
503 2974 680 3036 oratorium
698 2982 923 3033 consecratum
943 2973 1059 3054 habet,
1083 2973 1140 3038 vel
1161 2971 1282 3038 habere

139 3055 296 3134 voluerit,
318 3077 379 3140 per
400 3056 574 3118 consilium
589 3055 743 3139 Episcopi
761 3055 800 3116 de
815 3055 881 3116 suis
895 3058 1035 3140 propriis
1045 3057 1142 3120 rebus
1160 3057 1283 3122 ibidem

141 3139 310 3222 largiatur,
328 3148 365 3198 ut
381 3141 554 3224 proptered
574 3139 623 3200 illi
645 3139 710 3201 vici
727 3137 875 3198 canonici
892 3159 958 3200 non
979 3141 1045 3203 sint
1066 3140 1219 3224 neglecti.

225 3219 339 3284 XXII.
381 3225 424 3283 Ut
438 3222 549 3284 nullus
563 3221 661 3282 homo
678 3229 861 3308 praesumat
877 3221 1045 3284 teloneum
1064 3224 1099 3286 in
1117 3223 1188 3288 ullo
1208 3224 1283 3286 loeo

142 3303 311 3390 accipere,
342 3303 404 3366 nisi
432 3305 487 3366 ubi
510 3303 688 3386 antiquitis
707 3313 822 3388 pontes
848 3307 1024 3368 constructi
1048 3315 1143 3386 sunt,
1172 3316 1205 3368 et
1226 3307 1284 3368 nbi

143 3389 274 3470 navigia
290 3397 516 3470 praecurrunt,
541 3388 725 3470 etantiqua
745 3387 877 3448 videtur
896 3409 963 3450 esse
980 3389 1195 3452 consuetudo.
1235 3389 1284 3451 si-

144 3471 268 3531 militer
302 3491 363 3532 nec
395 3471 578 3532 rodaticum
608 3469 985 3553 nequepulveratieum
1017 3474 1106 3534 ullus
1133 3471 1283 3556 accipere

143 3562 344 3636 praesumat;
373 3554 449 3636 quia
468 3553 526 3636 qui
548 3553 610 3616 hoc
627 3554 734 3615 iacere
754 3553 948 3631 tentarerit,
975 3553 1121 3618 bannum
1140 3551 1283 3618 domini·

145 3657 221 3697 cum
244 3635 435 3698 omnimodis
451 3656 645 3721 componere
670 3635 776 3698 debet.
839 3671 842 3675 ·

312 3841 582 3905 CAPITULARE
616 3843 790 3906 SEXTUM
816 3841 917 3906 ANNl
945 3843 1118 3908 DCCClII.

149 3955 234 4028 Sive
270 3953 428 4049 capitula
460 3954 544 4023 data
569 3955 617 4024 ad
649 3954 975 4044 interrogationem
1002 3955 1189 4028 cuiusdam
1215 3955 1286 4028 Co·

450 4054 547 4125 mitis
580 4065 643 4124 aut
668 4052 772 4123 Missi
798 4054 985 4126 dominici.

171 4197 248 4282 cab
280 4198 304 4258 Ῑ·
349 4171 607 4284 continebatur
634 4247 773 4308 namque
798 4225 956 4308 inprime
985 4224 1145 4320 capitulo,
1180 4225 1289 4288 utriam

153 4303 208 4364 uhi
230 4304 378 4365 colonam
399 4326 509 4369 servus
525 4306 699 4372 cuiuslibet
720 4331 855 4372 uxorem
875 4307 1048 4396 acceperit,
1064 4309 1203 4373 infantes
1221 4310 1295 4372 illo-
