2920 4972
355 258 390 316 A.
411 259 500 318 cus.
605 258 742 316 neuun
762 255 1002 316 rnsnconuu
1106 227 1194 316 aaa(
1283 237 1328 308 73

278 406 429 482 atrorum,
453 421 536 482 quae
558 399 710 477 obtinuit,
729 399 893 480 regulam,
919 397 982 460 nisi
1002 396 1083 458 baec
1107 393 1232 462 tantiam
1245 413 1330 476 quae

188 515 194 522 ·
220 561 222 568 Ι
279 479 536 565 uniuscuiusque
556 481 722 545 Ecclesiae
744 503 808 578 per
829 501 919 542 suam
938 479 1113 560 dioecesim
1133 485 1330 558 competunt.

276 559 556 646 Unumquemque'
575 565 664 627 enim
689 566 716 644 E
742 585 887 646 iscopum
913 571 1042 646 oportet
1059 568 1251 642 potestatem
1272 559 1332 618 ha-

276 645 354 708 bere
387 669 463 707 suae
498 648 656 710 dioecesis
693 587 739 707 ud
764 644 849 707 hanc
880 643 1124 728 gubernandam
1154 641 1333 704 secundum

278 731 516 812 competentem
537 730 598 791 sibi
624 728 859 808 reverentiam,
885 729 925 790 ad
951 725 1191 810 providendum
1206 723 1332 808 regioni

277 831 360 892 quae
381 812 492 872 subest
510 813 610 894 ipsius
631 812 766 883 civitati,
789 811 833 871 ita
854 821 890 872 ut
905 811 1003 880 etiam
1017 808 1169 870 ordinare
1193 806 1224 868 ei
1241 807 1333 868 Pres-

270 893 404 976 ¹byteros
423 903 456 954 et
473 891 635 956 Diaconos
654 893 813 978 probabili
835 894 959 979 indicio
973 892 1090 969 liceat,
1119 900 1153 952 et
1169 890 1209 950 de
1225 889 1334 970 singn-

275 974 317 1036 lis
333 977 552 1038 moderatione
570 986 604 1038 ct
619 979 763 1061 pondere
786 977 975 1060 disceptare.
1017 974 1109 1036 Ultra
1126 982 1231 1032 antem
1248 970 1332 1032 nihil

278 1059 440 1140 agendum
466 1060 669 1144 permittitur
695 1061 776 1122 citra
805 1056 1048 1144 metropolitani
1077 1053 1231 1140 Episcopi
1257 1075 1334 1116 con·

276 1141 454 1204 scientiam.

602 1249 652 1309 De
674 1249 927 1332 Chorepiscopis.

534 1357 995 1418 Sscsanorrers

263 1425 332 1520 lX.
359 1459 441 1528 Item
461 1460 495 1522 in
516 1462 631 1524 eodem
654 1459 825 1540 Concilio,
852 1459 948 1522 simul
973 1470 1006 1520 et
1035 1458 1068 1519 in
1095 1456 1332 1542 Ancyronensi,

192 1549 232 1604 ut
259 1542 490 1629 Chorepiscopi
523 1553 718 1628 cognoscant
741 1543 873 1606 modum
896 1566 1008 1621 suum,
1040 1550 1073 1603 et
1097 1539 1182 1602 nihil
1213 1541 1333 1602 faciant

191 1625 314 1706 absque
334 1625 466 1688 licentia
486 1627 638 1712 Episcopi
661 1627 696 1686 in
718 1627 810 1688 cuius
833 1624 986 1712 parochia
1002 1624 1157 1686 habitant.

213 1731 314 1794 Cone.
338 1732 489 1794 Antiooh.
514 1754 584 1796 can.
613 1755 659 1794 ro.
696 1732 762 1812 Qui
795 1731 830 1792 in
855 1731 966 1794 fundis
989 1739 1022 1793 et
1052 1729 1141 1793 villis
1166 1727 1333 1790 constituti

276 1824 354 1878 sunt
375 1815 631 1899 Chorcpiscopi,
653 1814 780 1878 tametsi
807 1815 920 1876 maniis
940 1813 1161 1898 impositiones
1180 1813 1218 1873 ab
1238 1809 1335 1893 Epis·

276 1899 373 1982 copis,
385 1907 611 1982 susceperunt,
635 1907 667 1959 et
687 1907 723 1958 ut
738 1897 891 1982 Episcopi
909 1896 1088 1959 consecrati
1103 1905 1190 1972 sunt,
1209 1893 1335 1977 placuit

193 1993 195 2000 ’
275 1990 402 2042 sanctae
419 1982 543 2066 synodo
564 1981 647 2043 scire
670 2002 724 2042 eos
744 1990 893 2062 oportere
916 1980 1047 2059 modum
1064 1979 1234 2076 proprium
1253 1977 1333 2038 reti-

272 2085 363 2142 nere,
385 2073 417 2125 et
439 2063 620 2147 gubernare
642 2064 824 2125 adiacentes
841 2062 1005 2124 Ecclesiae
1018 2061 1078 2123 sibi
1093 2060 1285 2136 commissae,
1301 2068 1334 2122 ct

273 2167 340 2208 esse
360 2146 679 2229 contentosproprid
698 2145 919 2208 sollicitudine
937 2155 970 2206 et
985 2144 1220 2228 gubernatione
1236 2164 1333 2224 quam
1424 2155 1427 2158 '

273 2239 494 2310 susceperunt.
537 2229 744 2291 Constituere
760 2237 869 2289 autem
891 2226 942 2289 his
962 2227 1162 2311 permittitur
1182 2227 1334 2286 Lectores

273 2320 306 2371 et
324 2312 545 2373 subdiaconos
563 2321 596 2374 et
614 2311 809 2388 Exorcistas,
826 2311 1100 2407 quibussufliciut
1113 2309 1249 2372 istorum
1264 2319 1334 2396 tan·

271 2393 342 2453 ‘tirm
363 2395 521 2477 graduum
542 2394 710 2456 licentiam
732 2415 905 2478 ucceprsse.
943 2395 1016 2456 Non
1043 2402 1151 2455 autem
1166 2393 1335 2476 Presbyte-

271 2497 358 2554 rum,
382 2486 448 2538 non
464 2477 646 2539 Diaconum
671 2477 812 2538 audeant
839 2475 989 2538 ordinare
1009 2485 1139 2558 praeter
1158 2477 1332 2538 ‘cousciene

272 2558 350 2619 tiam
369 2559 523 2643 Episcopi
542 2559 693 2638 civitatis,
710 2559 764 2622 vel
781 2557 947 2622 Ecclesiae
967 2561 1021 2622 cui
1036 2559 1188 2624 adiacens
1203 2557 1333 2624 inveni-

268 2651 334 2720 tur,
350 2663 407 2702 seu
422 2642 503 2725 ipse,
522 2665 580 2705 seu
595 2641 687 2726 regio
706 2641 739 2701 in
758 2663 822 2724 qua
836 2661 983 2725 praeesse
1002 2641 1193 2706 dinoscitur.
1235 2639 1334 2718 Qubd

169 2743 190 2752 ·'
269 2723 297 2785 ei
320 2724 537 2806 praevaricari
557 2746 653 2786 ausus
667 2724 768 2808 fuerit
787 2723 976 2804 constituta,
997 2725 1118 2808 deponi
1137 2731 1266 2789 eun-et
1282 2722 1333 2783 di-

162 2839 167 2850 ·
272 2807 396 2888 gnitate
418 2809 482 2888 qua
500 2807 667 2891 praeditus
679 2816 737 2869 *est
756 2807 877 2870 debere
895 2807 1027 2890 privari.
1071 2806 1334 2887 chorepiscopus

271 2899 378 2950 autem
403 2889 443 2950 ab
464 2890 626 2975 Episcopo
647 2889 788 2952 civitatis
812 2889 866 2952 vel
890 2890 971 2970 loci,
997 2889 1052 2952 cui
1073 2890 1214 2966 adiacet,
1243 2881 1329 2948 ordi-

178 2987 183 2994 ·
226 3009 228 3016 ,
269 2973 397 3034 nandns
425 2981 482 3034 est.
1127 3001 1148 3048 '.

194 3078 308 3142 Cone.
335 3077 455 3175 Ancpr.
480 3099 551 3141 can.
582 3079 628 3142 13.
656 3078 795 3144 Vicariis
820 3078 1080 3165 Episcoporum,·
1105 3085 1187 3160 quos
1214 3077 1333 3140 Graeci

270 3159 530 3246 Choreprscopos
552 3163 677 3241 dicunt,
697 3184 762 3223 non
784 3160 885 3222 licere
907 3161 1117 3244 Presbyteros
1144 3161 1197 3223 rel
1220 3159 1336 3222 Diaco-

267 3264 327 3304 nos
348 3245 521 3318 ordinare;
550 3247 607 3308 sed
622 3268 683 3308 nec
704 3243 906 3328 Presbyteris
929 3245 1070 3306 civitatis
1089 3243 1160 3306 sine
1180 3243 1334 3327 Episcopi
1372 3284 1380 3305 s

265 3336 441 3409 praecepto
457 3329 596 3411 amplius
612 3319 739 3410 aliquid
757 3328 884 3405 iubere,
912 3328 963 3390 vel
983 3327 1054 3388 sine
1075 3326 1264 3390 auctoritate
1282 3329 1335 3389 lit·

267 3417 410 3470 terarum
424 3409 493 3472 eius
512 3411 547 3472 in
570 3431 767 3494 unaquaque
787 3409 939 3494 parochia
957 3407 1083 3497 aliquid
1103 3430 1208 3494 agere.

377 3563 379 3568 ·
401 3541 450 3602 De
471 3539 641 3626 Episcopis
665 3543 721 3602 uel
737 3543 928 3626 quibuslibet
943 3561 987 3603 cx
1006 3539 1108 3602 Claro.

579 3647 716 3708 Onus
758 3650 935 3709 Cnseo.

267 3753 307 3812 X.
343 3751 424 3813 Item
441 3751 475 3810 in
499 3751 614 3814 codem
630 3752 793 3830 Concilio,
818 3761 853 3812 nt
872 3753 1052 3838 Episcopus
1070 3755 1123 3818 vel
1139 3754 1278 3837 quilibet
1291 3776 1331 3818 ex

94 3823 118 3870 ³
176 3833 281 3898 Clero
302 3834 372 3894 sinc
395 3833 534 3896 consilio
553 3836 607 3898 rel
623 3835 741 3897 litteris
763 3835 1010 3918 Episcoporum,
1034 3839 1088 3899 vel
1106 3837 1332 3920 Metropolita-

174 3919 229 3995 ni,
257 3939 321 3978 non
344 3917 485 3978 audeant
508 3919 652 4014 regalem
675 3918 866 4000 dignitatem
883 3939 944 4001 pro
966 3920 1033 3981 suis
1054 3920 1332 4000 causis-clamare,

174 4001 292 4064 sedin
317 3999 480 4061 communi
497 3999 734 4084 Eprscoporum
757 4000 909 4062 Concilio
932 4023 1028 4064 causa
1052 4001 1270 4065 examinetur.

203 4110 308 4175 Cone.
334 4106 486 4168 Antioch.
509 4128 579 4190 can.
612 4130 658 4170 11.
695 4107 729 4169 Si
753 4107 828 4188 quis
844 4106 1042 4191 Episcopus,
1066 4108 1120 4170 vel
1145 4108 1330 4192 Presbyteri

268 4190 443 4260 salomnis
467 4190 600 4253 om'uinb
624 4191 681 4278 qui
704 4200 751 4254 est
768 4190 828 4254 sub
849 4189 1065 4268 ecclesiastica
1081 4191 1192 4278 regula
1210 4194 1332 4258 cousti-
