2958 4986
284 331 467 420 fiscan.
573 326 966 392 nscuusnnnconuu
1072 329 1136 398 nr.
1207 299 1299 392 '119

155 475 312 540 conferat.
354 470 587 557 Experimento
605 472 694 534 enim
714 471 905 549 didicimus,
932 470 966 532 in
982 493 1068 533 auno
1086 495 1107 556 q
1133 496 1152 536 o
1176 473 1232 537 illa
1246 499 1301 541 ra·

154 561 222 619 lida
238 559 337 619 fames
355 555 501 640 inrepsit,
526 555 665 618 ebullire
684 578 801 618 vacuas
823 577 966 617 annonas
985 557 1002 616 a
1019 555 1111 618 daem
1134 557 1230 622 nibus
1246 560 1302 623 de·

153 651 292 718 voratas,
316 650 349 701 et
365 661 461 704 voees
481 638 721 722 exprobatiouis
747 637 883 700 auditas.

199 751 411 836 UtEcclesiae
429 776 490 840 per
509 776 562 816 eos
584 767 802 816 restaurentur
822 753 878 838 qui
898 750 1054 838 beneficia
1074 755 1202 837 babent,
1225 770 1257 820 et

511 836 586 898 inde
608 839 715 900 ablata
736 838 953 898 restituantur.
1169 860 1183 910 ss

234 917 359 982 XXIV.
403 921 445 980 Ut
461 918 574 982 domus
592 920 814 981 Ecclesiarum
836 928 868 981 et
886 927 1074 1002 tegumenta
1088 919 1128 981 ab
1152 921 1198 983 eis
1219 920 1301 988 fiunt

153 1003 322 1066 emendata
341 1002 395 1064 vel
416 1012 593 1064 restaurata
619 1001 674 1086 qui
693 1002 853 1064 beneficia
872 1001 991 1063 exinde
1015 999 1147 1064 bibent.
1181 1005 1224 1066 Et
1241 1006 1299 1066 uhi

151 1095 317 1168 repertum
331 1085 432 1146 fuerit
454 1107 514 1168 per
527 1108 659 1148 veraces
675 1085 824 1146 homines
844 1085 932 1166 quod
946 1084 1111 1166 lignamen
1130 1095 1161 1147 et
1177 1097 1299 1169 petras,

151 1169 220 1230 sive
241 1167 377 1250 tegulas,
400 1190 484 1250 quae
509 1169 543 1228 in
563 1169 710 1230 domibus
736 1168 959 1230 Ecclesiarum
982 1167 1118 1245 fuerint,
1145 1179 1177 1230 et
1201 1171 1298 1233 modo

152 1253 187 1311 in
206 1251 301 1311 domo
326 1271 383 1310 sua
403 1251 531 1328 habeat,
546 1251 654 1314 omnia
671 1252 704 1312 in
725 1251 875 1314 Ecclesia
899 1250 978 1311 fiant
1006 1259 1186 1313 restaurata
1207 1254 1297 1315 unde

120 1403 125 1410 ,
150 1335 308 1394 abstracta
332 1336 478 1396 fuerunt.

154 1442 198 1503 Ut
231 1441 348 1502 Clerici
372 1442 474 1502 alieni
493 1443 561 1501 sine
584 1441 824 1502 commendatiis
851 1462 914 1502 non
943 1442 1160 1526 recipientem
1182 1455 1214 1504 et
1241 1444 1298 1526 qai

379 1544 461 1584 nanc
484 1537 569 1595 suat,
591 1523 724 1584 redeant
747 1523 792 1584 ad
810 1523 973 1586 Ecclesiae
994 1545 1076 1586 snas.

233 1605 336 1668 XXV.
377 1608 427 1676 De
449 1603 597 1685 Clericis‚
619 1627 825 1691 nequaquam
844 1607 884 1668 de
903 1606 1050 1690 Ecclesia
1065 1606 1219 1670 adaliam
1230 1608 1299 1668 Ec·

148 1688 281 1751 clesiam
308 1689 590 1771 transmigrentur,
621 1710 729 1770 neque
760 1689 965 1772 recipiantur
995 1683 1067 1750 side
1097 1690 1302 1752 conscientia

147 1770 305 1852 Episcopi
329 1782 361 1833 et
377 1772 501 1834 litteras
523 1770 801 1833 commendatitias
818 1774 859 1835 de
882 1772 976 1834 cuius
997 1771 1137 1834 diocesia
1150 1774 1301 1842 suerunt;

148 1877 192 1918 ne
207 1854 290 1915 l'orte
311 1853 471 1917 discordia
493 1855 613 1916 exinde
634 1855 746 1916 veniat
764 1855 798 1916 in
817 1854 973 1918 Ecclesia.
1011 1855 1058 1915 “Et
1072 1855 1128 1915 ubi
1141 1855 1238 1916 modb
1252 1865 1303 1916 ta·

148 1938 198 1998 les
223 1937 346 2019 reperti
367 1936 644 2016 fuerint‚'omnes
671 1939 712 1999 ad
735 1957 849 1998 eorum
879 1934 1058 1998 Ecclesiam
1091 1938 1239 2015 redeant,
1269 1947 1304 1999 et

150 2018 266 2080 nullus
288 2041 363 2080 eum
382 2029 501 2103 posis-c
518 2019 661 2084 retinere
692 2019 809 2086 audeat
833 2029 1005 2104 postquam
1030 2020 1212 2110 Episcopus
1245 2027 1303 2080 aut

112 2155 113 2158 ,
156 2101 262 2164 Abhas
281 2124 358 2164 suus
377 2125 452 2164 eum
465 2103 612 2185 recipere
639 2102 792 2169 voluerit.
833 2105 876 2166 Et
891 2103 917 2164 si
933 2102 1017 2164 forte
1038 2103 1149 2168 senior
1172 2103 1304 2186 ignorat

159 2185 216 2244 ubi
236 2207 331 2246 suum
350 2186 520 2268 requirere
537 2185 633 2248 debet
649 2185 827 2264 Clericum,
842 2208 917 2246 cum
934 2205 1001 2266 quo
1017 2185 1130 2265 fuerit,
1145 2185 1213 2267 ipse
1226 2206 1302 2247 eum

162 2271 222 2330 sub
238 2268 384 2329 custodia
398 2269 549 2347 retineat,
570 2279 603 2329 et
620 2291 686 2332 uon
702 2269 868 2352 permittat
893 2289 968 2332 eum
989 2268 1098 2353 vagari
1116 2267 1218 2332 aliubi
1245 2289 1301 2332 us·

164 2373 229 2431 que
254 2352 332 2412 dum
349 2351 481 2414 domino
499 2373 558 2413 suo
580 2351 779 2414 restituatur.

181 2529 183 2532 ,
461 2467 503 2530 Ut
519 2466 667 2555 'apsolutd
691 2469 797 2530 nuilus
816 2466 992 2534 ordinetur.

243 2547 361 2622 XXVI.
402 2551 446 2612 Ut
468 2572 535 2612 uon
556 2551 702 2612 absolute
723 2550 928 2612 ordinentur.

372 2653 415 2716 Ut
438 2653 614 2741 Episcopus
636 2656 698 2717 sibi
721 2654 864 2718 sabditos
883 2653 944 2720 att
963 2655 1086 2720 doceat.

241 2736 377 2802 XXVII.
419 2740 463 2798 Ut
491 2737 716 2820 unusquisque
740 2737 919 2820 Episcopus
949 2738 1011 2800 sibi
1044 2738 1188 2804 subditos
1216 2739 1302 2802 bene

160 2819 298 2882 doceant
318 2829 351 2882 et
365 2820 543 2893 instruant;
566 2821 611 2881 ita
632 2831 668 2881 ut
694 2819 729 2880 in
747 2820 842 2881 domo
861 2820 925 2882 Dei
946 2842 1073 2910 semper
1092 2822 1185 2907 digni
1207 2823 1303 2890 iuve-

159 2903 294 2963 niantur
315 2903 373 2986 qui
388 2904 546 2966 canonice
563 2903 688 2988 possint
706 2903 779 2966 fieri
799 2903 905 2966 electi.

243 3020 292 3079 De
310 3020 567 3082 altercationibus
587 3019 783 3083 Cicricorum
801 3021 886 3080 inter
905 3041 937 3082 se
955 3019 1011 3083 vel
1030 3041 1101 3086 cam
1116 3020 1218 3082 laicis.

242 3127 394 3189 XXVIII.
436 3128 485 3189 De
503 3127 639 3189 Clericis
657 3127 697 3188 ad
715 3125 856 3190 invicem
874 3126 1116 3204 altercantibus,
1141 3135 1198 3188 aut
1220 3147 1300 3188 con-

158 3219 209 3269 tra
232 3210 430 3293 Episcopum
452 3233 547 3272 suum
564 3211 733 3293 agentibus
762 3220 798 3272 ut
819 3209 903 3271 sicut
921 3231 1062 3272 canones
1092 3211 1224 3287 docent,
1256 3211 1302 3270 ita

160 3293 354 3354 omnimodis
375 3304 541 3376 peragant.
561 3294 644 3354 Etsi
666 3255 749 3354 forti
766 3293 851 3353 inter
864 3293 1028 3354 Clericum
1042 3302 1074 3352 et
1095 3293 1215 3353 laicum
1233 3294 1302 3354 fue·

130 3377 135 3396 .
158 3375 204 3438 rit
221 3385 289 3436 orta
316 3376 495 3454 altercatio,
513 3377 693 3458 Episcopus
708 3385 741 3436 et
763 3377 877 3438 Comes
909 3375 1005 3438 simul
1033 3375 1242 3453 conveniant,
1269 3382 1301 3435 ct

159 3458 359 3520 unanimiter
372 3459 459 3521 inter
478 3480 533 3520 eos
546 3481 674 3520 causam
688 3457 845 3520 deliniant
861 3458 1043 3520 secundum
1056 3455 1302 3522 rectitudinem.

483 3573 525 3634 Ut
542 3575 774 3634 coniurationes
800 3593 864 3634 non
876 3570 978 3658 fiant.

244 3677 362 3740 XXIX.
404 3681 454 3741 De
477 3680 757 3742 coniurationibus
773 3688 806 3741 et
820 3677 1113 3762 conspirationibus
1139 3700 1180 3743 ne
1205 3679 1302 3752 liant3

159 3764 193 3830 e't
208 3762 274 3835 ‚ubi
291 3771 368 3831 sunt
388 3762 542 3823 inventae
571 3763 788 3825 destruantur.
911 3773 913 3778 ’

388 3844 431 3906 Ut
451 3849 715 3907 monasteriorum
732 3843 904 3929 disciplina
922 3856 1077 3904 servetur.

241 3927 343 3987 XXX.
385 3929 430 4010 Ut
447 3929 640 3990 monasteria
656 3928 835 3990 secundum
854 3927 1045 3988 canonicam
1065 3924 1303 3990 institutionem

158 4009 239 4072 fiunt
259 4007 430 4071 custodita.
880 4032 884 4042 ·
937 4017 938 4024 ’

162 4091 205 4154 Ut
229 4093 405 4153 orationem
425 4092 617 4155 dominicam
643 4105 673 4154 et
689 4092 865 4172 symbolum
878 4089 969 4176 fidei
989 4113 1096 4153 omnes
1116 4089 1306 4152 doccantur.

241 4199 358 4259 XXXI.
402 4202 445 4261 Ut
468 4199 546 4261 fides
566 4199 725 4260 catholica
743 4208 872 4260 sanetae
888 4199 1059 4260 Trinitatis
1076 4208 1110 4260 et
1125 4197 1227 4258 oratio
1246 4197 1302 4256 do·

141 4280 280 4346 'minias
300 4291 397 4366 atque
415 4285 596 4370 symbolum
611 4283 686 4346 fidei
707 4282 855 4346 omnibus
873 4283 1081 4366 praedicetur
1095 4289 1128 4342 ct
1145 4280 1300 4340 tradatur.
