2958 4986
188 257 261 390 tdl
429 301 496 356 a
517 299 606 358 cua.
713 299 973 359 carlruuama
1080 303 1143 362 aas.

184 443 366 507 veniuntur
383 439 507 506 Vicarii
535 440 661 526 aliquid
688 439 765 502 mali
788 443 1031 504 consentientes
1065 445 1119 506 rel
1154 441 1323 520 facientes,

186 529 271 613 ipsos
295 525 401 586 eicere
428 533 462 587 et
481 525 633 586 meliores
675 545 785 586 onere.
1176 533 1181 538 “

268 611 327 672 IV.
369 609 412 668 Ut
425 607 566 670 Comites
586 608 639 668 vel
687 605 777 667 icarii
794 627 906 668 eorum
933 606 1040 692 legem
1058 607 1173 687 sciant,
1192 619 1230 670 ut
1248 617 1323 669 aute

187 713 242 754 eos
267 689 388 752 iniuste
417 689 490 774 quis
521 689 645 752 nemini
671 688 815 751 iudicare
838 690 958 774 possit,
996 714 1058 753 uec
1088 692 1191 776 ipsam
1217 693 1325 774 legem

186 783 322 836 mutare.

315 941 528 1039 Capitulum
561 943 607 1012 de
633 941 865 1037 ingenuitate
890 943 1111 1014 chartarum
1153 945 1200 1038 c).

162 1133 166 1142 ·
270 1089 305 1150 si
328 1088 401 1185 quis
423 1109 483 1172 per
495 1087 636 1150 chartam
652 1088 815 1170 ingenuus
835 1088 982 1150 dimissus
997 1087 1108 1166 luerit,
1130 1098 1162 1148 et
1182 1089 1200 1150 b
1220 1089 1328 1172 quoli-

186 1171 243 1234 bet
262 1171 397 1232 homme
417 1172 456 1232 ad
473 1170 640 1232 servitium
662 1171 889 1254 interpellatus
905 1171 1023 1249 fuerit,
1050 1172 1192 1254 primum
1214 1172 1328 1254 legiti-

187 1277 277 1314 mum
289 1263 453 1315 auctorem
466 1275 543 1316 suae
560 1252 718 1315 libertatis
734 1255 888 1336 proferat,
910 1263 943 1316 et
959 1254 994 1314 iu
1017 1275 1074 1314 sua
1090 1254 1239 1315 libertate
1254 1275 1330 1338 per-

187 1345 325 1398 severet.
366 1335 401 1399 Si
416 1358 496 1399 vero
511 1337 676 1420 legitimus
700 1345 813 1398 auctor
834 1337 993 1414 deluerit,
1022 1337 1210 1398 testimonio
1224 1338 1329 1420 bono-

186 1441 260 1480 rum
275 1417 462 1498 homiuum,
491 1419 549 1501 qui
570 1429 649 1481 tuuc
671 1418 805 1480 aderant
823 1419 954 1501 quaudo
976 1420 1059 1481 liber
1079 1420 1228 1482 dimissus
1249 1420 1328 1498 fuit,

186 1523 221 1562 se
245 1501 422 1564 defendere
448 1501 662 1585 permittatur.
707 1501 741 1562 Si
762 1523 839 1564 vero
863 1511 897 1564 et
916 1511 1015 1564 testes
1043 1501 1220 1582 defuerint,
1250 1523 1330 1564 eum

186 1583 311 1646 duabus
331 1584 404 1647 aliis
421 1584 557 1664 chartis,
583 1607 667 1667 quae
688 1583 834 1648 eiusdem
851 1585 1048 1646 Cancellarii
1066 1607 1164 1646 mauu
1182 1587 1329 1646 firmatae

187 1667 255 1728 sint
281 1667 333 1730 vel
363 1668 579 1750 subscriptae,
618 1669 847 1750 cuiuscunque
874 1669 1016 1748 luerint,
1052 1690 1142 1728 suam
1169 1669 1329 1742 chartam,

188 1771 271 1830 quae
291 1751 387 1811 tertia
404 1759 463 1828 est,
480 1773 591 1812 reram
609 1762 642 1814 et
660 1750 837 1835 legitimam
858 1773 927 1814 esse
942 1753 1122 1813 confirmet.
1164 1751 1198 1812 Si
1218 1761 1330 1812 autem

187 1832 246 1913 qui
264 1832 491 1916 interpellatus
511 1834 612 1895 luerit
623 1835 663 1895 ad
679 1833 859 1912 servitium,
880 1855 942 1896 nec
964 1845 1128 1896 auctorem
1153 1855 1215 1894 uec
1233 1832 1330 1894 testi-

187 1915 297 1976 monie
322 1915 493 1996 habuerit,
524 1938 632 1999 neque
656 1917 733 1978 alias
756 1917 835 1978 duas
858 1917 984 1980 chartas
1005 1918 1046 1980 ad
1075 1938 1164 1978 suam
1180 1916 1330 1976 chartam

188 1997 442 2062 confirmandam
457 1999 609 2064 iuvenire
631 1999 786 2084 potuerit,
806 2009 887 2060 tuuc
907 2001 934 2062 is
956 2001 1014 2082 qui
1035 2022 1110 2062 eum
1133 1999 1329 2082 interpella-

187 2081 238 2140 vit
254 2082 434 2144 secundum
449 2082 555 2165 legem
577 2083 679 2166 ipsam
697 2082 840 2156 chartam
859 2084 971 2146 salsam
991 2083 1118 2160 efficiat,
1142 2091 1176 2143 et
1196 2103 1330 2144 servum

189 2165 372 2245 conquirat.
415 2165 449 2226 Si
473 2187 552 2227 vero
574 2165 802 2249 interpellator
824 2175 881 2226 aut
909 2177 1039 2228 auctore
1058 2174 1114 2225 aut
1130 2163 1327 2225 testimoniis

189 2254 246 2306 aut
268 2245 452 2309 chartarum
472 2241 658 2311 conlatione
685 2248 788 2310 victus
814 2249 932 2327 fuerit,
967 2259 1000 2312 et
1022 2248 1084 2309 boc
1108 2247 1196 2328 quod
1223 2246 1329 2310 voluit

189 2329 316 2390 efficere
334 2351 400 2392 uon
420 2331 574 2414 potuerit,
596 2331 731 2390 multam
746 2351 830 2414 quae
847 2331 881 2391 iu
897 2331 967 2417 ipsa
985 2329 1197 2416 ingenuitatis
1216 2331 1327 2392 charta

189 2412 387 2492 continetur,
411 2425 545 2499 cogatur
562 2414 740 2478 exsolvere.

261 2617 589 2683 CAPITULARE
619 2619 867 2700 QUARTUM
896 2620 1018 2683 ANNI
1047 2620 1263 2686 DCCCIII.

493 2755 580 2830 Sive
598 2755 644 2824 de
664 2756 765 2852 Lege
785 2758 1022 2850 Ripuarense.
1091 2798 1096 2808 ·

689 2903 766 2987 Cap.
803 2903 829 2962 l.

189 3016 216 3079 Ῑ·
232 2986 297 3105 si
320 3045 482 3126 ingenuus
505 3042 685 3126 ingenuum
711 3043 780 3106 ictu
800 3043 1015 3128 percusserit,
1045 3039 1329 3126 quindecimsoli-

190 3129 239 3192 dis
261 3127 433 3213 culpabilis
452 3125 624 3188 iudicetur.
738 3209 769 3270 Π

244 3357 250 3371 ,
272 3293 315 3358 X.
358 3295 461 3355 Homo
481 3292 607 3374 regius,
629 3292 744 3369 idest,
771 3257 936 3354 becelinus
965 3300 997 3351 et
1013 3289 1250 3370 ecclesiasticus
1273 3261 1328 3353 νέΙ

189 3379 278 3442 lidus
300 3379 503 3455 interfectus,
525 3385 658 3438 centum
677 3374 790 3520 SOIiiis
812 3381 1034 3458 componatur.

271 3543 375 3606 XXII.
416 3543 519 3604 Homo
551 3541 713 3624 ingenuus
738 3541 797 3622 qui
824 3541 959 3602 multam
993 3537 1173 3622 quamlibet
1201 3537 1330 3599 solvere

190 3650 257 3688 non
278 3625 441 3710 potuerit,
471 3635 503 3685 et
520 3625 724 3687 fideiussores
744 3646 811 3685 non
828 3623 990 3700 habuerit,
1013 3624 1108 3685 liceat
1125 3621 1156 3681 ei
1175 3619 1331 3701 semetip-

189 3733 261 3774 sum
282 3712 316 3770 in
336 3709 491 3772 Wadium
510 3708 542 3770 ei
563 3709 617 3770 cui
637 3707 765 3768 debitor
784 3714 833 3767 est
851 3707 998 3784 mittere,
1021 3726 1125 3788 usque
1146 3703 1229 3764 dum'
1243 3705 1332 3763 mul-

190 3804 255 3854 tam
284 3815 382 3876 quam
416 3791 530 3854 debuit
556 3793 730 3874 persolvat.
783 3791 864 3851 Item
893 3797 927 3852 in
954 3790 1065 3851 eodem
1096 3785 1256 3869 capitulo,
1290 3785 1333 3846 de

190 3879 307 3938 soniste
316 3902 328 3946 ;
359 3885 413 3936 aut
430 3885 600 3938 sexcentos
617 3873 737 3937 solidos
758 3882 950 3956 componat,
984 3882 1039 3933 aut
1062 3893 1138 3934 cum
1157 3868 1333 3932 duodecim

226 4113 256 4172 c)
274 4107 358 4158 Extat
376 4114 447 4160 teste
464 4105 575 4158 baluzio
599 4105 629 4158 in
650 4106 737 4158 veteri
870 4101 966 4155 talaris
1003 4100 1067 4152 anui
1098 4097 1251 4154 Decem.
1284 4096 1334 4150 de·

279 4177 346 4228 Cod.
363 4194 420 4237 ms,
441 4175 489 4227 ubi
507 4177 597 4228 statim
617 4187 679 4245 post
694 4177 737 4226 ul·
874 4172 1010 4228 scribitur.

279 4247 376 4298 timum
396 4247 553 4318 Capitulum
569 4246 643 4300 tertii
657 4247 737 4318 Capi-
