2952 4988
197 322 272 396 276
489 337 524 394 a,
544 333 631 418 can.
740 332 998 396 carnuntum
1099 335 1165 403 sn.

197 481 240 546 Et
266 478 366 541 multa
391 489 576 542 sauctorum
597 499 759 540 canonum
781 477 911 540 decreta
931 487 963 539 et
990 487 1174 540 sanctorum
1203 479 1343 541 Petrum

198 564 303 626 edicta
325 557 405 624 haec
426 563 539 624 eadem
557 571 734 640 testantur,
748 583 832 646 quae
853 562 990 623 scrutari
1011 572 1044 625 et
1066 563 1150 625 scire
1172 562 1342 646 cupienti-

196 646 257 709 bus
273 667 334 730 per
348 645 444 708 facile
464 655 585 728 patent.

238 755 288 816 De
315 751 483 814 sceleribus
509 749 658 833 nefandis
682 751 722 812 ob
752 771 832 832 quae
853 771 950 830 regne
975 747 1126 834 peicussa
1147 761 1240 823 sunt,
1268 761 1306 810 ut

606 832 735 918 penitds
753 848 936 894 caueantur.

278 941 321 1000 II.
364 937 577 1001 prohibemns
599 939 733 1000 omnino
752 939 813 1000 sub
830 960 935 1022 poena
957 939 1119 1022 sacrilegii
1141 937 1343 1022 generaliter

196 1021 346 1086 omuibus
370 1031 561 1083 cunctarum
585 1021 806 1083 Ecclesiarum
826 1043 935 1082 rerum
959 1021 1159 1099 invasiones,
1192 1021 1344 1083 vastatio-

196 1129 266 1185 nes,
290 1105 514 1181 alienationes,
533 1105 803 1186 sacerdotumque
826 1113 858 1165 et
876 1105 1078 1188 reliquorum
1091 1126 1265 1166 servorum
1281 1101 1342 1166 Dei

196 1189 432 1272 oppressiones,
456 1187 661 1264 vexationes,
685 1196 782 1270 atque
806 1198 999 1264 enectorum
1014 1207 1171 1269 generum
1191 1185 1342 1263 iniurias,

196 1293 326 1333 necnon
351 1279 383 1332 et
398 1269 524 1330 cunetis
543 1270 714 1352 utriusque
732 1270 828 1332 sextis
844 1269 1030 1331 hominibus
1047 1269 1218 1347 adulteria,
1241 1269 1344 1330 forni-

141 1421 144 1426 ,
195 1355 357 1430 cationes,
386 1351 655 1448 sodomiticasque
675 1353 841 1430 luxurias,
866 1361 964 1436 atque
983 1353 1123 1432 incesta,
1146 1353 1198 1414 vel
1222 1361 1343 1413 cuncta

195 1435 322 1498 inlicita
348 1435 509 1518 corriugia,
528 1435 712 1512 homicidia,
731 1435 850 1498 iniuste
864 1436 1020 1518 periuria,
1043 1437 1121 1498 falsa
1140 1435 1341 1512 testimonia,

195 1529 227 1582 et
246 1519 354 1578 omnia
373 1517 509 1594 inlicita,
535 1539 595 1600 pro
616 1518 736 1600 quibus
752 1540 818 1579 non
836 1519 942 1580 solium
958 1540 1059 1601 regna
1082 1528 1115 1579 et
1132 1519 1259 1601 Reges,
1287 1518 1343 1580 sed

195 1601 292 1664 etiam
310 1599 457 1661 homines
480 1599 512 1658 in
533 1601 580 1662 eis
598 1611 856 1677 commanentes,
880 1603 987 1684 perire
1010 1601 1231 1684 cognovimns.
1278 1601 1342 1661 Sed

194 1685 291 1768 quia,
318 1685 388 1744 Deo
412 1681 609 1762 auxiliante,
641 1706 700 1766 per
726 1683 841 1745 merita
863 1695 897 1746 et
923 1686 1189 1746 intercessionem
1208 1684 1342 1744 Sancto-

195 1789 269 1828 rum
288 1785 521 1846 servorumque
546 1765 628 1844 Dei,
655 1789 737 1848 (quos
763 1767 935 1828 sublimare
963 1777 996 1828 et
1015 1767 1178 1829 hon‘orare
1213 1766 1342 1828 curavi·

195 1873 266 1912 mus
285 1857 381 1930 atque
399 1869 568 1926 cassamus,
592 1847 749 1910 hactenirs
767 1871 825 1912 uos
842 1860 874 1912 et
893 1872 1094 1912 successores
1113 1849 1216 1912 nostri
1238 1868 1342 1945 regna

195 1945 228 1994 et
246 1932 396 2015 regiones
413 1931 649 2012 adquisivimus
668 1942 701 1994 et
721 1931 872 1994 victorias
895 1935 1012 1996 multas
1030 1933 1215 2009 habuimus,
1240 1933 1340 1994 dem-

195 2037 271 2099 ceps
286 2014 488 2096 summopere
502 2015 652 2076 omnibus
675 2015 767 2076 nobis
790 2016 1030 2098 providendum
1043 2017 1095 2078 ‘est
1113 2037 1154 2076 ne
1170 2036 1230 2099 pro
1245 2035 1340 2098 prae·

195 2098 290 2160 dictis
309 2096 444 2158 inlicitis
464 2105 497 2156 et
508 2098 722 2180 spurcissimis
745 2099 896 2177 luxuriis,
917 2099 979 2174 his,
1002 2101 1093 2182 quod
1105 2099 1198 2177 absit,
1227 2119 1340 2158 carea-

194 2203 275 2243 mus.
318 2179 397 2239 Nam
417 2178 538 2240 multae
560 2181 709 2262 regiones
724 2203 808 2263 quae
832 2204 942 2243 rerum
963 2183 1184 2244 Ecclesiarum
1201 2179 1342 2241 invasio-

195 2285 263 2340 nes,
286 2261 490 2338 vastationes,
518 2263 741 2341 alienationes,
764 2266 1041 2348 vexationesque,
1072 2275 1105 2326 et
1125 2265 1341 2326 sacerdotum

193 2347 462 2428 reliquorumque
478 2365 644 2406 servorum
661 2347 723 2406 Dei
742 2350 968 2430 oppressiones
989 2348 1041 2410 vel
1057 2367 1271 2430 quascunque
1293 2346 1341 2404 in-

194 2429 315 2504 iurias,
347 2447 431 2512 quae
450 2427 599 2488 iamdicta
624 2427 750 2490 inlicita
776 2441 808 2490 ct
829 2431 1006 2509 adulteria,
1040 2431 1092 2492 vel
1116 2429 1340 2491 sodomiticam

194 2510 359 2574 luxuriam
384 2509 438 2571 rel
465 2512 729 2574 commixtionem
759 2515 988 2590 meretricum,
1021 2523 1159 2575 sectatae
1189 2514 1338 2586 fuerunt,

195 2617 257 2656 nec
280 2594 313 2652 in
332 2592 420 2653 bello
443 2594 583 2654 seculari
605 2597 705 2656 fortes
727 2616 788 2656 uec
809 2596 843 2654 in
873 2597 935 2658 fide
961 2597 1091 2657 stabiles
1113 2595 1340 2676 perstiterunt.

193 2680 236 2740 Et
264 2675 406 2758 qualiter
427 2677 587 2740 Dominus
608 2678 723 2738 talium
750 2679 924 2740 criminum
953 2679 1174 2762 operatoribus
1203 2677 1338 2738 ultrices
1413 2745 1415 2752 Ι

193 2781 316 2844 poenas
334 2779 393 2841 per
411 2759 604 2821 Sarracenos
626 2770 660 2822 et
681 2761 761 2822 alios
781 2765 918 2844 populos
938 2763 1050 2824 venire
1070 2772 1103 2824 et
1125 2760 1248 2823 saevire
1268 2779 1340 2842 per·

195 2842 294 2919 misit,
323 2841 451 2902 cunctis
474 2863 585 2901 earum
606 2852 693 2926 gesta
715 2843 899 2926 legentibus
923 2847 1036 2926 liquet.
1077 2847 1120 2905 Et
1144 2843 1204 2904 nisi
1225 2863 1285 2902 nos
1302 2841 1339 2900 ab

195 2925 248 2985 his
269 2945 449 3000 caveamus,
472 2925 590 2984 similia
609 2927 702 2986 nobis
722 2929 931 3008 supervenire
956 2949 1022 2988 non
1044 2928 1239 3002 dubitamus,
1261 2925 1339 3006 quia

195 3009 317 3069 vindex
341 3016 388 3067 est
407 3007 566 3088 Dominus
578 3005 625 3068 'ex
646 3009 697 3070 bis
715 3011 873 3072 omnibus.
917 3013 1123 3094 Quapropter
1135 3009 1216 3070 sciat
1236 3029 1336 3068 unus-

195 3090 452 3172 quisquc’nobis
478 3090 661 3170 subiectus,
694 3093 752 3172 qui
781 3093 814 3152 in
846 3113 912 3154 nno
935 3115 975 3153 cx
996 3093 1047 3153 his
1069 3101 1217 3174 repertus
1243 3099 1340 3172 atque

196 3175 368 3233 convictus
391 3172 502 3250 fuerit,
526 3183 558 3234 et
572 3175 724 3252 honores,
747 3175 773 3236 si
795 3176 903 3252 habet,
927 3198 1039 3236 omnes
1054 3176 1213 3258 perdere,
1249 3173 1336 3232 etin

194 3277 359 3317 eameram
380 3277 413 3316 se
438 3277 540 3337 usquc
565 3258 605 3318 ad
632 3257 748 3317 iustam
770 3259 1031 3320 emendationem
1054 3269 1151 3338 atquc
1174 3256 1338 3339 publicam

196 3339 465 3416 satisfactionem,
496 3339 615 3400 debere
632 3339 776 3416 retrudi,
800 3351 832 3402 et
846 3343 884 3402 ab
899 3342 988 3402 omni
1006 3341 1153 3402 fidelium
1174 3339 1336 3400 consortio

196 3421 269 3482 lieri
296 3421 457 3480 alienam:
488 3423 583 3482 valde
610 3423 698 3482 enim
718 3425 862 3485 cavenda
891 3435 938 3486 est
965 3425 1022 3484 illa
1049 3425 1145 3486 fovea
1173 3423 1207 3485 in
1238 3442 1336 3504 quam

197 3505 278 3565 alios
305 3503 460 3566 cecidisse
479 3505 699 3587 cognovimus.

197 3621 246 3682 De
275 3619 366 3680 re‘bus
390 3620 611 3708 ecclesiasticis
638 3623 755 3764 absqpte
771 3626 916 3764 ,passione
937 3625 1066 3708 proprii
1094 3619 1249 3704 Episcopi
1275 3640 1337 3681 non

730 3729 768 3765 an
795 3729 833 3766 ss.

281 3783 338 3844 lll.
379 3783 507 3847 Placuit
532 3797 566 3849 ut
585 3789 737 3870 Episcopi
759 3785 868 3848 rerum
887 3789 1108 3850 Ecclesiarnm
1129 3787 1162 3847 in
1188 3785 1337 3846 omnibus

198 3869 288 3928 iuxta
308 3876 489 3928 sanctorum
510 3874 679 3933 Canonum
702 3872 884 3932 sanctiones
905 3873 1034 3955 plenam
1049 3890 1177 3953 semper
1197 3868 1337 3928 habeant

162 3969 166 3981 ⁹
197 3957 395 4035 potestatem.
449 3952 568 4014 Nullus
593 3977 645 4016 eas
667 3956 764 4031 dare,
802 3964 943 4032 vastare,
974 3956 1028 4015 vel
1051 3955 1198 4035 accipere
1217 3952 1336 4032 absque

197 4031 323 4118 proprii
349 4032 503 4116 Episcopi
531 4037 648 4098 audeat
673 4037 837 4097 iussione:
876 4039 987 4098 nullus
1017 4059 1069 4098 eas
1102 4035 1257 4097 invadere
1286 4033 1338 4100 rel

198 4124 335 4190 vastare,
358 4124 413 4174 aut
436 4140 570 4200 quoquo
590 4121 685 4180 modo
708 4119 918 4197 deteriorare,
940 4127 1131 4202 praesumat.
1179 4117 1259 4176 Nam
1280 4115 1337 4176 de·

199 4195 400 4258 vastantibus
424 4200 585 4262 Ecclesiae
601 4224 776 4284 carumque
799 4224 869 4279 res,
900 4198 984 4264 nihil
1010 4201 1101 4262 aliud
1124 4197 1337 4281 intelligimus

198 4280 298 4361 quiam
318 4287 434 4341 contra
462 4283 557 4344 illum
580 4285 703 4349 aeterni
723 4285 851 4370 imperii
871 4289 977 4350 Deum
1005 4287 1141 4369 eiusque
1163 4279 1337 4346 maiestatis
