2958 4986
133 329 136 336 ’
225 317 297 394 tos
477 338 513 394 n.
534 336 621 395 cun.
726 307 983 398 cunctante
1086 338 1150 402 ue.

567 481 615 540 De
639 479 760 541 divinis
786 494 817 542 et
843 480 1010 560 sortilegis.

303 583 423 648 XXIII.
464 585 602 655 Divinos
632 597 665 650 ct
690 585 860 670 sortilegos
883 585 1042 651 Ecclesiis
1065 597 1100 650 et
1126 585 1363 651 Sacerdotibus

221 670 299 734 dare
318 667 555 733 constituimus.

492 753 542 812 De
564 753 740 816 latronibus
767 767 798 814 et
821 751 1086 835 malefactoribus.

303 859 424 922 XXIV.
464 859 513 919 De
532 859 712 921 latronibus
732 869 765 921 et
787 861 1058 939 malefactoribus,
1072 860 1130 943 qui
1150 861 1191 922 de
1209 883 1276 928 uno
1300 882 1360 922 eo-

220 941 499 1002 mitatuadalium
521 944 712 1026 confugium
727 943 876 1024 fecerint,
899 945 925 1016 ci
948 946 1022 1026 quis
1049 965 1104 1006 eos
1127 944 1290 1027 receperit
1306 945 1358 1006 ,in

219 1047 278 1086 sua
300 1033 468 1108 potestate,
495 1033 529 1086 et
543 1035 668 1110 septem
691 1025 847 1108 ,noctibus
869 1049 980 1090 secum
1008 1027 1198 1104 detinuerit,
1228 1027 1292 1087 nisi
1316 1027 1359 1086 ad

219 1108 501 1190 praesentandum,
526 1119 670 1175 nostrmn
683 1109 829 1170 bannum
851 1113 963 1174 soleat.
1006 1110 1163 1172 Similiter
1189 1111 1216 1170 si
1240 1111 1357 1170 Comes

220 1211 296 1254 cum
316 1189 531 1268 absconderit,
549 1193 635 1254 etad
652 1191 805 1254 iustitiam
820 1193 1002 1255 faciendam
1018 1203 1222 1276 praesentare
1244 1192 1362 1252 nolue-

219 1271 274 1349 rit,
289 1271 375 1336 etad
394 1271 457 1336 hoc
472 1295 625 1338 excursare
643 1297 708 1336 non
728 1285 842 1360 potest,
861 1275 1020 1338 honorem
1036 1297 1131 1338 sunm
1149 1274 1274 1360 perdat.

329 1388 372 1450 Ut
394 1390 574 1454 nallatenrls
591 1392 724 1454 alternm
742 1391 856 1475 aliqzu‘s
875 1395 1047 1477 pignorare
1065 1401 1258 1478 praesumat..

302 1498 404 1559 XXV.
445 1497 495 1557 De
514 1498 660 1581 pignore,
680 1509 715 1559 ut
730 1499 917 1562 nuliatenus
937 1500 1075 1561 alterum
1100 1501 1222 1582 aliquis.
1237 1498 1358 1583 piguc-

219 1601 291 1642 rare
306 1589 496 1663 praesumot.
543 1581 585 1642 Et
604 1582 660 1663 qui
677 1581 739 1642 hoe
757 1583 883 1660 feeerit,
899 1583 1043 1644 bannum
1058 1583 1233 1667 persolvat.

224 1696 267 1760 Ut
284 1695 365 1756 rzulli
379 1695 426 1757 acl
439 1697 553 1776 Regem
569 1719 631 1780 pro
642 1719 699 1756 sua
716 1701 939 1759 reclamatione
967 1702 1103 1761 venienti
1121 1703 1210 1761 viam
1233 1711 1357 1766 contra·

563 1779 670 1840 aficere
695 1780 809 1864 aliquis
834 1797 1027 1866 praesumat,

301 1885 420 1948 XXVI.
461 1887 504 1945 Ut
524 1885 606 1946 nulli
626 1886 795 1947 hominum
812 1888 1033 1948 contradicere
1056 1889 1140 1950 vium
1154 1890 1195 1950 ad
1215 1912 1275 1951 nos
1297 1911 1356 1949 ve-

220 1967 343 2028 niendo
360 1989 419 2049 pro
449 1967 567 2028 iustitia
585 1969 782 2030 reclamandi
807 1970 924 2052 aliquis
950 1981 1139 2052 praesumat.
1180 1973 1270 2034 Etsi
1295 1971 1367 2031 ali«.

219 2050 293 2133 quis
305 2049 368 2114 hoc
389 2051 496 2112 facere
518 2053 696 2130 conaverit,
713 2064 857 2115 nostrum
876 2054 1021 2113 bannum
1040 2054 1221 2138 persolvat„

548 2167 597 2230 De
620 2167 872 2252 fideiussoribus
903 2167 1032 2230 dandis.

299 2272 434 2331 XXVII.
477 2272 511 2334 si
530 2275 603 2356 quis
617 2275 713 2336 homo
736 2275 958 2346 fideiussorem
981 2276 1130 2338 invenire
1149 2297 1215 2337 non
1234 2283 1356 2358 potue-

218 2353 273 2430 rit,
291 2353 448 2420 resillius
468 2355 502 2414 in
530 2359 690 2420 forbanno
714 2359 883 2418 mittantur
908 2381 944 2420 us
970 2381 1010 2422 ue
1035 2360 1111 2422 dum
1133 2358 1356 2419 fideiussorem

218 2447 411 2520 praesentet.
455 2438 488 2499 Si
506 2462 583 2502 vero
605 2443 864 2524 superbannum
887 2441 920 2502 in
947 2382 1081 2510 domum
1115 2463 1204 2503 suam
1232 2441 1363 2502 intrare

218 2519 479 2602 praesumpserit,
496 2533 550 2583 aiut
571 2520 689 2586 sofidos
711 2525 829 2594 decem
840 2535 897 2586 ant
918 2547 1024 2586 tinum,
1037 2525 1155 2586 hovem
1170 2546 1228 2605 pro
1246 2545 1358 2584 emen-

221 2601 350 2664 datione
368 2603 467 2684 ipsius
489 2605 588 2666 brenni
605 2618 794 2690 componat;
818 2617 849 2668 et
875 2608 1009 2689 insuper
1034 2609 1121 2668 unde
1145 2607 1272 2667 debitor
1302 2627 1360 2668 exe

219 2684 311 2762 stitit,
325 2685 496 2766 persolvat.
540 2689 572 2748 Si
592 2711 670 2751 vero
686 2691 855 2754 fideiussor
870 2690 957 2752 diem
976 2699 1131 2751 statutum
1148 2711 1214 2748 non
1243 2687 1359 2749 obser-

220 2767 356 2845 vaverit,
382 2778 462 2829 tune
489 2769 556 2852 ipse
587 2781 711 2832 tuntum
743 2773 850 2834 damni
885 2773 1029 2834 incurrat
1057 2781 1214 2854 quantum
1240 2791 1358 2830 manus

218 2875 275 2914 sua
306 2851 502 2912 fideiussoris
529 2856 660 2916 exstitit,
703 2857 763 2917 llle
793 2865 899 2916 autem
932 2854 989 2936 qui
1016 2855 1143 2918 debitor
1171 2851 1355 2914 fideiussori

219 2935 352 3011 exstitit,
375 2935 511 3016 duplum
532 2939 682 2998 restituat
699 2961 758 3022 pro
780 2939 925 3018 eoquod
952 2937 1176 3000 fideiussorem
1202 2937 1237 2996 iu
1265 2935 1365 2996 dama

221 3041 301 3080 utum
322 3018 437 3078 cudere
456 3019 626 3098 permissit.

404 3099 445 3160 Ut
461 3122 591 3162 reurrera
614 3126 708 3188 super
722 3106 921 3170 innocentem„
935 3103 1040 3162 nullus
1057 3104 1208 3186 occipiat,¹

300 3207 452 3270 XXVIII.
495 3211 542 3268 Dc
559 3210 710 3289 praemiis
741 3219 773 3270 et
805 3209 1004 3284 muneribus,
1037 3217 1073 3268 ut
1101 3227 1237 3268 munera
1259 3225 1367 3286 super.-
1458 3201 1459 3206 ἵ

219 3289 428 3350 innocentem
451 3291 561 3352 nutus
581 3293 727 3374 accipiat.
770 3293 811 3351 Et
829 3293 854 3353 si
871 3293 943 3372 quis
961 3293 1023 3352 hoe
1042 3294 1147 3352 faeere
1166 3309 1360 3372 praesumpa

218 3371 628 3449 serit,nostrumlu1nnum
650 3377 763 3436 solvat.
806 3377 847 3434 Et
870 3376 908 3453 si,
930 3375 1019 3457 quod
1038 3373 1130 3452 absit,
1147 3373 1230 3434 fort‘e
1242 3371 1362 3445 Comes

217 3453 281 3516 ltoc
301 3452 429 3530 fecerit,
450 3455 609 3516 honorem
630 3480 725 3518 suum
746 3459 872 3540 perdat.

305 3569 347 3632 Ut
363 3568 497 3632 Comites
512 3588 666 3656 praecinet
682 3574 884 3634 concordiam
909 3573 954 3635 ad
976 3575 1113 3634 invicem
1130 3573 1279 3644 labeant,

300 3677 418 3742 XXIX.
461 3681 503 3738 Ut
534 3679 679 3740 universi
717 3680 858 3742 Comites
882 3701 996 3762 pacem
1030 3688 1062 3740 et
1093 3677 1300 3738 concordiam
1318 3675 1361 3736 ad
1458 3695 1459 3698 ’

219 3757 360 3822 invicem
378 3757 496 3821 habere
516 3763 675 3822 studeant.
716 3764 759 3822 Et
777 3763 804 3822 si
828 3765 910 3823 forte
929 3763 1014 3822 inter
1034 3783 1088 3822 eos
1107 3761 1216 3842 aliqua
1236 3759 1368 3820 discor·¹
1458 3833 1459 3848 ἵ

219 3842 271 3902 dia
297 3851 353 3901 aut
388 3844 599 3908 conturbium
622 3855 730 3912 ortum
756 3847 868 3924 fuerit,
899 3855 935 3912 ut
959 3855 1106 3910 nostrum
1133 3841 1283 3914 solatium
1304 3841 1366 3914 vel,

217 3925 400 4011 perfectum
417 3947 477 4009 pro
497 3927 559 3988 hoc
582 3949 647 3988 non
671 3929 852 3992 demittant.
1359 3943 1364 3950 “

495 4044 544 4105 De
565 4065 601 4104 eo
620 4045 675 4124 qui
696 4045 849 4104 Comitem
872 4040 1080 4123 interfecerit.

300 4123 403 4201 XXX,
447 4125 481 4186 si
509 4123 581 4205 quis
609 4121 768 4192 Comitem
792 4125 1005 4202 interfecerit,
1028 4127 1081 4186 vel
1101 4123 1141 4187 de
1159 4124 1229 4186 eius
1257 4131 1363 4193 morte

218 4207 546 4284 consiliumdederit,
566 4207 728 4273 he'reditts
741 4209 829 4274 illius
847 4209 887 4271 ad
904 4217 1030 4296 partem
1046 4207 1143 4296 Regis
1170 4205 1311 4286 eveniat,
1330 4215 1364 4276 et

226 4290 257 4348 in
278 4289 328 4350 ius
350 4289 422 4352 eius
437 4291 610 4374 redigatur.
