2958 4986
227 289 297 362 192
434 303 467 362 a,
487 300 576 361 cua.
680 299 938 360 cararumam
1041 302 1106 362 sos.

178 507 180 512 .
223 448 312 534 picio
335 446 352 506 at
378 443 470 506 nobis
497 441 623 504 cunctis
651 443 901 520 Sacerdotibus,
932 451 964 505 et
996 445 1145 507 omnibus
1178 445 1301 510 Christi
1329 457 1362 512 et
1452 483 1453 486 ¹

222 539 350 594 sanctae
372 527 434 588 Dei
457 527 612 590 ecclesiae
632 525 783 588 fidelibus
803 525 1148 606 funditasauferatu1·‚
1170 531 1362 613 profitemur

222 633 352 688 omnes,
374 609 507 692 stipulas
532 609 655 671 dextris
672 608 705 668 iu
722 610 870 670 manibus
883 617 1049 687 tenentes,
1076 633 1194 708 easque
1215 617 1357 698 propriis

223 695 409 760 &manibus
434 692 609 768 eicientes,
641 712 749 753 coram
771 693 843 754 Deo
871 700 904 752 et
925 691 1059 774 Angelis
1084 715 1176 772 erus,
1210 719 1247 756 ac
1268 699 1358 758 vobis
1452 721 1453 726 ¹

221 779 414 860 cunctisque
438 775 667 838 Sacerdotibus
686 782 718 834 et
734 773 865 857 populis
881 773 1178 854 circumstantibus,
1200 801 1261 840 nec
1282 782 1358 839 talia
1452 785 1453 820 ³

221 869 346 939 facere,
364 879 425 919 nec
442 858 550 921 lacere
567 855 752 918 volentibus
772 855 975 936 consentire,
994 857 1050 919 sed
1066 861 1165 944 magis
1181 863 1251 921 Deo
1268 864 1357 924 auxi·
1452 899 1453 910 κ

153 958 156 970 ’
221 951 323 1009 liante
338 941 500 1004 resistere.
516 942 559 1001 Et
571 938 634 1000 hoc
651 939 741 1002 vobis
757 939 972 1020 omnibusque
987 941 1136 1004 fidelibus
1152 947 1279 1004 sanetae
1293 946 1356 1005 Dei

219 1027 407 1102 Ecclesiae,
429 1033 462 1085 et
478 1023 611 1100 nostris,
632 1031 745 1082 notum
760 1042 827 1084 esse
845 1021 1011 1102 cupimus,
1033 1025 1123 1105 qubd
1141 1047 1216 1086 cum
1232 1025 1284 1088 his
1298 1029 1356 1110 qui

220 1115 340 1194 absque
359 1108 527 1170 voluntate
545 1115 601 1166 aut
620 1125 781 1166 consensu
798 1104 851 1167 vel
874 1103 1004 1166 datione
1025 1108 1159 1168 rectoris
1182 1108 1272 1171 illius
1290 1111 1355 1172 Ec-

220 1195 357 1270 clesiae,
376 1189 469 1252 cuius
488 1189 575 1272 ipsae
591 1209 642 1250 res
655 1187 739 1249 iuste
756 1207 823 1248 esse
838 1186 1015 1268 debentur,
1034 1198 1066 1250 et
1079 1191 1215 1254 maxime
1229 1193 1354 1277 proprii

218 1274 393 1362 Episcopi,
426 1293 477 1334 res
496 1270 660 1334 Ecclesiae
688 1271 705 1330 a
723 1269 864 1352 Regibus
884 1279 995 1352 petere
1021 1281 1077 1331 aut
1095 1283 1277 1354 retentare,
1300 1275 1353 1337 vel

219 1360 340 1422 auferri
351 1365 406 1418 aut
415 1354 586 1432 invadere,
601 1353 654 1416 vel
667 1362 791 1414 vastare
805 1354 1094 1436 praesumpserint,
1106 1377 1167 1417 nec
1181 1357 1213 1417 iu
1228 1357 1354 1420 hostem

220 1466 281 1506 nec
300 1442 340 1503 ad
356 1460 499 1536 pugnam
517 1437 583 1514 ire,
601 1457 662 1496 nec
681 1434 790 1496 cibum
805 1456 949 1513 sumere,
972 1456 1033 1498 nee
1053 1437 1093 1498 ad
1106 1439 1286 1501 Ecclesiam
1300 1442 1352 1502 vel

219 1528 259 1586 ad
277 1526 433 1610 palatium
447 1530 503 1581 aut
517 1520 551 1579 in
569 1519 686 1580 itinere
699 1539 853 1600 pergere,
872 1537 932 1579 nec
952 1519 1049 1579 etiam
1066 1530 1191 1582 nostros
1206 1521 1352 1584 homines

219 1631 294 1670 cam
310 1627 422 1668 eorum
438 1602 642 1680 homiuibus,
664 1609 719 1661 aut
741 1599 880 1661 caballos
897 1600 952 1662 vel
965 1601 1093 1684 reliqua
1113 1626 1230 1686 pecora
1245 1615 1353 1666 nostra

219 1715 293 1754 cum
313 1709 425 1751 eorum
441 1685 629 1770 pecoribus,
646 1683 757 1745 autad
772 1693 898 1766 pastum
920 1683 989 1762 ire,
1013 1685 1175 1747 autsimul
1189 1686 1352 1766 habitare,

218 1777 273 1838 vel
289 1791 418 1834 manere
427 1813 437 1846 ,
454 1791 514 1832 nec
529 1768 629 1829 ullam
643 1765 924 1850 participationem
937 1788 1011 1827 cum
1026 1767 1087 1846 eis,
1102 1769 1164 1830 nisi
1177 1792 1237 1853 pro
1248 1792 1355 1832 emen·

218 1859 365 1933 datione,
388 1861 462 1913 ante
488 1851 651 1938 publicam
676 1848 937 1911 emendationem
964 1859 997 1910 et
1016 1851 1182 1913 Ecclesiae
1209 1854 1354 1914 satisfac·

216 1942 341 2002 tionem
359 1957 505 2018 unquam
531 1934 673 1996 scienter
697 1941 752 1991 aut
777 1931 919 1994 libenter
945 1930 1065 1994 babere
1091 1935 1283 2014 debeamus,
1311 1958 1355 1997 ne

214 2045 275 2108 pro
299 2041 412 2084 eorum
435 2016 664 2100 iniquitatibus
690 2025 785 2096 atque
814 2013 942 2098 flagitiis
972 2017 1036 2074 unat
1064 2038 1138 2076 cum
1168 2019 1214 2078 eis
1238 2040 1297 2080 nos
1321 2028 1356 2079 et

215 2105 337 2182 nostri,
356 2101 444 2185 quod
465 2101 560 2177 absit,
577 2119 755 2182 pereamus.
798 2096 924 2158 Scimus
943 2097 1031 2158 enim
1050 2099 1126 2180 quia
1143 2101 1229 2182 perit
1250 2101 1355 2162 iustus

215 2212 275 2274 pro
299 2189 408 2270 impio.
433 2184 529 2245 Tales
556 2182 635 2248 verb
655 2181 672 2239 al
696 2179 807 2255 uobis,
828 2180 854 2240 si
875 2202 932 2241 nos
951 2179 1064 2242 fideles
1088 2181 1207 2243 habere
1231 2185 1353 2260 vultis,

215 2279 401 2352 segregate,
428 2276 460 2327 et
479 2267 514 2326 in
530 2264 727 2348 ergastulum
749 2262 807 2323 suls
826 2263 956 2346 publica
973 2263 1176 2359 poenitentia
1195 2266 1353 2349 redigite5

215 2339 424 2437 etpostulata
443 2349 624 2410 concedite.
651 2348 694 2406 Ut
713 2365 789 2426 ergo
805 2345 885 2407 haec
901 2367 1008 2406 omma
1022 2347 1040 2406 sl
1055 2347 1146 2408 vobis
1160 2357 1191 2407 et
1206 2349 1224 2408 ai
1239 2351 1352 2427 nobis,

215 2439 283 2500 sive
307 2439 324 2497 a
349 2431 585 2496 successoribus
607 2427 722 2492 vestris
744 2438 777 2488 et
799 2429 815 2489 a
841 2428 976 2507 nostris,
1006 2429 1125 2490 futuris
1153 2433 1353 2513 temporibus

215 2522 335 2603 absque
357 2517 425 2576 ulla
449 2513 703 2577 dissimulatione
728 2521 990 2589 conserventur,
1021 2512 1149 2594 scriptis
1181 2515 1355 2576 ecclesias-

214 2603 288 2665 ticis
322 2602 466 2661 inserere
493 2597 629 2674 iubete,
659 2603 692 2655 et
718 2594 806 2656 inter
837 2605 944 2657 vestra
974 2595 1124 2680 Capitula
1152 2595 1355 2679 interpolare

236 2685 321 2748 raeci
348 2685 402 2744 ite.

213 2710 235 2771 P
324 2707 346 2768 P
395 2794 596 2849 CONCESSIO
614 2791 752 2846 DOMINI
772 2787 907 2845 Kanott
927 2793 1167 2847 IMPERATORIS

520 2891 561 2952 ad
580 2889 827 2973 suprascriptam
842 2889 1041 2972 petitionem.

298 3001 459 3063 Omnibus
486 3009 597 3060 notum
620 3017 687 3058 esse
712 2995 861 3058 volumus
888 2996 965 3077 quia
988 2999 1053 3055 no'n
1075 2996 1181 3058 saliam
1206 3019 1243 3059 ea
1267 3019 1353 3081 quae

212 3107 311 3169 super
328 3086 562 3168 Episcoporum
581 3089 613 3141 et
632 3077 899 3162 Presbyterorum
914 3077 1056 3138 hostium
1070 3080 1299 3142 vexationibus
1320 3091 1355 3143 et

211 3169 362 3252 precibus
379 3189 439 3250 pro
453 3165 546 3226 nobis
561 3172 593 3226 et
613 3161 703 3224 vobis
719 3160 789 3222 fieri
803 3160 982 3242 rogitastis,
997 3162 1177 3224 concedere
1193 3174 1352 3247 optamus,

174 3277 177 3281 ’
211 3247 446 3333 ¹sedquicquid
467 3270 527 3332 pro
549 3255 677 3308 sanctae
698 3243 761 3304 Dei
783 3243 949 3305 Ecclesiae
976 3251 1009 3304 et
1028 3245 1259 3324 Sacerdotem,
1282 3248 1353 3308 sive
1449 3279 1450 3290 ³

210 3334 309 3396 totius
331 3332 444 3416 populi
462 3339 617 3393 etvestra
631 3327 772 3387 utilitate
790 3325 1000 3403 inveneritis,
1018 3327 1198 3389 concedere
1215 3330 1355 3412 paratis-

210 3418 282 3478 simi
304 3437 423 3478 sumus.
465 3415 508 3475 Et
536 3410 632 3472 modo
659 3409 736 3486 ista,
767 3409 852 3469 sicut
871 3409 1022 3492 petistis,
1049 3411 1269 3473 concedimus.
1312 3415 1356 3473 Et

210 3501 361 3582 quandia,
383 3497 449 3559 vitat
474 3495 615 3571 comite,
639 3496 710 3554 Deo
731 3491 910 3552 auxiliante
923 3538 932 3570 ,
957 3492 998 3551 ad
1019 3494 1170 3574 generale
1196 3495 1355 3575 placitum

210 3583 414 3660 venerimus,
430 3580 514 3641 sicut
524 3575 668 3661 petistis,
684 3576 836 3634 consultu
852 3575 998 3635 omnium
1009 3575 1153 3636 fidolium
1169 3571 1355 3640 nostrorum

209 3666 337 3748 scriptis
353 3666 501 3740 firmare,
522 3660 638 3722 nostris
653 3667 902 3739 nostrorumque
915 3668 1011 3739 atque
1025 3659 1140 3719 futuris
1154 3662 1354 3743 temporibus
1448 3701 1449 3706 κ

209 3747 484 3830 inrefragabiliter
507 3742 666 3804 manenda
686 3740 885 3818 firmissime,
906 3742 1047 3802 Domino
1071 3741 1353 3821 amminiculante,

209 3831 366 3912 cupimus.
389 3829 487 3889 Modo
502 3845 632 3908 eaquae
651 3823 815 3907 generalia
828 3833 922 3899 sunt,
939 3833 971 3884 et
983 3825 1132 3885 omnibus
1150 3827 1356 3887 conveniunt

208 3915 405 3989 Ordinibus,
422 3921 561 3972 statuere
580 3928 616 3968 ac
633 3905 758 3972 cunctis
773 3907 970 3968 sanctaeDei
987 3905 1152 3967 Ecclesiae
1169 3910 1353 3991 nostrisque

201 3996 378 4076 fidelibus,
414 3995 455 4055 ob
473 3992 545 4060 ‚Dei
579 3989 810 4073 omnipotentis
840 4009 982 4050 amorem
1012 3999 1043 4050 et
1070 3989 1353 4069 recordationem,

206 4079 335 4140 tradere
349 4078 452 4161 parati
466 4097 592 4145 sumus;
609 4083 642 4134 et
657 4073 697 4132 ad
713 4071 896 4154 proximum
911 4071 1099 4152 synodalem
1115 4080 1262 4134 nostrum
1277 4095 1354 4135 con·

205 4173 343 4224 ventum
364 4183 401 4220 ac
423 4159 575 4242 generale
589 4155 764 4239 placitum,
787 4154 842 4212 ubi
857 4155 967 4236 plures
985 4153 1139 4250 Episcopi
1160 4163 1193 4216 ct
1208 4158 1353 4219 Comites

207 4243 443 4321 convenerint,
466 4241 544 4320 ista,
563 4240 648 4302 sicut
667 4236 872 4323 postulastis,
896 4235 1114 4300 firmabimus·
