2958 4986
184 297 258 375 168
417 315 561 375 acan.
664 315 923 376 carnutum
1024 321 1087 378 sm
1152 326 1157 336 ’

178 467 288 524 nostra
304 455 480 542 furaverit,
502 455 637 520 omninb
653 457 693 518 sd
714 468 855 520 nostram
868 459 1086 542 praesentiam
1098 459 1335 544 perducantur

178 544 219 607 ad
246 541 416 604 rationem.
458 539 603 604 Caetcris
626 549 735 604 autem
765 541 889 624 vulgis,
918 543 976 624 qni
1000 543 1105 625 ipsum
1130 545 1255 605 furtum
1281 547 1325 609 de

178 625 392 690 feraminibus
406 622 544 702 lecerit,
568 623 703 686 omninb
723 625 813 706 quod
834 627 955 688 iustum
972 634 1022 686 est
1037 638 1225 710 componat,
1248 630 1326 690 nal-

178 711 371 792 latenusqne
394 706 441 768 cis
465 705 587 768 exinde
607 704 733 788 aliquid
756 705 933 770 relaxetur.
976 707 1012 770 Si
1035 709 1108 792 quis
1130 719 1238 771 autem
1257 711 1324 773 hoc

176 791 289 856 scierit
319 788 418 852 alicui
440 797 680 872 perpetratum,
703 789 737 851 in
761 790 809 852 eis
832 791 987 854 fidelitate
1012 802 1200 854 conservata
1223 816 1324 876 quam

178 875 271 938 nobis
297 871 518 958 promiserunt
549 881 581 932 ct
609 891 700 934 nunc
727 873 917 956 promittere
944 873 1089 954 habent,
1120 875 1234 937 nullus
1255 875 1322 938 hoc

177 957 287 1022 celare
303 955 430 1017 audeat.

471 1036 620 1124 Capitale
642 1035 688 1098 ad
702 1057 811 1100 omnes
824 1037 1026 1118 generaliter.

260 1145 332 1210 xL.
370 1143 548 1208 Novissimi
568 1143 728 1227 igiturex
749 1144 900 1207 omnibns
924 1145 1064 1210 decretis
1085 1144 1203 1209 nostris
1225 1151 1322 1226 nosse

177 1232 327 1315 cupimus
340 1228 374 1290 in
389 1229 541 1290 universo
555 1248 657 1310 regno
671 1237 781 1292 nostro
795 1228 910 1291 Missos
924 1239 1050 1291 nostros
1063 1251 1152 1292 nunc
1167 1231 1320 1309 directos,

177 1309 246 1378 sive
264 1313 352 1376 inter
367 1309 602 1374 ecclesiasticos
624 1311 728 1389 viros,
748 1311 946 1394 Episcopus,
967 1312 1123 1394 Abbates,
1143 1315 1321 1398 Presbyte-

177 1419 248 1475 ros,
271 1396 454 1472 Diaconos,
476 1393 680 1474 Canonicos,
701 1415 813 1456 omnes
834 1393 1027 1473 Monachus,
1049 1395 1117 1458 sive
1136 1397 1320 1460 Sanctimo-

179 1479 302 1558 males,
325 1477 465 1562 qualiter
481 1498 563 1538 unus
590 1476 703 1560 uisque
721 1475 754 1540 iu
776 1499 835 1538 suo
852 1476 1032 1540 ministerio
1050 1476 1104 1540 vel
1115 1481 1320 1562 professione

178 1571 287 1624 nostra
316 1561 462 1622 bannum
490 1559 542 1622 vel
566 1497 737 1622 decretum
767 1557 884 1621 babeat
907 1571 1154 1640 conservatum,
1186 1563 1240 1625 vel
1261 1562 1321 1624 ubi

178 1643 305 1710 civibus
319 1665 358 1704 ex
373 1642 423 1704 his
437 1641 572 1725 dignum
588 1641 632 1702 sit
649 1663 690 1703 ex
707 1641 793 1704 bona
810 1641 978 1704 voluntate
996 1665 1054 1706 sua
1074 1645 1190 1740 pretias
1207 1667 1320 1729 agere,

177 1727 231 1792 vel
251 1726 412 1790 adiutoria
428 1725 631 1820 impendere,
653 1725 705 1788 vel
722 1723 778 1786 ubi
796 1723 922 1808 aliquid
936 1725 1042 1793 adhuc
1058 1736 1101 1790 sit
1118 1729 1321 1790 necessitatis

178 1811 362 1876 emendare.
404 1807 510 1870 Simili
533 1816 639 1868 autem
670 1808 805 1885 La'tcos,
835 1819 870 1872 et
893 1809 927 1868 in
956 1809 1105 1872 omnibus
1130 1810 1320 1894 ubicunque

178 1893 270 1958 locis.
312 1891 347 1952 si
372 1891 413 1952 de
434 1889 659 1952 mundeburde
683 1901 869 1953 sanctarum
884 1891 1125 1971 Ecclesiarum,
1147 1893 1200 1955 vel
1222 1895 1321 1956 ctiam

178 1977 349 2040 viduarum
382 1983 416 2036 et
446 1972 684 2056 orphanorum,
721 1997 780 2038 sen
806 1973 978 2036 minimdm
1007 1975 1193 2060 potentium
1222 1977 1320 2060 atque

178 2059 314 2142 rapina,
336 2076 465 2118 necnon
486 2058 526 2120 de
544 2055 711 2118 exercitali
732 2057 853 2142 placito
876 2057 1048 2136 instituto,
1071 2057 1103 2120 et
1118 2079 1218 2142 super
1241 2060 1320 2142 ipsis

179 2143 302 2219 causis,
324 2139 466 2221 qualiter
477 2139 882 2222 praeceptovclroluntati
899 2149 1026 2202 nostrae
1036 2141 1102 2203 sint
1115 2142 1319 2219 obedientes,

178 2226 231 2287 vel
258 2223 355 2286 etiam
383 2221 526 2307 qualiter
551 2222 697 2284 bannum
727 2231 874 2286 nostrum
898 2222 1040 2286 babeant
1073 2235 1318 2302 conservatum,

179 2307 385 2392 qualiterque
418 2327 517 2389 super
546 2305 655 2366 omnia
685 2305 910 2388 unusquisque
942 2317 1104 2368 certamen
1132 2308 1250 2370 babeat
1282 2307 1317 2369 in

179 2399 291 2454 sancto
312 2388 442 2450 servitio
467 2409 499 2450 se
514 2387 620 2472 ipsum
637 2390 811 2450 custodire.
845 2389 888 2450 Et
911 2389 937 2451 si
951 2389 1033 2451 haee
1052 2390 1160 2451 omnia
1177 2391 1262 2452 bona
1287 2400 1321 2453 et

179 2473 264 2536 bene
286 2483 364 2534 sunt
380 2471 420 2532 ad
435 2471 496 2532 Dei
515 2471 749 2554 omnipotentis
768 2472 917 2548 laudem,
939 2472 969 2534 ei
985 2473 1101 2555 gratias
1116 2475 1320 2552 referamus,

179 2567 217 2618 ut
238 2555 374 2638 dignum
395 2563 452 2616 cst.
495 2555 558 2618 Ubi
578 2563 687 2615 autem
705 2554 828 2638 aliquid
846 2555 966 2616 malum
986 2577 1056 2617 esse
1072 2556 1252 2634 credimus,
1275 2557 1322 2618 sic

180 2640 221 2701 ud
234 2637 475 2700 emendandum
493 2636 582 2698 omni
602 2637 712 2700 studio
728 2647 761 2702 et
774 2637 939 2700 voluntate
954 2648 1117 2700 certamen
1135 2639 1323 2717 habeamus,

179 2731 216 2785 ut
231 2743 306 2782 cum
327 2719 389 2781 Dei
407 2719 569 2782 adiutorio
596 2718 660 2780 boc
681 2717 722 2781 ad
744 2719 1006 2783 emendationem
1029 2722 1263 2804 perducamus,
1289 2732 1324 2783 et

180 2805 221 2866 ad
237 2813 378 2864 nostram
387 2811 552 2864 aeternam
566 2801 752 2865 mercedem
763 2811 797 2863 et
809 2802 954 2864 omnium
968 2803 1113 2866 fidelium
1128 2815 1322 2867 nostrorum.

181 2886 341 2948 Similiter
372 2895 404 2946 et
443 2883 483 2946 de
515 2885 697 2946 Comitibus
734 2884 786 2946 vel
815 2885 1022 2948 centenariis
1054 2887 1322 2950 ministerialibus

181 2968 299 3032 nostris
308 3013 318 3047 ,
341 2967 428 3029 inter
443 2989 501 3028 nos
515 2967 624 3028 omnia
642 2967 826 3050 supradicta
845 2987 939 3030 nosse
955 2969 1105 3054 cupimus
1121 2969 1272 3032 feliciter.

482 3073 669 3137 Admonitio
689 3074 729 3134 de
756 3069 899 3152 symbolo
911 3073 1011 3162 fidei.

262 3181 346 3246 XLI.
389 3181 520 3259 Audite,
543 3182 657 3246 fratres
671 3181 890 3261 dilectissimi,
912 3205 971 3266 pro
990 3185 1094 3246 salute
1111 3193 1218 3247 vestra
1231 3183 1322 3246 hunc

180 3264 315 3328 Missum
332 3275 367 3324 ut
384 3285 622 3326 ammoneamns
637 3286 693 3325 vos
709 3265 872 3346 quomodb
897 3267 1077 3328 secundbm
1100 3269 1208 3329 Deum
1239 3269 1321 3330 iuste

180 3358 213 3412 et
231 3347 315 3409 bene
347 3347 479 3423 vivatis,
502 3357 534 3409 et
553 3347 615 3410 hoc
633 3349 813 3409 secundiam
835 3369 909 3409 cum
933 3349 1055 3410 iustitia
1076 3359 1109 3412 et
1130 3372 1205 3412 curn
1223 3349 1321 3411 mise-

179 3430 321 3496 ricordia
343 3451 582 3492 conversemur.
625 3431 854 3492 Ammonemus
873 3453 930 3494 vos
946 3432 1095 3513 inprimis
1119 3444 1156 3495 ut
1182 3433 1321 3495 credatis

180 3535 283 3576 unum
302 3517 407 3574 Deum
425 3513 553 3574 Patrem
580 3513 857 3594 omnipotentem,
880 3523 912 3575 et
933 3517 1076 3594 Filium,
1108 3527 1141 3578 et
1161 3515 1322 3598 Spiritum

184 3600 348 3660 Sanctum.
391 3595 451 3658 Hic
472 3606 520 3658 est
538 3619 624 3658 unus
642 3599 731 3657 Deus
752 3605 784 3657 et
805 3617 918 3676 verus,
940 3600 1083 3680 perfecta
1102 3599 1265 3676 Trinitas,
1289 3607 1322 3660 et

181 3703 260 3743 vera
291 3681 406 3742 unitas.
450 3683 563 3756 Deus,
597 3689 725 3740 creator
751 3678 897 3742 omnium
929 3678 1091 3742 bonorum
1125 3691 1320 3744 nostrorum.

178 3764 312 3827 Credite
327 3763 450 3823 Filium
465 3761 527 3823 Dei
542 3783 601 3844 pro
614 3761 715 3824 salute
731 3761 846 3823 mundi
859 3761 1027 3825 bominem
1043 3766 1185 3842 factum,
1208 3774 1321 3842 natum

180 3848 221 3910 de
239 3846 364 3929 Spiritu
382 3846 500 3906 Sancto
520 3855 552 3906 et
571 3843 708 3927 Virgine
722 3844 833 3906 Maria.
876 3844 1007 3908 Credite
1028 3849 1118 3928 quod
1134 3845 1322 3932 pro'nostra

178 3930 282 3992 salute
305 3939 441 3988 mortem
462 3949 571 4010 passus
592 3933 655 4003 est,
691 3938 723 3988 et
743 3927 840 3990 tertiat
870 3921 923 3990 die
949 3931 1091 3991 surrexit
1121 3931 1138 3992 ia
1164 3931 1321 4008 mortuis,

178 4011 324 4074 ascendit
344 4011 376 4071 in
393 4013 519 4088 coelos,
542 4009 633 4071 sedet
652 4010 692 4071 ad
713 4011 880 4072 dexteram
896 4011 967 4074 Dei.
996 4013 1126 4075 Credite
1144 4035 1220 4075 eum
1237 4035 1320 4075 ven-

178 4107 289 4158 turum
309 4095 351 4154 ad
372 4093 561 4156 iudicandos
585 4090 677 4156 vivos
703 4101 918 4173 samonaos,
942 4104 975 4156 et
998 4104 1078 4157 tunc
1104 4097 1221 4159 reddet
1242 4096 1321 4157 uni-

179 4177 299 4260 cuique
330 4177 511 4238 secundiam
538 4196 636 4257 opera
662 4197 729 4238 sua.
772 4175 904 4238 Credite
934 4199 1033 4240 unam
1060 4179 1259 4254 Ecclesiam,
1286 4177 1322 4240 id

78 4273 83 4278 '
179 4270 253 4339 est,
288 4258 573 4344 congregationem
596 4257 759 4322 bonorum
785 4257 955 4324 hominum
983 4283 1044 4348 per
1073 4272 1179 4328 totum
1208 4262 1321 4326 orbem

1467 1189 1473 1438 l
