2928 4986
265 351 300 405 ι.
321 349 415 410 cna*
512 323 650 410 aaron
679 319 923 410 ‘mancorum
1028 331 1120 414 snas.¹
1197 317 1271 428 357

133 511 202 558 esse
217 491 353 558 debetis.
382 493 462 556 'Nec
477 491 565 555 enim
580 493 764 578 ignoramus
780 493 862 578 quid
880 489 1059 575 unicuique
1077 489 1219 556 vestrim
1234 491 1270 553 in

131 575 195 646 silai
224 579 391 640 commissa
421 575 572 660 portione
605 577 790 642 conveniat.
837 579 881 639 Et
908 577 984 640 ideo
1013 575 1270 660 praetermittere

132 679 200 720 non
220 681 388 744 possumus
409 661 490 744 quin
513 681 778 746 unumquemque
804 659 896 724 iuxta
919 679 1015 738 suum
1038 658 1186 721 ordinem
1212 657 1271 720 ad·¹

132 761 331 806 moneamus.

130 851 188 914 De
209 872 301 914 sacro
322 853 500 914 ministerio
521 851 765 936 Episcoporum,
788 865 818 912 et
840 849 881 911 cle
905 848 1122 928 admonitione
1144 847 1281 912 Domni

129 937 133 944 ”
453 937 663 1018 Imperatoris
695 933 740 995 ud
759 933 966 1020 Episcopus„

213 1017 269 1081 l'V.
312 1018 378 1080 Sed
404 1018 559 1100 quoniam
586 1016 704 1078 scimus
731 1017 821 1099 quod
842 1015 1028 1098 specialiter
1046 1011 1207 1097 pertineat
1227 1013 1270 1074 ad

128 1099 307 1184 Episcopos
333 1111 369 1161 ut
394 1101 536 1184 primum
566 1101 606 1162 ad
631 1123 756 1162 sacrum
782 1099 1001 1160 ministerium
1025 1095 1270 1177 suscipiendam

130 1181 214 1245 iuste
240 1183 412 1261 accedant,
444 1193 475 1244 et
502 1183 535 1261 in
561 1182 680 1255 eodem'
700 1182 881 1243 ministerio
901 1180 1053 1266 religiose
1078 1179 1206 1257 vivant,
1236 1189 1269 1240 et

130 1273 194 1328 tam
213 1266 298 1326 hene
317 1265 579 1348 vivendoquiam
604 1259 698 1327 recte
710 1263 931 1350 praedicando
952 1262 1081 1346 populis
1101 1261 1162 1322 sibi
1184 1283 1269 1323 com„

128 1348 233 1410 missis
255 1348 318 1409 iter
331 1348 625 1430 vitaepraeheant,
648 1359 679 1409 et
697 1357 735 1410 ut
758 1349 792 1408 in
812 1346 1015 1409 monasteriis
1032 1345 1066 1405 iu
1083 1341 1148 1406 suis
1169 1367 1269 1427 paro-

130 1429 213 1492 chiis
231 1430 415 1492 constitutis
439 1439 547 1491 sancta
567 1431 684 1514 religio
707 1431 871 1494 observata
888 1429 960 1506 fiat,
988 1437 1075 1490 et'ut
1090 1427 1269 1510 unusquis„

130 1534 196 1594 que
218 1513 307 1572 iuxta
335 1534 424 1574 suam
444 1513 679 1608 professionem
701 1513 861 1576 veraciter
879 1513 983 1589 uiuat,
1015 1530 1125 1572 curam
1140 1510 1269 1592 impen-

130 1597 221 1672 dant,
244 1617 355 1657 omnes
376 1603 432 1656 vos
446 1617 479 1654 ru
497 1595 561 1657 hoc
575 1617 665 1658 sacro
684 1597 799 1660 ordine
821 1596 1014 1664 constitutos
1034 1603 1067 1654 et
1082 1591 1188 1654 officio
1209 1613 1268 1673 pa-

130 1676 243 1744 storali
268 1679 398 1740 functos
423 1699 591 1740 monemus
618 1688 714 1762 atque
745 1701 892 1762 rogamus
920 1687 956 1738 ut
980 1677 1013 1736 in
1039 1676 1103 1756 hoc
1127 1673 1267 1736 maxime

131 1759 296 1822 elaborare
319 1761 486 1838 studeatis,
509 1771 541 1822 et
561 1782 621 1842 per
642 1762 850 1844 vosmetipsos
868 1771 900 1823 et
916 1781 975 1844 per
987 1760 1077 1821 vohis
1093 1757 1267 1834 subiectus,

130 1852 289 1925 quantum
311 1845 350 1904 ad
367 1843 515 1906 ¹vestrum
528 1839 744 1906 ministerium
763 1845 917 1926 pertinet,
940 1843 1033 1909 nobis
1051 1841 1118 1904 ueri
1144 1841 1268 1906 adiuto-

129 1925 234 1987 resin
260 1926 537 2000 administratione
560 1926 731 1988 ministerii
757 1927 849 1988 nobis
867 1925 1027 1991 commissi
1048 1923 1208 2000 existatis,
1231 1930 1276 1981 ut.

128 2007 165 2068 in
193 2008 317 2070 iudicio
341 2031 407 2070 non
431 2008 640 2070 condemnari
660 2030 719 2091 pro
742 2019 854 2070 nostra
873 2015 905 2068 et
925 2017 1030 2070 vestra
1054 2004 1269 2088 negligentia,
1331 2022 1333 2026 ⁴

129 2091 187 2152 sed
203 2092 309 2170 potius
322 2113 382 2174 pro
400 2101 613 2174 utrorumque
628 2089 715 2152 bono
732 2091 1053 2154 studioremunerari
1068 2108 1265 2156 mercantum
1285 2111 1288 2124 ·

130 2181 163 2234 et
183 2173 370 2257 ubicunque
391 2197 453 2257 per
470 2174 708 2258 neglegentiam
725 2174 856 2236 abbatis
870 2183 930 2234 aut
940 2172 1125 2240 Abbatissae
1140 2171 1193 2232 vel
1207 2171 1269 2230 Co·

132 2254 237 2333 mitis,
267 2257 333 2318 sive
351 2257 433 2330 vassi
456 2258 558 2319 nostri
584 2265 641 2318 aut
657 2257 795 2336 alicuius
812 2256 985 2318 cuiuslibet
1003 2275 1183 2338 personae,
1205 2251 1269 2311 ati-

132 2339 222 2480 puod
240 2339 329 2401 vohis
346 2339 543 2402 difficultatis
562 2340 596 2400 in
618 2339 682 2401 hoc
700 2337 886 2423 appa‘ruerit
903 2339 1115 2416 obstaculum,
1137 2343 1267 2400 nostrae

156 2421 352 2484 inoscentiae
375 2423 410 2484 id
429 2424 470 2484 ad
493 2432 619 2506 tempus
639 2423 805 2491 insinuare
824 2445 889 2489 non
911 2421 1081 2497 differatis:
1103 2428 1140 2480 ut
1157 2427 1269 2479 nostro

26 2561 31 2571 .
132 2503 255 2564 auxilio
275 2505 418 2582 suffulti,
450 2505 540 2588 quod
560 2517 665 2568 vestra
685 2507 857 2567 auctoritas
881 2504 1044 2587 exposcit,
1074 2501 1265 2578 famulante,

131 2591 170 2644 ut
187 2585 298 2664 decet,
324 2597 479 2670 potestate
499 2591 607 2650 uostrd
623 2587 780 2672 perficere
799 2588 943 2652 valeatis.

120 2692 188 2756 v‘De
209 2693 423 2758 admonitione
446 2697 564 2758 Domni
583 2699 790 2782 Imperatoris
813 2694 858 2756 ad
864 2673 1065 2780 Episcopus,
1089 2691 1128 2752 de
1150 2691 1266 2764 Sacer·

194 2775 318 2838 dotibus
349 2778 394 2838 ad
420 2801 527 2841 eornm
557 2801 666 2841 curam
685 2780 933 2863 pertinentibus,
963 2777 1054 2837 etde
1077 2775 1202 2844 scitatis,

226 2883 266 2946 V.
308 2885 357 2946 De
379 2883 605 2949 Sacerdotibus
623 2897 700 2948 vero
720 2887 760 2947 ad
782 2896 927 2952 vestrane
940 2905 1050 2946 curam
1069 2879 1266 2966 pertinenti·

131 2964 193 3027 bus
214 2987 365 3048 magnum
384 2967 533 3030 adhibete
552 2969 704 3046 studium,
726 2978 764 3029 ut
785 2969 926 3052 qualiter
940 2968 1051 3030 uivere
1067 2965 1218 3035 debeant,
1234 2972 1268 3024 et

132 3049 298 3130 quomodo
330 3051 458 3133 populis
496 3052 541 3114 ad
570 3074 660 3114 snam
689 3051 847 3133 portionis
887 3073 997 3126 curam
1027 3047 1267 3132 pertinentibus
1371 3079 1372 3082 ¹

134 3133 283 3216 exemplo
310 3144 343 3194 et
360 3134 610 3217 verhofprosint
636 3133 853 3202 archiacum
874 3156 989 3217 magna
1004 3155 1082 3193 cura
1102 3131 1266 3198 edocean-

133 3222 189 3272 tur
203 3224 234 3275 et
250 3215 495 3294 admoneantur,
517 3228 549 3278 et
563 3219 602 3280 id
621 3227 658 3278 ut
678 3218 785 3278 facere
806 3217 975 3293 studeant,
993 3217 1113 3278 Jveatra
1132 3214 1267 3295 pontifi·

134 3296 197 3368 cali
213 3301 401 3362 auctoritate
414 3299 687 3384 constringantur.
730 3299 897 3382 Quicquid
917 3309 1024 3360 autern
1042 3299 1076 3358 in
1099 3297 1165 3376 illis
1183 3297 1268 3379 ipo·

131 3379 223 3462 pulis,
241 3383 324 3444 iust‘e
344 3382 596 3466 reprehenditur
613 3383 647 3442 in
669 3383 823 3464 exemplo
833 3381 982 3466 propriae
1000 3375 1267 3455 conuersationis,

132 3471 238 3523 vestra
256 3464 464 3546 providentia
484 3465 646 3549 corrigere
661 3486 728 3525 non
750 3466 901 3548 negligat.
941 3466 989 3526 Ne
1006 3485 1083 3526 aero
1098 3461 1265 3526 Ecclesiae

131 3542 199 3605 illis
219 3548 403 3609 commissae
423 3549 456 3608 in
478 3549 711 3610 restauratione
727 3557 782 3614 aut
798 3549 831 3609 in
848 3547 1061 3616 luminaribus
1084 3547 1266 3629 iuxtapos-

133 3625 318 3690 sibilitatem
336 3653 447 3692 rerum
466 3632 515 3697 ak
527 3631 593 3693 illis
615 3631 833 3714 negligantur,
856 3641 962 3694 vestra
983 3628 1196 3692 nihilominus
1218 3629 1268 3688 in-

98 3752 100 3759 ·
132 3707 268 3789 vigilare
290 3711 386 3774 dehet
403 3715 543 3775 solertia.
585 3715 627 3776 Et
652 3716 737 3776 sicut
756 3713 836 3776 alios
853 3713 1032 3796 prohibetis
1053 3712 1153 3773 neda
1174 3733 1266 3771 man-

132 3789 176 3850 sis
197 3793 237 3852 ad
258 3793 424 3856 Ecclesiae
448 3796 622 3860 luminaria
639 3798 720 3859 datis
741 3796 867 3878 aliquid
885 3795 1062 3876 accipiant,
1092 3795 1137 3856 sic
1157 3804 1190 3854 et
1208 3816 1266 3854 vos

131 3881 164 3932 et
179 3876 275 3936 vestri
298 3876 527 3940 Archidiaconi
548 3881 587 3941 de
608 3880 729 3942 eisdem
750 3879 870 3951 mansis
885 3879 968 3939 nihil
985 3875 1175 3958 accipiendo
1194 3877 1266 3938 aliis

131 3958 317 4050 cuemplum
332 3959 527 4040 praebeatis;
551 3963 607 4024 sed
626 3964 735 4045 potius
754 3963 794 4022 ad
808 3962 845 4023 id
863 3963 900 4023 ad
917 3963 1004 4042 quod
1021 3961 1094 4022 data
1107 3971 1184 4021 sunt
1201 3971 1268 4021 ser·-

129 4059 198 4102 rrre
216 4041 448 4104 concedantur.
470 4055 507 4105 ut
526 4055 641 4124 totum,
664 4047 746 4107 sicut
760 4045 883 4106 dictum
902 4055 960 4121 est,
984 4045 1017 4104 in
1032 4043 1266 4104 restauratione

129 4120 350 4186 Ecclesiarum
361 4135 404 4186 'et
418 4127 631 4190 luminaribus
650 4138 755 4190 restra
770 4123 959 4188 auctoritate
975 4135 1012 4188 et·
1023 4126 1131 4188 studio
1148 4125 1264 4188 cedere

128 4207 238 4288 possit.
272 4208 412 4271 Scholae
423 4211 500 4274 saue
516 4212 553 4272 ad
573 4211 661 4275 lilios
673 4221 704 4274 et
716 4209 909 4272 ministerios
921 4209 1086 4272 Ecclesiae
1104 4209 1265 4269 instruen-

131 4289 188 4353 dos
212 4291 264 4353 vel
282 4290 476 4374 edocendos,
498 4294 582 4358 sicut
603 4293 694 4358 nohis
715 4292 1053 4380 praeteritotenapore
1074 4293 1114 4356 ad
1130 4291 1266 4354 Atticia-
