2920 4972
214 263 264 356 26
444 303 478 358 a.
502 306 589 368 can.
695 297 950 368 caerretanus
1063 309 1194 392 rau·

430 507 438 530 Ι
485 449 534 509 De
557 452 758 514 invasoribus
776 475 881 514 reram
907 453 1078 514 Ecclesiae.

294 551 381 616 VIII.
424 555 489 632 Qui
521 558 676 624 reiculam
705 561 870 624 Ecclesiae
896 559 1050 643 petierint
1077 561 1095 620 d
1118 560 1271 644 Regibus,
1310 571 1346 622 et

210 636 390 698 horrendae
408 637 592 720 cupiditatis
606 643 748 724 impulsu
761 637 925 726 egentium
937 643 1146 704 substantiam
1159 645 1342 728 rapuerint,

210 719 299 782 irrita
314 717 495 782 habeantur
509 743 592 803 quae
607 725 765 804 obtinent,
785 733 817 786 et
836 726 897 810 ipsi
917 725 955 786 ab
977 726 1123 788 Ecclesia
1143 748 1240 808 qnam
1263 750 1341 812 spo-

210 801 289 864 liare
307 802 444 886 cupiunt
463 805 687 870 excludantur.

565 923 615 982 De
635 925 743 1004 regula
763 927 975 987 collectarum

270 1025 324 1084 lx.
365 1025 482 1087 Nullus
502 1026 534 1086 in
555 1030 705 1110 precibus
722 1030 784 1092 nisi
805 1033 845 1094 ad
861 1035 988 1094 Patrem
1015 1033 1131 1115 dirigat
1148 1033 1336 1110 orationem,

207 1108 387 1212 secundum
402 1109 501 1169 illud:
524 1110 562 1206 Ei
575 1112 655 1195 quid
667 1115 829 1209 petieritis
846 1115 977 1176 Patrem
994 1119 1027 1176 in
1045 1117 1169 1176 nomine
1193 1136 1271 1176 meo.
1296 1117 1338 1178 Et

209 1202 244 1251 nt
259 1213 349 1274 prius
367 1211 418 1252 eas
438 1213 511 1252 cum
527 1197 788 1258 instructioribus
802 1207 931 1260 tractet.

522 1333 571 1394 De
584 1334 783 1418 professione
804 1335 1022 1398 Sacerdotem.

291 1441 331 1500 X.
374 1439 512 1515 Quando
527 1441 713 1522 Presbyteri
732 1441 785 1503 vel
803 1441 938 1502 Diaconi
955 1461 1014 1526 per
1032 1441 1198 1524 parochias
1221 1442 1337 1504 consti·

206 1531 354 1599 tuantur,
376 1531 502 1604 oportet
521 1543 574 1584 eos
593 1523 754 1606 Episcopo
778 1543 835 1584 suo
856 1523 1089 1606 professionem
1103 1525 1226 1585 facere..
1256 1551 1260 1556 ¹

534 1663 584 1723 De
603 1677 785 1724 testamento
800 1662 1018 1724 Sacerdotem.

211 1815 214 1823 ι
289 1779 345 1839 XI.
386 1777 568 1860 Presbyteri
585 1787 656 1860 post
671 1778 1006 1858 ordinatIonemsuaeI
1023 1779 1219 1860 paupertatis
1240 1801 1335 1860 prae-

207 1861 260 1923 dia
279 1868 509 1940 comparantes,
530 1869 719 1920 testamenta
732 1861 887 1922 Ecclesiis
905 1861 1106 1922 confirment.
1148 1862 1206 1923 Sin
1223 1863 1332 1940 aliter,

207 1953 243 2004 nt
257 1943 456 2006 fraudatores
474 1951 655 2004 teneantur.
1436 1943 1437 1974 l

599 2059 648 2118 De
677 2060 929 2126 Archziliaconr's.

285 2165 358 2227 XII.
398 2165 613 2228 Praesideant
628 2167 780 2250 Episcopi
793 2189 834 2230 ne
854 2167 1332 2249 cupiditasArchidiaconorunr

204 2270 336 2392 spgprnm
356 2249 467 2331 culpas
488 2251 619 2328 nutriat,
638 2250 714 2331 quia
737 2249 845 2312 multis
861 2250 967 2338 ,modis
991 2250 1146 2310 mentitur
1176 2250 1328 2333 iniquitas

204 2355 230 2393 ss
254 2355 273 2392 1.

489 2449 538 2508 De
567 2451 829 2533 compositoribus
850 2451 1038 2510 cantionum.

284 2578 372 2638 XIII.
414 2577 480 2655 Qui
503 2578 537 2636 in
560 2577 789 2661 blasphemiam
810 2579 941 2639 alterius
960 2579 1083 2640 cantica
1102 2557 1329 2663 composuerit,

204 2659 257 2722 vel
274 2661 331 2741 qni
349 2681 385 2720 ea
408 2661 595 2736 cantaverit,
617 2669 707 2721 extra
727 2661 875 2724 ordinem
888 2660 1074 2722 indicetur:
1098 2685 1171 2723 nam
1192 2665 1246 2726 Iex
1265 2661 1337 2723 hm·

205 2741 342 2804 iusmodi
361 2743 521 2826 praecipit
536 2742 673 2806 exiliari.

568 2859 618 2918 De
642 2857 735 2918 modo
757 2862 956 2920 sacramenti..

285 2965 372 3026 XIV.
415 2963 520 3024 Omne
536 2971 769 3043 sacramentum
786 2963 820 3022 in
842 2963 987 3024 Ecclesia
1008 2965 1050 3024 et'
1063 2984 1161 3046 super
1176 2963 1334 3045 reliquias

203 3047 331 3110 alaieis
348 3047 484 3107 iuretur.
526 3045 580 3107 Sic
600 3045 695 3106 illum
716 3048 805 3108 Deus
827 3045 970 3124 adiuvet,
992 3056 1023 3106 et
1047 3046 1096 3106 illi
1119 3047 1220 3108 sancti
1249 3067 1335 3128 quw

203 3151 277 3190 rum
291 3139 368 3190 sunt
385 3128 462 3190 istae
480 3127 651 3210 reliquiae.

503 3267 552 3326 De
571 3267 705 3338 stertis,
726 3279 760 3326 ut
776 3287 838 3327 aon
854 3269 916 3327 sint
930 3279 1032 3328 testes.

285 3399 356 3460 XV.
397 3389 545 3456 Libertus
567 3404 598 3455 et
616 3395 729 3456 liberta
749 3396 781 3454 in
805 3396 905 3458 nullis
926 3383 1064 3476 negotiis
1080 3405 1191 3456 contra
1215 3418 1333 3478 quem-

202 3502 300 3566 quam
325 3478 545 3540 testimonium
567 3475 674 3538 dicere
698 3478 936 3562 permittantur,
963 3479 1105 3560 exceptis
1137 3479 1203 3539 illis
1228 3481 1334 3541 causis

203 3564 236 3624 in
271 3563 389 3646 quibus
412 3559 592 3643 ingenuitas
611 3559 732 3637 deesse,
748 3562 831 3624 sicut
844 3560 1054 3643 praemissum
1075 3571 1123 3622 est
1153 3561 1243 3622 etde
1267 3583 1333 3632 ser,-

203 3647 271 3716 vis;
294 3645 370 3728 qaia
390 3644 561 3725 indignum
576 3651 683 3702 nostra
702 3653 815 3724 pensat
829 3643 997 3706 clementia
1019 3653 1054 3702 ut
1073 3644 1264 3704 lihertorum
1285 3653 1334 3706 te·
1389 3667 1392 3672 ·

202 3729 350 3790 stimonia
368 3725 518 3809 ingenuis
535 3723 648 3782 damna
671 3724 839 3786 incutiant.
882 3725 947 3804 Qui
971 3727 1048 3786 verb
1064 3748 1103 3785 ex
1124 3725 1245 3786 eisdem
1262 3727 1333 3786 fue-

201 3813 268 3874 rint
296 3809 470 3894 progeniti,
495 3806 535 3868 ad
556 3805 775 3867 testimonium
802 3811 820 3870 d
852 3808 946 3870 tertia
977 3807 1184 3889 generatione
1212 3807 1334 3868 admit-

203 3904 324 3956 tantur.

603 4004 651 4063 De
673 4006 922 4065 comnacrationa

284 4141 370 4203 XVI.
412 4136 635 4213 Commutatio,
669 4137 784 4197 sinon
816 4137 915 4197 suerit
940 4159 999 4217 per
1026 4137 1091 4198 vim
1127 4140 1180 4202 vel
1207 4150 1332 4204 metum

204 4232 337 4300 extorta,
358 4222 455 4281 talem
476 4220 606 4302 qualem
621 4228 653 4281 et
668 4221 786 4304 emptio
801 4219 916 4284 habeat
935 4219 1125 4288 firmitatem.
