2952 4988
208 271 284 348 25⁰
465 287 606 348 acan.
710 287 968 348 cannatina
1074 291 1137 348 sn.

208 431 304 496 euius
326 427 517 492 ministeriis
551 427 633 492 haee
665 427 814 494 iacienda
846 440 933 510 snat,
953 439 991 494 nt
1017 431 1115 492 aliter
1143 451 1208 491 non
1231 432 1356 493 faciant

208 533 317 602 neque
333 513 449 576 Missus
466 521 575 574 noster
593 534 702 609 neque
720 515 847 592 Carnes,
876 514 936 577 nisi
961 514 1075 578 sicuti
1096 512 1189 574 nobis
1214 515 1355 600 Capitu-

207 596 249 660 lis
266 595 450 660 ordinatum
468 604 526 658 est.
567 595 716 660 Tertium
741 595 880 658 habeant
912 597 1001 664 Missi
1029 597 1131 658 nostri
1162 597 1221 676 qui
1254 619 1356 680 super

207 677 388 744 exereitum
407 687 552 742 nostrum
580 679 801 742 constituendi
818 691 903 742 sunt.
945 681 1104 760 Quartum
1120 679 1245 750 ‚habeat
1264 683 1355 744 Can·

208 763 361 828 cellarius
378 773 496 828 nester.

289 847 345 920 IX.
387 845 547 910 Volumus
564 853 601 906 ut
613 841 762 908 homines
785 843 933 916 fidelium
959 853 1156 922 nostrorum,
1178 865 1262 927 quos
1289 866 1352 906 no-

204 927 332 998 biscum
345 929 386 992 ad
401 927 570 1000 servitium
587 938 734 990 nostrum
752 927 838 992 domi
855 949 1021 992 reservare
1034 927 1196 1006 iussimus,
1209 928 1244 988 in
1257 949 1352 988 exer

205 1013 307 1078 eitum
326 1013 374 1074 ire
394 1032 460 1073 non
475 1009 727 1098 compellantur;
753 1010 811 1074 sed
832 1022 888 1074 aut
903 1011 963 1096 ipsi
977 1011 1064 1074 dorni
1081 1018 1283 1087 remaneant,
1294 1013 1350 1071 vel

205 1097 240 1159 in
261 1095 396 1159 servitio
411 1095 617 1162 dominorum
640 1115 784 1162 suorum.
825 1095 939 1178 Neque
952 1093 1169 1164 heribannum
1190 1093 1350 1155 reuvadi·

204 1201 260 1242 ere
278 1179 452 1243 iubeantur
479 1177 528 1240 illi
548 1177 696 1240 homines
712 1176 769 1260 qui
787 1199 875 1240 anno
889 1178 1065 1262 praeterito
1084 1175 1255 1248 nobiseum
1272 1177 1349 1238 fue·.

204 1251 293 1330 iant.

336 1415 603 1480 CAPITULARE
634 1416 868 1480 SECUNDUM
896 1415 998 1480 antu
1027 1417 1213 1482 ncccxlt.

205 1546 373 1644 Capitale
405 1571 497 1642 quae
521 1545 688 1618 Domnus
705 1546 915 1641 Imperator
940 1551 1343 1642 eonstituitbonnniae,

246 1670 338 1744 quea
364 1657 418 1718 est
442 1655 482 1718 in
507 1647 633 1718 littora
659 1649 783 1737 maris,
809 1673 906 1721 anno
939 1651 1044 1742 regni
1068 1652 1126 1721 sui
1150 1651 1298 1745 xmv,

416 1770 541 1820 mense
566 1745 760 1835 Octobrio,
786 1749 988 1822 indictione
1013 1749 1130 1822 sexti.

448 1891 625 1958 innan
668 1892 1104 1984 Csfsrnnosun.

228 2003 331 2120 '’De
346 2058 447 2121 libero
468 2057 593 2123 bomine
610 2059 644 2122 in
672 2058 748 2120 bes·
880 2062 1104 2134 servientibus,
1122 2072 1154 2122 et
1171 2073 1275 2128 tannen
1290 2061 1345 2122 be·
1454 2081 1455 2114 i

285 2155 348 2203 tem
367 2143 508 2208 bannita.
880 2143 997 2229 neficia
1013 2144 1210 2204 habentibus.

222 2245 251 2284 a.
273 2225 323 2286 De
344 2227 517 2290 heribanno
537 2221 727 2290 exactanda.
818 2228 849 2294 8.
870 2228 919 2288 De
944 2228 1189 2310 praeparatinne
1211 2223 1258 2284 ad
1286 2225 1346 2285 bo·

221 2307 251 2368 ὅ.
273 2309 323 2368 De
336 2307 385 2370 bis
408 2311 463 2396 qui
489 2305 611 2386 regales
632 2307 748 2370 babent
880 2324 959 2371 stem
988 2307 1161 2370 secundum
1185 2309 1347 2389 aratr'quum

282 2393 432 2465 bonores,
455 2406 486 2458 et
496 2391 530 2451 in
542 2391 664 2449 bostem
674 2389 750 2452 ban«
880 2391 1149 2455 consuetudinem,

279 2475 344 2536 niti
356 2470 747 2556 adcendictumplacitum
817 2495 849 2560 9.
869 2477 919 2536 De
945 2475 994 2534 bis
1010 2475 1066 2557 qui
1082 2475 1197 2554 absque
1216 2472 1346 2532 licentia

282 2577 347 2618 non
362 2559 520 2618 venerint.
878 2557 1087 2642 Imperatoris
1117 2556 1207 2618 demi
1238 2576 1343 2614 rema÷

220 2637 252 2716 4.
273 2638 322 2698 De
338 2639 387 2700 bis
404 2642 461 2724 qui
480 2641 548 2700 sine
564 2637 693 2698 licentia
707 2635 747 2697 de
879 2655 955 2702 nent
969 2653 999 2704 et
1014 2641 1048 2700 in
1058 2641 1177 2706 bestem
1194 2659 1258 2706 non
1271 2657 1346 2720 per·

283 2722 371 2783 hoste
389 2735 602 2783 revertuntur.
876 2737 965 2802 gunt.

220 2802 250 2868 5.
271 2805 321 2864 De
336 2806 385 2866 bis
423 2807 457 2864 ui
473 2801 627 2888 beneficia
645 2805 744 2866 Prin·
799 2828 844 2868 ιο.
866 2808 915 2866 De
932 2809 990 2868 boc
1003 2817 1038 2866 ut
1059 2803 1186 2864 nonnisi
1205 2803 1343 2886 parneis-

282 2888 387 2971 eipum
401 2826 526 2950 babent.
746 2947 751 2958 ,
876 2891 963 2950 sione
971 2887 1070 2969 regali
1076 2886 1189 2947 brunia
1202 2883 1258 2944 nel
1272 2885 1344 2963 gine

218 2968 249 3032 6.
271 2971 320 3030 De
341 2991 406 3032 non
421 2968 561 3052 cogendo
583 2969 689 3031 bibere
711 2971 745 3030 in
870 2967 1344 3048 diusborniniextranenhqno·

281 3055 380 3114 berte.
526 3057 577 3078 ”
877 3055 954 3115 libet
972 3053 1067 3113 datm·
1092 3063 1148 3111 aret
1174 3047 1344 3110 vendatur.
1454 3099 1455 3108 ἦ

221 3154 250 3218 7.
271 3136 320 3196 De
336 3136 438 3196 vassis
456 3134 558 3197 adbuc
571 3137 605 3197 in
623 3136 745 3219 palatio
801 3159 847 3200 ιι.
869 3139 918 3200 De
932 3137 1061 3216 navigio
1078 3132 1242 3194 mittendo.

304 3265 466 3330 lncrrrurr
491 3287 717 3342 suensscnnra
739 3269 904 3332 earnm
933 3288 972 3328 er
994 3269 1101 3334 donuae
1124 3250 1251 3332 rannus.

438 3373 611 3436 Delibero
629 3375 753 3436 homine
769 3375 804 3434 in
821 3374 940 3434 bostem
953 3372 1092 3434 bannito.

281 3476 308 3540 Ι.
350 3477 549 3561 Quicunque
570 3477 657 3540 liber
667 3477 766 3540 homo
784 3478 817 3538 in
838 3479 967 3540 hostem
988 3475 1142 3539 bannitus
1170 3477 1284 3555 fuerit,
1311 3487 1343 3540 et

198 3561 313 3624 venire
327 3563 567 3645 oontempserit,
584 3563 720 3646 pienum
732 3561 961 3638 heribannum,
989 3560 1023 3623 id
1043 3571 1090 3623 est
1105 3561 1225 3622 solidos
1244 3583 1339 3624 sexa-

198 3645 286 3728 ginta
318 3645 489 3730 persolvat.
531 3644 598 3706 Aut
621 3643 647 3706 si
676 3665 741 3705 non
771 3645 923 3723 habuerit
948 3645 1035 3706 unde
1067 3644 1156 3704 iliam
1184 3666 1340 3705 summam
1454 3693 1455 3702 ,

196 3729 371 3812 persolvat,
385 3727 593 3812 semetipsum
606 3749 666 3810 pro
684 3727 789 3789 wadio
806 3727 841 3788 in
863 3727 1033 3789 servitium
1049 3725 1211 3810 Principis
1235 3728 1340 3789 tradat

197 3811 303 3872 donee
319 3833 378 3894 per
396 3821 540 3894 tempora
559 3810 627 3894 ipse
640 3811 767 3872 bannus
784 3811 823 3873 ah
842 3833 881 3872 ea
896 3811 950 3870 bat
967 3809 1160 3894 persolutus.
1197 3811 1241 3871 Et
1260 3819 1340 3871 tune

197 3892 370 3956 iterumad
390 3903 507 3956 statum
525 3893 682 3955 libertatis
706 3914 781 3956 suae
805 3901 996 3958 revertatur.
1038 3892 1130 3953 Etsi
1159 3893 1216 3974 iile
1241 3892 1339 3955 homo

195 3975 253 4058 qui
276 3999 309 4038 se
329 3985 464 4059 propter
477 3977 695 4040 heribannum
715 3976 748 4036 in
764 3976 934 4038 servitium
958 3975 1103 4054 tradidit,
1133 3975 1167 4035 in
1188 3975 1247 4036 iilo
1275 3998 1341 4038 sen·

195 4059 276 4122 vitio
292 4060 467 4122 defunctus
487 4060 598 4138 fuerit,
614 4057 753 4120 heredes
781 4060 852 4122 eius
874 4057 1088 4120 hereditatem
1112 4079 1195 4140 quae
1218 4058 1259 4118 ad
1285 4080 1340 4122 eos
1454 4127 1455 4150 χ

195 4141 340 4284 pittinet
350 4163 429 4286 ἔαρι
445 4143 594 4229 perdant,
615 4163 676 4208 nec
691 4141 884 4223 libertatem,
910 4163 970 4215 nec
994 4141 1034 4207 de
1057 4141 1127 4226 ipso
1155 4139 1340 4207 heribanno

198 4246 218 4285 0
241 4246 349 4290 noxu-
373 4246 438 4288 an.
