2928 4986
192 252 267 330 384
445 269 589 331 sent.
696 269 953 334 cestrensem
1046 280 1108 337 scs.
1426 141 1435 375 i

191 416 314 563 loppiis,
329 413 518 498 ubicunque
533 407 751 500 accipiantur,
768 417 870 480 sciant
882 440 916 480 sc
929 416 1049 480 exinde
1067 413 1161 480 nobis
1175 417 1345 504 rationem

192 522 226 564 re
276 509 387 560 ituros.

507 603 556 666 De
581 607 727 667 eoeamine
752 619 850 689 cquae
864 605 1021 688 frigidae.
1424 652 1429 767 p

1426 780 1429 834 't

273 703 354 776 XM.
396 713 439 773 Ut
452 733 585 776 examen
598 735 700 796 aquae
715 714 871 811 frigidae,
889 714 978 796 quod
991 713 1146 777 hactenus
1157 713 1342 794 faciebant,

191 795 209 858 i
225 794 331 858 Missis
349 796 465 858 nostris
486 795 635 858 omnibus
651 797 865 860 interdicatur
884 819 925 858 ne
946 797 1082 858 ulterius
1103 797 1166 858 fiat.

195 899 244 965 De
274 903 457 964 reversione
479 901 612 964 Comitis
641 918 672 965 et
695 907 881 988 pagensium
911 903 950 965 de
979 904 1089 964 hostili
1109 903 1341 990 expeditione,
1426 880 1431 963 i

245 999 280 1047 ut
302 1005 346 1046 ex
369 1003 406 1046 eo
431 973 486 1044 die
507 997 603 1068 seper
623 986 835 1070 quodraginta
856 981 926 1048 dies
947 989 989 1046 sit
1010 987 1129 1046 bannus
1151 989 1281 1046 resisus.
1429 984 1431 1005 ¹

272 1087 360 1151 Xlll.
403 1088 578 1172 Postquam
599 1093 713 1153 Comes
736 1101 769 1154 et
788 1113 944 1175 pagenses
969 1091 1009 1154 de
1034 1093 1181 1174 qualibet
1199 1092 1342 1175 expedi-

190 1172 280 1234 tione
293 1171 404 1234 hostili
418 1174 541 1236 reversi
555 1174 695 1252 fuerint,
708 1197 747 1236 ex
763 1196 802 1236 eo
815 1175 867 1236 die
882 1195 980 1256 super
994 1176 1208 1260 quadraginta
1224 1185 1342 1238 noctes

190 1255 233 1318 sit
255 1255 381 1316 bannus
403 1253 542 1318 resisus:
568 1257 659 1338 quod
691 1257 723 1318 in
753 1257 867 1340 lingna
890 1254 1071 1320 Theodisca
1100 1258 1269 1338 scastlegi,
1304 1258 1342 1320 id

189 1348 262 1418 est,
283 1353 444 1400 armorum
463 1339 637 1422 depositio,
661 1349 805 1404 vocatur.

190 1445 242 1508 D'e
263 1445 430 1508 audientia
453 1443 555 1528 Regis.
596 1445 641 1508 Et
659 1459 694 1507 ut
722 1447 859 1508 Comites
881 1460 912 1508 et
931 1445 1026 1510 Missi
1049 1443 1205 1508 dominici
1226 1443 1339 1510 maci-

492 1551 575 1590 mam
592 1549 700 1590 curam
714 1529 849 1592 habeant
865 1548 1050 1614 pauperum.

272 1635 361 1700 xlv.
403 1637 471 1698 Hoc
492 1635 580 1700 Missi
609 1638 711 1699 nostri
740 1647 852 1698 notum
880 1637 1001 1698 facient
1022 1636 1199 1698 Comitihns
1219 1645 1252 1698 et
1270 1637 1339 1698 Po·

188 1721 291 1806 pulo,
321 1719 411 1803 quod
436 1741 495 1782 nos
516 1719 550 1779 ln
586 1721 676 1780 omni
700 1721 901 1782 hebdomada
926 1741 1027 1780 unum
1055 1720 1141 1780 diem
1161 1719 1202 1779 ad
1223 1737 1338 1782 causas

191 1801 370 1866 audiendas
404 1811 438 1864 et
461 1802 651 1864 iudicandas
675 1803 788 1866 sedere
811 1805 970 1865 volumus.
1012 1803 1153 1864 Comites
1173 1811 1284 1864 autem
1305 1813 1338 1864 et

190 1887 279 1950 Missi
299 1884 400 1948 nostri
420 1905 572 1969 magnum
588 1885 731 1947 studium
750 1881 948 1949 habeantne
969 1885 1052 1946 fort'e
1070 1894 1206 1968 propter
1220 1907 1337 1946 eorum

191 1968 424 2054 negligentiam
443 1991 602 2054 pauperes
633 1971 842 2048 crucientur,
881 1979 913 2032 et
942 1989 1001 2030 nos
1028 1969 1172 2030 taedium
1200 1977 1337 2050 propter

191 2073 305 2114 eorum
330 2053 486 2116 clamores
510 2053 687 2136 patiamur,
709 2054 736 2116 si
755 2063 898 2116 nostram
921 2052 1056 2136 gratiam
1080 2051 1199 2112 habere
1218 2049 1335 2112 velint.

189 2135 317 2222 Populo
333 2145 441 2198 autem
464 2135 592 2198 dicatur
606 2145 643 2198 ut
668 2145 779 2198 careat
800 2137 840 2198 de
867 2137 939 2198 aliis
958 2135 1063 2196 causis
1086 2155 1119 2198 se
1143 2134 1181 2194 ad
1200 2153 1258 2192 nos
1272 2153 1329 2192 re-

191 2219 347 2296 clamare,
373 2219 435 2282 nisi
453 2218 493 2280 de
512 2219 629 2302 quihus
647 2229 704 2282 aut
715 2219 804 2282 Missi
827 2220 928 2282 nostri
946 2227 1001 2278 aut
1020 2215 1158 2280 Comites
1171 2213 1216 2276 eis
1235 2213 1329 2274 insti·

191 2303 251 2364 tias
267 2305 373 2364 lacere
394 2302 570 2364 noluerint.
1331 2297 1333 2304 '

191 2407 241 2468 De
271 2406 441 2490 inserenda
467 2409 488 2468 le
512 2405 651 2470 Vicariis
679 2408 734 2470 cel
759 2407 833 2468 aliis
855 2407 962 2468 Missis
986 2407 1141 2468 Comitum
1161 2390 1332 2484 exigenda.

215 2525 217 2532 ’
275 2512 345 2576 XV.
388 2514 587 2599 Quicunque
613 2515 735 2578 Vicarii
760 2513 813 2578 vel
838 2515 894 2575 alii
917 2515 1058 2576 Ministri
1082 2513 1247 2575 Comitum
1269 2512 1332 2574 tri-

189 2596 306 2660 hutum
321 2597 409 2680 quod
424 2596 601 2680 Inserenda
614 2608 759 2674 vocatur,
775 2599 904 2660 maioris
918 2599 1044 2680 pretiiia
1058 2599 1183 2680 populo
1199 2597 1340 2680 erigere¹

190 2680 442 2764 praesumpserit
460 2681 557 2777 quim
577 2682 595 2741 i
616 2681 721 2744 Missis
741 2680 845 2742 bonae
862 2681 1035 2744 memoriae
1057 2678 1211 2764 genitoris
1227 2679 1331 2742 nostri

192 2763 403 2826 constitutum
428 2763 510 2840 fust,
532 2763 595 2825 hoc
620 2775 687 2842 est,
716 2765 796 2826 duos
818 2765 937 2825 solidos
961 2781 1020 2846 pro
1042 2787 1108 2824 nna
1129 2783 1243 2840 vacca,
1266 2761 1332 2822 hoc

191 2846 280 2929 quod
303 2845 422 2908 iniuste
447 2847 655 2930 superposuit
673 2856 770 2929 atque
794 2847 926 2908 abstulit
948 2847 1075 2929 sibique
1100 2845 1254 2920 retinuit,
1279 2843 1332 2905 his

191 2929 308 3012 quihus
331 2928 394 2990 hoc
420 2928 496 2990 tulit
515 2951 589 2990 cum
613 2951 671 2992 sua
691 2931 762 3012 lege
788 2931 958 3008 restituet,
989 2940 1022 3004 et
1047 2929 1177 3012 insuper
1197 2925 1334 2988 fredum

192 3020 337 3074 nostrum
358 3021 547 3096 componat,
572 3021 605 3074 et
619 3011 834 3076 ministerium
855 3021 1001 3074 nostrum
1023 3013 1152 3073 amittat.

308 3173 386 3218 HAEC
408 3173 484 3216 SUNT
507 3171 660 3214 CAPITUM
681 3171 762 3227 Quae
784 3173 842 3214 PRO
863 3173 940 3214 LEGE
967 3171 1106 3214 EABBNDA
1130 3171 1218 3212 SUNT·

232 3289 289 3352 Dc
305 3289 423 3349 honore
444 3283 675 3356 Ecclesinrum,
699 3283 739 3344 de
761 3281 943 3346 homicidiis
958 3285 992 3342 in
1011 3281 1162 3344 Ecclesiis
1179 3281 1239 3342 vel
1255 3281 1284 3341 in

549 3385 657 3429 eorum
677 3369 768 3428 striis
789 3362 971 3428 commissis.

275 3477 301 3540 l.
343 3477 392 3538 De
412 3474 596 3538 homicidiis
620 3474 654 3551 in
679 3473 834 3536 Ecclesiis
860 3473 913 3536 vel
937 3472 969 3532 in
998 3470 1085 3532 atriis
1108 3491 1224 3531 earum
1242 3489 1329 3530 com·

192 3561 295 3624 missis
320 3559 384 3622 hoc
407 3557 599 3622 observetur
622 3567 654 3620 et
676 3567 825 3627 teneatur
845 3555 933 3637 quod
960 3555 993 3614 in
1019 3553 1208 3634 capitulare
1232 3548 1333 3636 priori

193 3645 405 3707 constitutum
430 3651 495 3720 est,
515 3640 549 3702 id
572 3649 637 3720 est,
660 3642 693 3700 in
716 3641 800 3701 libro
818 3639 887 3716 IV,
904 3637 1046 3720 capitulo
1062 3635 1163 3698 Xlll.
1204 3635 1332 3716 Siquis

193 3749 236 3790 ex
255 3729 321 3788 levi
340 3747 434 3788 causo
454 3737 508 3790 aut
526 3724 594 3784 sine
613 3745 708 3788 causa
729 3725 884 3790 hominem
900 3723 935 3780 in
954 3721 1100 3780 Ecclesia
1118 3716 1328 3798 interfecerit,

193 3809 233 3872 de
248 3812 317 3870 vita
333 3819 509 3890 componat.
536 3803 575 3866 Si
589 3805 667 3868 neri
677 3803 766 3884 foris
782 3807 884 3866 rixati
891 3802 1038 3884 fuerint,
1054 3816 1085 3862 et
1102 3821 1178 3862 unus
1193 3799 1328 3856 alterum

192 3896 226 3952 in
246 3891 422 3954 Ecclen'om
435 3885 580 3971 fugerit,
604 3902 635 3949 et
661 3889 706 3950 ibi
730 3909 763 3948 se
791 3883 993 3968 defendendo
1019 3906 1090 3946 euin
1113 3877 1323 3973 interfecerit,

193 3974 268 4035 etsi
285 3972 376 4036 lanios
387 3973 473 4052 facti
487 3986 580 4034 testes
599 3991 663 4032 non
678 3971 842 4040 labuerit,
866 3991 936 4029 cum
959 3968 1127 4034 duodecim
1143 3969 1327 4024 concurato-

193 4061 279 4120 ribus
300 4057 448 4138 legitimis
472 4075 532 4136 per
553 4066 782 4116 sacramentum
803 4050 947 4136 affirmet
970 4071 1001 4110 se
1028 4041 1225 4130 defendendo
1253 4061 1329 4136 eum

192 4139 397 4222 interfecisse.
439 4130 531 4202 Etsi
550 4140 617 4221 ipse
638 4149 934 4196 aicctorcommomc
950 4137 1102 4192 intereos
1119 4130 1208 4189 rixae
1228 4135 1331 4186 exso-

192 4225 287 4296 terit,
319 4219 443 4282 leodem
468 4218 629 4304 interfecti
657 4227 687 4280 et
715 4220 844 4304 insuper
871 4218 1008 4279 bannum
1035 4226 1177 4278 nostrum
1202 4207 1331 4270 solvere
