2958 4986
210 338 282 418 146
485 351 519 408 s.
541 350 660 444 cua„
737 351 997 412 carisomus
1103 353 1170 413 suo.

209 520 284 564 cnm
305 493 395 578 agnis
420 493 483 570 ct,
500 513 600 576 agnos
620 491 793 587 annotinos
808 495 871 556 CC.
893 495 1010 590 arietes
1028 493 1126 554 CXX
1142 515 1180 554 ca
1203 516 1256 556 ras
1279 518 1356 558 cnm

209 573 1153 744 RidilsxlffiiIllaevtlppepnppplnlcsxllx,bsrcoslll.aucus
1197 577 1358 664 xxput-

569 821 616 876 ns
653 822 720 890 sc,
757 823 833 894 ouo
870 825 987 878 suras.

292 921 373 1004 item
388 915 428 980 de
449 914 709 993 mansionilibus,
725 937 809 998 quae
837 917 878 979 ad
901 939 998 1002 snpra
1021 919 1180 1002 scriptum
1205 941 1356 982 mansum

209 1003 380 1087 aspiciunt.
424 999 462 1059 ln
485 997 638 1062 Grisione
668 999 747 1060 villa
778 999 964 1063 invenimus
981 1002 1193 1064 mansioniles
1216 1003 1357 1066 domini-

210 1097 308 1164 catas,
328 1083 385 1145 nbi
398 1080 498 1144 habet
518 1101 628 1144 scuras
646 1081 711 1160 Ill,
735 1092 768 1144 et
781 1093 907 1146 curtem
924 1105 957 1146 se
983 1106 1000 1145 e
1020 1084 1264 1146 circumdatam.
1284 1089 1353 1149 Ha·

208 1171 264 1233 bet
286 1168 329 1228 ibi
349 1174 456 1227 ortum
477 1163 504 1226 Ι.
520 1185 595 1224 cum
610 1165 795 1236 arboribus3
819 1187 913 1229 aucas
969 1212 978 1244 ,
999 1177 1133 1230 anantes
1161 1169 1251 1232 VIII.
1275 1171 1355 1253 pnl-

150 1291 154 1300 =
210 1253 259 1315 los
272 1251 374 1312 XXX.
416 1247 454 1308 In
472 1245 537 1306 alia
563 1245 643 1310 villa
668 1247 871 1332 repperimus
895 1249 1105 1312 mansioniles
1129 1251 1355 1330 dominicatas,

158 1365 162 1384 ι
210 1345 244 1398 et
263 1343 390 1394 curtem
409 1350 485 1413 sepe
506 1329 720 1422 munitam'et
737 1331 824 1392 infra
846 1354 956 1395 scuras
971 1333 1035 1396 ΙΙΙ.
1060 1333 1157 1394 vinea
1186 1334 1354 1419 arripeun.

209 1416 238 1480 l.
254 1417 386 1478 hortum
403 1435 479 1474 cum
494 1411 662 1475 arboribus
683 1411 710 1475 l.
741 1435 836 1478 aucas
857 1417 929 1479 XV.
953 1415 1064 1498 pullos
1092 1416 1163 1476 XX.
1206 1417 1245 1477 ln
1272 1417 1355 1478 villa

210 1501 269 1560 illa
285 1495 487 1558 mansionilis
507 1494 702 1558 dominicata
719 1495 817 1558 babet
836 1519 945 1562 scuras
965 1497 1012 1562 ΙΙ.
1035 1498 1211 1584 spicarium
1226 1500 1255 1564 Ι.
1272 1500 1354 1562 hcr-

211 1592 282 1643 tum
297 1580 324 1646 1.
345 1587 471 1642 curtem
486 1599 562 1662 sepe
576 1579 661 1641 bene
683 1579 851 1644 munitam.

590 1745 681 1800 ITEM
717 1746 815 1798 UNDE
851 1747 970 1802 SUPRA.

293 1842 481 1912 Mansuram
501 1837 687 1900 modiorum
702 1849 734 1902 et
757 1841 964 1903 sestariorum
979 1843 1024 1903 ita
1046 1841 1244 1922 invenimus,
1268 1845 1355 1907 sicut

212 1937 245 1992 et
267 1926 303 1986 in
325 1923 455 2007 palatio.
497 1921 729 1986 Ministeriales
752 1945 819 1985 non
843 1923 1030 1988 invenimus
1063 1926 1223 2006 aurifices,
1244 1949 1356 2010 neque

212 2005 425 2094 argentarios,
450 2003 614 2083 ferrarios,
632 2027 740 2088 neque
761 2007 802 2067 ad
822 2008 1022 2086 venandum,
1036 2030 1144 2091 neque
1161 2010 1195 2068 in
1213 2011 1355 2092 reliquis

211 2089 386 2174 obsequiis.
430 2091 480 2151 De
495 2087 605 2149 herbis
627 2085 822 2167 hortulanis,
839 2111 920 2172 quas
942 2091 1135 2175 reperimus,
1154 2092 1264 2170 idest,
1283 2094 1356 2154 lili-

213 2200 280 2252 um,
302 2182 439 2250 costam,
460 2177 614 2248 mentum,
636 2171 851 2254 petresilium,
872 2182 990 2251 rutam,
1016 2173 1135 2257 apium,
1155 2175 1355 2254 libesticum,

212 2257 356 2334 salviam,
378 2253 562 2331 satureiam,
577 2253 732 2333 savinam,
751 2276 896 2338 porrum,
917 2256 1005 2337 allia,
1026 2257 1207 2336 tanaritam,
1225 2268 1357 2320 menta-

212 2353 320 2418 stram,
338 2337 554 2416 coliandrum,
569 2337 738 2414 scalonias,
757 2359 862 2422 cepas,
891 2339 1016 2418 caules,
1035 2341 1236 2419 ranacaules,
1259 2343 1360 2404 vitto-

215 2427 331 2488 nicam.
372 2425 422 2484 Dc
446 2419 636 2480 arboribus:
663 2419 810 2503 pirarios,
829 2421 1001 2504 pomarios,
1024 2422 1226 2505 mispilarios,
1251 2424 1357 2508 persi-

213 2509 328 2584 carios,
344 2502 556 2580 avelanarios,
577 2502 739 2581 nucarios,
754 2504 920 2582 morarios,
946 2503 1152 2566 cotoniarios.
1192 2507 1357 2590 Repperi-

212 2613 283 2653 mus
297 2591 331 2649 in
349 2587 409 2648 illo
428 2585 505 2646 lisco
527 2585 692 2648 dominico
715 2586 845 2647 domum
863 2589 1006 2670 regalem
1019 2588 1166 2650 exterius
1178 2610 1218 2649 ex
1231 2589 1356 2672 lapide,

214 2685 247 2738 et
272 2669 408 2734 interius
426 2689 466 2730 ex
483 2667 573 2752 ligno
585 2668 670 2730 bene
685 2677 913 2748 constructam,
939 2693 1080 2733 cameras
1095 2669 1139 2733 ll.
1166 2672 1283 2733 solaria
1308 2672 1355 2736 ΙΙ.

213 2757 292 2818 alias
324 2773 411 2814 casas
434 2750 520 2811 infra
548 2760 674 2813 curtem
709 2772 750 2812 ex
786 2752 877 2834 ligno
906 2753 1006 2816 factas
1038 2753 1133 2816 Vlll.
1159 2754 1255 2836 pisile
1278 2778 1358 2818 cum

215 2859 341 2906 camera
373 2834 400 2896 1.
438 2831 664 2896 ordinabiliter
694 2834 939 2914 constructum,
973 2837 1134 2900 stabulum
1161 2839 1185 2898 Ι.
1211 2840 1357 2920 coquina

214 2932 247 2986 et
284 2917 459 3005 pistrinum
496 2915 530 2976 iu
569 2938 673 2978 unum
708 2926 882 2994 tenentur,
914 2919 1051 3003 spicaria
1078 2919 1244 3002 quinque,
1278 2943 1356 3004 gra-

215 3027 312 3066 necas
343 2999 409 3064 lll.
442 3008 570 3060 curtem
599 2999 727 3061 tunimo
761 2999 992 3064 circumdatam
1020 3003 1225 3086 desuperque
1253 3005 1358 3087 spinis

213 3087 383 3162 munitam,
401 3104 477 3144 cum
492 3091 585 3166 porta
609 3082 728 3164 lignea.
769 3083 873 3144 Habet
902 3085 1043 3168 desuper
1074 3085 1238 3163 solarium,
1279 3109 1359 3148 cur-

213 3168 349 3231 ticulam
379 3163 529 3228 similiter
557 3165 685 3226 tunimo
708 3165 927 3244 interclusam,
949 3169 1129 3250 pomerium
1153 3169 1358 3252 contignum,

216 3251 337 3316 diversi
356 3247 485 3332 generis
502 3249 655 3309 arborum
672 3268 894 3319 nemorosum
917 3250 1004 3311 infra
1016 3252 1177 3314 vivarium
1194 3273 1270 3312 cnm
1289 3253 1357 3335 pis-

216 3337 309 3398 cibus
325 3333 351 3396 Ι.
369 3333 499 3393 hortum
511 3331 596 3394 bene
616 3331 829 3412 compositum
850 3331 876 3394 l.
897 3334 1087 3395 vestimenta
1104 3334 1155 3411 (ad
1180 3338 1211 3411 o)
1234 3334 1360 3395 lectum

215 3415 398 3503 parandum
419 3413 447 3476 I.
466 3414 604 3497 drappos
622 3413 663 3474 ad
681 3413 805 3475 discum
817 3416 999 3500 parandum
1020 3416 1047 3478 l.
1066 3416 1204 3478 toaclam
1212 3415 1239 3478 Ι.
1257 3420 1360 3480 Uten-

215 3501 299 3578 silia,
317 3519 433 3559 concas
449 3518 559 3558 aereas
578 3495 621 3557 ll.
642 3497 831 3578 pocularem
852 3498 880 3561 l.
898 3499 1069 3560 baccinum
1092 3500 1118 3562 l.
1141 3499 1282 3560 caldaria
1306 3522 1360 3562 ae=

214 3605 271 3646 rea
293 3580 338 3644 ll.
360 3583 507 3642 ferreum
525 3579 552 3640 l.
565 3579 762 3661 sartaginem
779 3580 806 3642 l.
825 3580 1014 3642 cramalium
1031 3582 1058 3644 l.
1081 3583 1239 3643 andedam
1262 3582 1290 3644 Ι.
1313 3585 1360 3644 fa·

216 3689 290 3727 rum
306 3667 331 3726 l.
346 3671 494 3725 securem
510 3662 535 3723 l.
557 3662 739 3724 dolaturam
752 3663 778 3726 Ι.
792 3665 938 3730 terebros
953 3664 998 3726 ll.
1015 3665 1178 3748 scalprum
1192 3663 1220 3726 Ι.
1239 3666 1361 3728 asciam

215 3750 244 3818 I,
263 3747 435 3809 runcinam
450 3745 476 3807 l.
496 3745 628 3828 planam
644 3743 672 3807 Ι.
686 3747 787 3808 falces
803 3747 848 3810 ll.
872 3748 1039 3810 falcicolas
1061 3747 1126 3811 ΙΙΙ.
1153 3749 1293 3810 fussoria
1311 3749 1361 3812 Il.

215 3833 305 3918 palas
327 3832 414 3892 ferro
443 3839 568 3912 paratas
588 3829 632 3894 ΙΙ.
678 3830 837 3893 Uteusilia
860 3831 969 3912 lignea
993 3831 1200 3893 sufficienter.
1244 3835 1303 3909 (De
1327 3838 1361 3916 p)

217 3914 446 3978 conlaboratu:
469 3912 571 3994 spelta
588 3922 682 3976 vetus
709 3914 749 3986 de
776 3935 862 3974 auno
887 3915 1062 3994 praeterito
1089 3915 1202 3976 corbes
1230 3917 1363 3976 LXXX.

218 4019 302 4081 quae
317 4005 452 4081 possunt
467 3995 538 4058 lieri
563 3995 733 4072 defarina,
749 4017 864 4078 pensas
882 3997 1002 4057 CCCC.
1023 3997 1062 4058 de
1084 4019 1169 4058 anuo
1193 3997 1363 4079 praesenti

217 4080 322 4164 spelta
341 4079 454 4141 corbes
485 4079 553 4139 XC.
581 4100 664 4158 quae
692 4087 828 4160 possunt
852 4078 921 4138 fieri
944 4099 1060 4161 pensas
1081 4081 1228 4141 CCCCL.
1260 4079 1362 4140 ordeo

209 4163 351 4224 ‘novello
375 4161 415 4222 ad
435 4161 605 4224 servitium
622 4161 721 4224 modii
737 4161 832 4223 DCC.
848 4162 886 4222 ad
901 4171 1078 4223 sementem
1094 4162 1193 4224 modii
1209 4163 1278 4226 DC.
1301 4161 1364 4222 lur-

237 4271 508 4288 *nn-⁸*-

238 4297 285 4372 Ιο)
304 4337 349 4372 ms.
370 4318 454 4372 deest.
649 4381 651 4388 y
849 4326 883 4390 p)
900 4337 945 4372 ms.
966 4319 1052 4388 deest.

1399 252 1408 306 l
