2952 4988
289 323 324 379 s.
344 321 430 382 can,
538 322 674 382 annun
693 269 932 379 rusuconun
1035 315 1097 379 rsa.
1207 287 1279 366 283

246 465 408 528 Incuruas
431 484 655 526 surunscarrrs
677 466 838 528 Carinum
853 484 898 525 ar
918 479 1027 526 norun
1050 473 1180 521 rursus.

492 573 548 633 De
565 572 695 632 iustitiis
718 570 946 652 generalibus·
992 591 999 598 ·

153 719 156 726 ,
221 651 249 714 Ι.
289 650 418 716 Placuit
436 653 529 714 nobis
549 663 645 735 atque
661 654 819 717 convenit
840 651 934 713 nobis
953 657 990 710 ut
1011 667 1122 708 omnes
1137 643 1280 706 iustitiae

60 793 65 804 ,
138 734 281 818 pleniter
301 737 405 798 factae
427 757 495 798 esse
516 736 656 798 debeant
675 738 762 798 infra
785 735 926 819 regnum
945 731 1134 803 nostrum)
1155 728 1277 810 absque

140 819 209 880 ulla
229 819 430 898 dilatatione,
446 828 511 879 tam
524 819 564 880 de
588 819 758 898 Ecclesiis,
780 840 878 901 quam
910 817 950 879 tle
969 811 1196 888 xenodochiis,
1223 832 1282 872 seu

141 902 181 966 de
207 903 405 984 pauperibus
428 911 460 962 et
482 901 601 980 viduis,
633 905 676 979 (et
704 903 837 986 pupillis
860 900 895 974 k)
919 899 973 961 vel
996 895 1161 980 orphanis,
1183 903 1282 974 atque

140 984 180 1045 de
209 985 347 1066 reliquis
372 985 522 1057 omnibus
552 984 589 1063 I),
618 987 803 1048 secundum¹
823 982 1002 1046 iussionem
1021 977 1151 1044 Domni
1178 975 1283 1040 nostri

139 1067 253 1128 Karoli
267 1067 374 1153 Regis.
829 1101 831 1104 v

358 1178 415 1240 De
444 1175 613 1238 Monuclu's
631 1177 687 1260 qui
710 1172 751 1234 de
767 1173 907 1234 Francia
921 1172 1064 1233 veniunt.

223 1279 269 1342 ll.
311 1281 512 1344 Instituimus
530 1282 617 1343 enim
638 1291 675 1342 ut
697 1280 782 1342 sicut
803 1281 949 1341 Domnus
972 1286 1082 1340 noster
1096 1275 1166 1338 Rex
1182 1278 1285 1338 Karo-

141 1365 193 1425 lus
210 1366 449 1428 commendavit
462 1367 502 1428 de
520 1365 586 1426 illis
606 1363 774 1426 Monachis
789 1362 848 1445 qui
868 1362 908 1424 de
932 1360 1072 1423 Francia
1090 1360 1144 1421 vel
1170 1360 1282 1420 aliun-

142 1448 182 1507 de
194 1458 368 1524 venerunt,
392 1457 554 1510 eteorum
569 1446 762 1510 monasteria
784 1445 1035 1522 dimiserunt,ut
1054 1441 1283 1526 praesentiali-

117 1563 120 1576 ι
142 1539 192 1590 ter
209 1540 254 1604 m)
274 1531 308 1589 in
332 1530 397 1592 illis
410 1530 554 1613 partibus
570 1539 781 1593 revertantur
797 1529 837 1592 ad
853 1526 1059 1606 monasteria,
1080 1533 1113 1588 et
1130 1547 1228 1590 nemo
1242 1545 1284 1586 ex

142 1611 235 1675 vobis
251 1613 394 1674 detineat
417 1613 512 1697 ipsos.
618 1615 622 1622 '
783 1635 786 1641 ’

290 1721 346 1782 De
361 1719 563 1796 Presbyteris
582 1713 641 1802 qui
658 1717 699 1780 de
722 1720 788 1781 ulia
802 1719 981 1804 prow'nciu⁴
996 1718 1139 1780 ueniunt.

226 1797 289 1862 Ill.
331 1802 380 1864 De
415 1801 616 1886 Presbyteris
640 1803 698 1885 qui
725 1804 765 1864 de
790 1803 854 1862 alia
879 1803 1050 1884 provincia
1068 1799 1219 1874 veniunt,
1249 1802 1285 1856 ut

145 1882 257 1945 nullus
275 1903 329 1946 eos
349 1883 466 1945 debeat
484 1885 630 1970 recipere
649 1887 719 1949 sine
743 1885 924 1950 dimissoria
939 1897 974 1962 n)
999 1883 1155 1971 Episcopi
1181 1879 1242 1943 sui.

263 1995 319 2055 De
334 1994 384 2052 bis
400 1994 456 2076 qui
473 1993 519 2054 ad
538 1995 694 2079 palatium
711 1991 856 2067 veniunt,
875 1996 925 2056 vel
939 1993 1015 2056 inde
1032 1991 1165 2054 vudum.

225 2095 285 2161 IV.
326 2100 376 2160 De
394 2102 575 2186 Episcopis,
594 2103 806 2188 Presbyteris,
826 2102 1014 2180 Abbatibus,
1042 2101 1097 2162 vel
1123 2097 1233 2162 Vassis
1254 2099 1285 2172 ο)

145 2181 330 2261 dominicis,
351 2205 409 2244 seu
439 2189 576 2248 caeteris
603 2186 791 2248 hominibus
812 2187 871 2268 qni
897 2187 937 2250 ad
961 2185 1117 2269 palatium
1148 2181 1287 2245 veniunt

119 2325 122 2334 ,
145 2266 199 2327 vel
223 2265 300 2326 inde
315 2267 447 2346 vadunt,
466 2269 520 2332 v'el
539 2270 726 2353 ubicunque
741 2290 800 2353 per
814 2291 952 2353 regnum
972 2279 1118 2330 nostrum
1132 2271 1285 2349 pergunt,

149 2357 275 2408 utnon
301 2361 507 2434 praesumant
531 2353 593 2438 ipsi
616 2375 677 2414 nec
703 2353 852 2414 homines
878 2373 991 2414 eornm
1027 2349 1127 2412 alicui
1158 2343 1286 2408 bomini

147 2452 238 2492 suam
258 2453 385 2496 causam
399 2435 528 2515 tollere,
550 2457 611 2500 nec
625 2458 721 2498 suum
736 2435 926 2514 laboratum,
949 2436 982 2498 in
1013 2443 1139 2496 tantum
1167 2431 1194 2494 si
1221 2449 1286 2490 non

147 2517 416 2597 comparaverint,
433 2526 489 2578 aut
507 2518 576 2601 ipse
590 2519 688 2580 homo
702 2519 748 2582 eis
768 2541 828 2602 per
841 2540 931 2580 suam
946 2527 1157 2601 spontaneam
1171 2515 1287 2576 volun·

146 2605 245 2657 tatem
264 2618 330 2658 non
346 2599 482 2662 dederit.
522 2604 564 2664 Et
578 2601 708 2686 quando
735 2601 919 2686 hybernum
941 2611 1068 2685 ternpus
1085 2598 1197 2676 fuerit,
1214 2596 1288 2657 nul·

147 2680 198 2740 lus
222 2680 336 2742 debeat
350 2683 551 2746 mansionem
566 2697 676 2749 vetare
700 2687 740 2748 ad
760 2688 845 2770 ipsos
863 2685 927 2747 iter
945 2693 1088 2768 agentes,
1104 2682 1139 2742 in
1159 2687 1287 2742 tantum

147 2771 185 2822 ut
199 2761 261 2843 ipsi
280 2763 432 2827 iterantes
451 2767 570 2830 iniuste
591 2768 716 2830 nullam
737 2791 866 2832 causam
881 2769 1008 2830 tollant.
1049 2769 1093 2830 Et
1117 2765 1144 2828 si
1168 2763 1286 2848 aliquis
1337 2821 1342 2830 .

146 2844 210 2940 boe
230 2845 337 2908 facere
352 2851 612 2934 praesumpserit,
627 2861 691 2912 tam
714 2852 866 2914 Seniores
889 2873 988 2934 quam
1017 2859 1050 2912 et
1079 2847 1222 2926 vassalli,
1254 2856 1287 2908 et

146 2948 215 3008 ipse
233 2927 330 2990 homo
354 2931 475 2993 ibidem
507 2933 547 2994 ad
574 2957 628 2997 eos
668 2935 927 3018 proclamaverit,
958 2945 1038 2996 tunc
1064 2931 1216 2996 volumus
1237 2939 1288 2990 ut

146 3011 406 3093 praesentialiter
423 3015 480 3078 ille
497 3015 595 3078 bomo
613 3019 671 3100 qui
683 3019 746 3080 boc
761 3019 983 3096 malumfecit,
997 3017 1060 3080 hoc
1081 3015 1171 3098 quod
1184 3013 1225 3074 ad
1241 3013 1288 3094 ip-

145 3113 218 3156 sum
239 3093 404 3158 hominem
425 3099 482 3180 qui
497 3101 710 3183 proclamavit
731 3103 856 3180 tulerit,
870 3102 1050 3165 secundum
1069 3119 1159 3161 suam
1181 3097 1288 3179 legem

147 3177 309 3272 emendet,
332 3189 365 3240 et
383 3181 423 3242 ad
441 3183 597 3265 palatium
612 3183 732 3246 exinde
751 3185 899 3246 bannum
925 3194 1073 3246 nostrum
1106 3188 1288 3262 componat.

146 3261 189 3320 Et
215 3282 241 3320 sr
269 3265 417 3326 evenerit
440 3267 529 3348 quod
557 3266 588 3328 ei
618 3267 688 3348 ipsa
712 3289 807 3330 causa
830 3267 952 3330 ibidem
974 3266 1153 3330 secundum
1181 3263 1288 3345 legem

146 3344 407 3425 praesentialiter
421 3350 669 3416 emendatanon
684 3350 794 3429 fuerit,
810 3359 843 3412 et
861 3350 901 3411 ad
910 3349 1068 3434 palatium
1078 3345 1197 3410 exinde
1210 3367 1289 3429 pro-

147 3427 298 3513 clamatio
318 3429 501 3510 devenerit,
524 3442 604 3493 tune
620 3433 770 3494 volumus
793 3442 829 3493 ut
847 3433 914 3515 ipse
930 3433 988 3515 qui
1008 3431 1071 3494 hoc
1093 3428 1214 3492 malum
1238 3429 1290 3490 se-

148 3510 240 3586 cerit,
262 3520 376 3572 contra
390 3512 497 3596 ipsum
510 3515 677 3578 hominem
702 3515 760 3598 qui
774 3515 987 3598 proclamavit
1002 3513 1182 3578 secundum
1199 3533 1290 3574 suam

146 3591 263 3673 legem,
279 3595 441 3675 emendet,
456 3606 489 3660 et
506 3599 641 3683 insuper
650 3597 691 3660 ad
713 3598 869 3681 palatium
884 3607 1032 3667 nostrum
1042 3597 1188 3662 bannum
1206 3615 1292 3656 com·

147 3683 247 3756 ponat
269 3697 311 3737 ex
334 3697 374 3740 eo
395 3681 484 3761 quod
504 3682 651 3744 bannum
678 3691 827 3742 nostrum
850 3681 1037 3766 infrangere
1059 3701 1154 3742 ausus
1179 3678 1290 3740 fuerit.

292 3785 347 3844 De
360 3785 426 3844 illis
441 3787 622 3859 bominibus
639 3790 695 3868 qrii
710 3787 860 3850 Seniorcs
880 3807 953 3849 suos
974 3787 1149 3850 dimittunt.

188 3861 228 3926 V.
272 3865 367 3928 Stetit
385 3869 477 3930 nobis
496 3870 536 3933 de
546 3870 621 3934 illos
638 3869 786 3934 homines
802 3881 840 3956 p)
864 3871 922 3956 qui
939 3868 994 3935 hic
1022 3871 1108 3934 intra
1126 3869 1218 3932 ltalia
1234 3889 1290 3934 eo·

154 3984 492 4006 mun——

183 4076 258 4140 iJal.
276 4096 323 4132 ms.
342 4099 428 4153 regno
448 4097 551 4138 nostro.
777 4094 811 4156 n)
830 4087 864 4140 al.
882 4103 929 4142 ms.
948 4086 1114 4151 diruissoriu.

182 4145 214 4214 k)
231 4149 338 4210 Desunt
355 4152 385 4204 in
404 4155 438 4206 al.
457 4173 517 4209 mss.
776 4167 809 4224 o)
827 4159 861 4210 al.
880 4175 928 4212 ms.
947 4161 1047 4212 Bessis.

183 4217 205 4287 l)
223 4219 256 4269 al,
276 4239 323 4272 ms.
350 4223 513 4278 hominibus.
777 4236 810 4300 p)
828 4229 862 4282 al.
880 4246 927 4284 ms.
947 4230 1005 4284 illis
1022 4227 1186 4284 huminibus.

181 4299 222 4356 m)
241 4289 274 4342 al.
293 4309 341 4346 ms.
360 4295 391 4347 in
408 4298 556 4367 praesenti.
1095 4327 1098 4331 ·
