2952 4988
215 291 292 370 att
448 308 484 364 a
502 301 592 362 cna.
695 297 952 359 cararumms
1058 300 1122 360 ssa

215 455 378 520 volumus.
420 443 534 510 Sedet
553 443 617 506 hoc
640 438 863 520 decernimus,
886 449 923 502 ut
949 439 1074 504 lachis
1094 448 1159 502 mm
1177 438 1370 505 Abbatissis

216 539 315 624 qulam
350 530 484 594 cacteris
517 525 825 592 sanctimonialibus
852 523 1019 600 tradatur,
1058 532 1091 584 et
1113 523 1258 606 qualiter
1287 547 1369 587 eam

216 629 330 682 maere
360 613 499 678 debeant
527 619 635 673 restro
662 608 770 670 studio
807 607 1035 669 informentur.
1078 605 1254 669 caeteram
1296 607 1366 670 nisi

215 701 359 784 aliquam
383 695 621 758 abbatissarum
647 691 779 773 quando
806 711 865 752 nos
897 690 938 752 ad
964 687 1180 773 praesentiam
1214 700 1366 753 nostram

214 783 331 848 venire
346 777 545 855 iusserimus,
560 776 624 838 alio
641 783 787 856 tempore
799 773 948 835 volumus
965 782 1001 834 ut
1012 771 1199 833 Abbatissae
1214 775 1364 858 propriis

214 865 251 932 in
267 861 467 927 monasteriis
488 859 672 931 resideant,
694 866 727 920 ct
747 855 927 918 secundum
945 855 1031 918 hanc
1052 854 1274 918 institutionis
1287 859 1365 918 for-

215 969 301 1016 mam
321 947 433 1008 virere
452 942 580 1025 sibique
601 939 760 1002 subiectas
788 938 969 1022 gubernare
988 937 1175 1009 decertent;
1196 948 1230 1000 et
1255 939 1365 1001 nullis

216 1031 352 1094 illarum
362 1047 423 1112 per
445 1026 538 1088 villas
556 1023 738 1098 residendi,
761 1031 817 1082 aut
836 1022 921 1082 fords
965 1021 1088 1082 utlibet
1106 1021 1278 1084 occasione
1304 1044 1365 1083 ac-

217 1113 311 1198 ceptd
332 1108 510 1194 evagandi,
540 1105 672 1188 suisque
696 1103 915 1189 voluptatibus
941 1043 1167 1182 deserviendi,
1189 1104 1367 1166 licentiam

217 1195 403 1258 attribuant.
445 1193 649 1272 Quamquam
683 1189 771 1250 enim
811 1186 965 1248 nonnulli
1003 1186 1125 1248 Clerici
1161 1190 1366 1250 monasteria

213 1278 418 1364 puellarum,
449 1282 483 1334 et
508 1271 661 1334 nonnulli
700 1269 775 1332 laici
800 1269 994 1332 monasteria
1022 1269 1167 1330 virorum
1193 1271 1293 1332 etiam
1324 1295 1364 1333 ac

239 1359 400 1422 uellarum
422 1353 582 1432 habeant,
611 1363 666 1414 tua
691 1361 798 1414 tamen
820 1351 918 1414 debet
945 1352 1119 1436 providere
1149 1353 1366 1417 solertissima

215 1441 377 1506 andustria
406 1447 443 1500 ut
470 1439 503 1498 in
524 1435 674 1500 omnibus
702 1435 782 1498 locis
807 1435 867 1498 sub
895 1445 952 1496 tua
982 1434 1123 1497 dioecesi
1152 1437 1363 1513 constitutis,

214 1525 404 1605 ubicunque
439 1519 706 1602 congregationes
743 1518 948 1580 Clericorum
982 1527 1016 1580 et
1052 1520 1365 1582 sanctimonialium

212 1617 302 1684 sunt,
322 1607 410 1666 iuxta
427 1603 671 1686 possibilitatem
688 1609 720 1662 et
734 1601 922 1663 facultatem
934 1623 1046 1662 rerum
1065 1603 1246 1664 secuudum
1260 1604 1366 1665 huius

212 1687 431 1752 iustitutionis
450 1687 585 1748 formam
605 1684 735 1754 vivant3
757 1683 833 1766 quia
856 1685 948 1746 nulla
974 1694 1022 1746 est
1037 1685 1171 1746 omnino
1187 1687 1362 1762 Ecclesia,

213 1793 297 1854 quac
316 1769 487 1834 facultates
504 1768 636 1845 habeat,
658 1765 714 1830 ubi
735 1788 801 1828 non
817 1767 941 1851 possint
956 1777 1005 1828 tot
1017 1767 1164 1850 talesque
1182 1770 1362 1851 gubernari

212 1855 272 1938 qui
295 1853 443 1918 divinum
468 1851 621 1948 expleant
639 1850 799 1926 officium,
822 1861 855 1912 et
867 1850 923 1910 ubi
942 1849 1142 1934 hospitalitas
1162 1852 1253 1913 iuxta
1272 1854 1362 1916 vires

212 1958 280 1998 non
303 1935 403 2021 possit
429 1933 533 2017 diligt.
574 1935 638 1996 Nos
668 1933 800 2016 quoquc
829 1933 990 2018 praefatos
1019 1933 1132 1996 Missos
1159 1945 1288 1998 nostros
1318 1937 1362 1996 ad

211 2029 301 2082 tuam
316 2017 518 2082 sanctitatem
537 2017 611 2080 ideo
627 2015 822 2092 direximus,
845 2025 882 2077 ut
903 2025 996 2078 tuum
1012 2026 1281 2100 caeterorumque
1303 2041 1361 2080 cc-

213 2103 470 2164 clesiasticorum
499 2099 532 2160 in
555 2111 610 2161 tua
632 2098 774 2160 dioecesi
794 2099 1042 2162 consistentium
1064 2098 1243 2182 diligenter
1259 2112 1360 2184 atque
1459 2129 1461 2154 ι

211 2183 377 2248 subtiliter
404 2181 438 2244 in
470 2181 533 2244 lanc
558 2181 690 2266 negotio
714 2182 924 2242 intuerentur
943 2181 1107 2258 studium,
1131 2193 1163 2243 et
1182 2183 1243 2244 tibi
1261 2206 1362 2267 opem
1459 2195 1460 2204 ¹

211 2267 246 2330 in
265 2268 402 2332 caeteris
419 2264 661 2326 commonendis
682 2265 823 2334 ferrent;
847 2265 905 2346 qui
925 2275 957 2328 et
972 2265 1066 2327 nobis
1087 2265 1251 2328 referrent
1272 2290 1359 2349 qna-

208 2349 287 2412 liter
307 2349 448 2415 Praelati
473 2359 506 2410 et
528 2348 694 2410 Praelatae
714 2367 784 2408 eam
804 2345 946 2410 libenter
966 2347 1186 2431 susceperint,
1210 2349 1359 2432 diligen·

209 2441 324 2516 terque
338 2430 553 2494 transcribere
568 2429 765 2506 studuerint,
782 2439 815 2490 ct
833 2430 948 2492 devote
965 2431 1142 2512 adimplere
1159 2431 1251 2492 iuxta
1269 2432 1357 2495 vires

210 2514 413 2586 curator-ina
441 2514 595 2596 quoniam
616 2513 738 2574 tamdiu
757 2511 829 2574 illos
843 2513 876 2574 in
891 2523 946 2574 tua
959 2515 1012 2574 vel
1029 2515 1358 2591 comprovincialium

210 2607 343 2658 tuorum
355 2597 496 2659 dioecesi
512 2598 629 2660 morari
645 2605 677 2657 et
697 2595 878 2657 discurrere
896 2596 961 2656 und
981 2619 1055 2657 cum
1069 2597 1166 2657 Misso
1184 2607 1243 2658 tuo
1263 2599 1357 2660 iussi-

210 2702 301 2757 mus,
320 2680 424 2742 donec
440 2677 479 2738 ab
493 2681 643 2742 omnihus
658 2689 850 2739 memoratae
865 2680 1024 2740 formulae
1040 2679 1354 2752 transcriberentur;

210 2772 248 2824 ut
258 2762 415 2824 videlicet
431 2771 549 2824 cuncta
562 2771 785 2846 procurantes,
798 2761 1038 2844 diligenterque
1053 2771 1212 2840 taxantes,
1225 2763 1300 2824 cium
1312 2765 1354 2826 ad

208 2867 268 2910 uos
287 2845 362 2918 illos
380 2843 486 2906 redire
503 2866 600 2926 opere
615 2845 745 2928 expleto
767 2853 891 2926 tempus
910 2843 1110 2926 permiserit,
1129 2855 1247 2907 cuncta
1267 2869 1353 2928 quae

209 2937 280 2990 acta
299 2936 376 2988 sunt
392 2935 501 2988 restro
514 2933 726 3009 utrorumque
740 2927 860 3008 scripto
878 2937 1049 3005 notentur,
1067 2936 1165 3009 atque
1186 2949 1246 3010 per
1264 2929 1351 3016 ipsos
1453 2935 1454 2940 ’

206 3020 365 3093 tuumque
383 3009 515 3070 Missum
540 3021 665 3072 nostrae
684 3009 905 3071 dinoscentiae
926 3011 1133 3081 intimatum
1157 3019 1192 3072 ut
1211 3011 1352 3074 sciamus
1452 3021 1453 3024 ’

206 3093 327 3175 quibus
344 3091 519 3176 gratiarum
538 3093 680 3154 actiones
699 3093 843 3170 referre,
866 3115 1013 3174 quosque
1034 3093 1130 3154 ctiam
1146 3092 1255 3176 dignis
1275 3117 1350 3158 cor·
1451 3103 1452 3150 l

204 3175 411 3259 reptionilsus
430 3175 593 3256 corrigere
615 3175 798 3236 debeamus.
840 3175 875 3235 Si
900 3198 977 3238 vero
1000 3176 1118 3256 aliquis
1146 3185 1219 3236 tuuc
1254 3161 1349 3240 dice«
1448 3159 1451 3234 l

207 3258 290 3323 cesis
318 3257 425 3319 eidem
452 3257 654 3319 Institutioni
687 3267 881 3339 nostraeque
912 3257 1127 3321 admonitioni
1164 3259 1347 3340 procaciter

203 3339 304 3406 renisi
324 3339 486 3417 voluerit,
509 3350 542 3401 et
556 3363 593 3402 ea
607 3363 690 3424 quae
709 3339 748 3400 ab
772 3341 886 3401 eodem
906 3363 997 3403 sacro
1016 3351 1048 3402 et
1064 3341 1245 3402 venerabili
1262 3343 1346 3403 Con·

205 3423 286 3488 cilio
317 3423 492 3486 constituta
521 3433 618 3504 atque
650 3424 782 3484 decreta
809 3432 906 3502 sunt,
938 3424 1097 3506 quantum
1119 3425 1278 3485 Dominus
1299 3425 1343 3485 cis

228 3527 297 3567 osse
316 3505 453 3581 dederit,
474 3503 643 3568 observare
662 3506 903 3587 contempserit,
919 3505 1135 3588 praecipimus
1154 3516 1190 3566 ut
1207 3507 1234 3567 si
1251 3508 1342 3568 anteit

201 3528 388 3654 istiusmodi
410 3610 475 3648 non
501 3610 534 3648 se
556 3587 756 3662 correxerit,
778 3589 967 3670 quicunque
992 3589 1049 3650 ille
1068 3597 1135 3666 est,
1158 3598 1232 3650 ante
1250 3611 1343 3670 prae-¹

202 3671 341 3750 sentiam
370 3682 511 3732 nostram
539 3671 594 3734 tud
626 3671 679 3732 vel
703 3669 874 3732 Missurum
902 3681 1088 3732 nostrorum
1123 3671 1338 3734 admonitione

202 3753 316 3815 venire
342 3754 499 3824 lestincta
521 3751 680 3836 quatenus
707 3753 725 3812 d
756 3753 849 3815 nobis
872 3753 959 3813 iuxta
984 3754 1200 3834 quantitate-m
1226 3754 1338 3835 culpae
1435 3756 1438 3767 '

203 3835 302 3917 digne
320 3835 510 3918 corrigatur.
552 3836 737 3902 Direrimus
758 3834 926 3918 praeterat
943 3835 1002 3896 tihi
1019 3836 1146 3919 pondus
1167 3845 1199 3897 et
1215 3857 1339 3897 mensu«

201 3940 270 3983 rum
299 3919 479 3982 secundum
510 3939 607 3999 quam
642 3917 779 3980 Cleriois
805 3927 837 3980 ct
861 3918 1167 3980 sanctimonialibus
1192 3918 1284 4001 panis
1308 3926 1337 3980 et

199 4011 296 4088 potus
310 4001 493 4081 aequaliter
504 3999 678 4066 tribuenda
695 4011 780 4077 sunt,
794 4020 876 4082 quae
889 4009 926 4059 ut
939 4001 979 4060 al)
995 4001 1144 4062 omnibus
1161 4000 1334 4062 firmissime

200 4093 298 4165 atqua
323 4083 559 4146 inviolabiliter
574 4091 742 4159 teneatur,
762 4082 985 4159 decernimus,
1011 4093 1043 4144 et
1064 4105 1105 4146 ne
1131 4083 1212 4164 quid
1231 4083 1334 4144 incre·

199 4165 301 4230 arenti
325 4174 381 4224 aut
408 4166 594 4228 detrimenti
624 4165 640 4224 l
663 4187 828 4247 quoquam
848 4165 1031 4246 patiantur,
1059 4167 1162 4228 modis
1189 4165 1332 4228 omnibus

199 4245 396 4312 inhibemus.
436 4249 539 4314 Tuam
557 4248 656 4336 igitur
671 4247 704 4312 in
724 4249 812 4313 calce
834 4247 932 4314 huius
946 4248 1110 4337 Epistolac
1129 4249 1333 4318 admonemus
