2920 4972
265 362 300 419 s.
322 360 439 452 cus..
514 365 651 423 raouu
672 365 910 424 rsaucoauu
1024 366 1086 428 aar.
1224 355 1247 426 7

135 509 207 594 pulo
224 525 276 568 suo
294 505 418 567 Dumna
437 505 658 570 Bruniclrildis
672 507 712 571 de
728 507 890 592 praesenti
910 506 944 568 iu
971 527 1027 570 sua
1051 510 1247 594 proprietate

135 587 294 678 percipiat,
315 589 455 672 reliquas
471 611 548 650 vero
569 591 716 654 civitates
746 612 787 652 cx
808 589 868 650 lrac
890 589 1078 652 conditione
1099 595 1248 674 superius

137 673 299 735 nominatas
322 673 467 734 Domnus
495 673 759 750 Garamantum,
791 673 868 734 dum
898 671 1040 748 advivit,
1070 677 1248 756 possideam

137 759 176 818 ita
197 764 227 815 ut
240 751 432 836 quandoque
457 763 528 837 post
545 756 615 818 eius
629 757 797 819 transitum
816 755 849 816 in
878 753 1133 816 dominationem
1154 759 1250 820 Dom-

138 861 190 900 nae
198 835 410 900 brunichildis
418 837 640 923 heredumque
657 861 788 901 suorum
801 859 875 898 eum
889 837 976 898 omni
993 838 1167 916 soliditate,
1180 841 1251 902 Deo

133 918 325 1006 propitiante,
350 929 577 994 revertantur;
600 944 660 985 neo
674 919 845 1006 superstite
861 921 991 980 Domno
1008 921 1251 1004 3Guntbramno,

133 1023 230 1084 neque
252 1001 657 1086 aDomnaBrunichilde,
681 1003 829 1088 nequeal
860 1001 928 1062 filio
954 1023 1014 1064 suo
1039 1003 1252 1068 childeberto

130 1089 221 1167 Rege,
235 1082 373 1165 filiisque
394 1085 471 1163 suis,
491 1087 639 1166 quolibet
661 1085 793 1170 ingenio
815 1085 867 1146 rel
887 1094 1033 1167 tempore
1052 1095 1253 1168 repetantur.

129 1165 228 1230 Simili
246 1167 342 1228 modo
370 1169 524 1231 convenit
549 1181 586 1232 ut
607 1171 830 1234 Silvanectum
852 1169 999 1229 Domnus
1025 1167 1253 1231 Childebertus

129 1253 158 1310 in
176 1250 358 1332 integritate
371 1261 497 1328 teneat,
524 1264 556 1316 et
583 1263 741 1335 quantum
770 1250 864 1313 tertia
884 1249 1003 1310 Domni
1033 1251 1253 1314 Guntbramni

128 1331 238 1394 exinde
258 1333 366 1395 debita
382 1337 546 1416 competit,
561 1335 601 1399 de
620 1336 716 1398 tertia
736 1333 855 1396 Domni
872 1331 1086 1410 Clrildeberti,
1103 1356 1185 1417 quae
1205 1345 1255 1398 est

127 1419 156 1476 in
176 1416 393 1493 Rossontensi,
408 1418 528 1478 Domni
541 1417 759 1482 Guntbramui
779 1415 921 1502 partibus
943 1426 1177 1498 compensetur.
1207 1417 1257 1480 Si·

127 1495 241 1560 militer
256 1499 422 1576 convenit,
439 1507 477 1561 ut
491 1501 670 1565 secundum
689 1499 854 1582 pactiones
870 1499 957 1560 inter
975 1500 1139 1560 Domuum
1158 1503 1254 1562 Gun-

126 1583 306 1642 tbramnum
321 1591 354 1642 et
370 1583 474 1646 bonae
490 1585 662 1646 memoriae
674 1586 839 1646 Domuum
852 1581 1050 1664 Sigibertum
1066 1582 1172 1659 initas,
1185 1583 1260 1646 leu-¹

127 1666 179 1726 des
196 1663 245 1723 illi
262 1663 322 1746 qui
337 1667 466 1726 Domno
479 1665 705 1728 Guntbramno
725 1675 797 1748 post
819 1662 989 1726 transitum
1003 1665 1123 1726 Domni
1149 1666 1254 1730 Chlo·

126 1745 217 1809 tharii
234 1755 432 1808 sacramenta
453 1749 602 1830 primitus
619 1749 863 1830 praebuerunt,
886 1757 918 1810 et
941 1747 968 1808 si
987 1757 1096 1828 postea
1118 1747 1255 1810 conrin-

128 1838 240 1891 cuntur
258 1851 294 1890 se
313 1829 346 1888 iu
363 1839 453 1912 parte
468 1832 531 1891 alia
549 1832 737 1906 tradidisse,
761 1831 802 1893 de
821 1831 901 1892 locis
920 1829 976 1890 ubi
991 1851 1192 1892 commanere
1209 1831 1255 1892 vi-

128 1914 249 1989 dentur,
266 1913 424 1974 convenit
438 1923 475 1974 ut
492 1916 631 1976 debeant
647 1919 817 1976 removeri.
860 1913 1018 1975 Similiter
1042 1921 1074 1973 et
1098 1913 1155 1994 qui
1185 1922 1255 1997 post

127 1993 289 2056 transitum
309 1995 428 2057 Domni
439 1997 620 2058 chlotharii
639 1995 880 2058 convincuntur
893 1998 1021 2057 Domno
1036 1994 1197 2077 Sigiberto
1209 2017 1256 2056 sa·

128 2085 285 2138 eramenta
313 2078 460 2160 primitus
478 2080 681 2162 praebuisse,
703 2088 785 2140 etse
805 2079 836 2139 in
857 2078 952 2138 aliam
975 2087 1099 2159 partem
1115 2087 1256 2140 transtu·

128 2161 241 2237 lerunt,
260 2160 361 2222 modo
373 2160 470 2222 simili
489 2172 731 2241 removeantur,
768 2161 925 2224 Similiter
936 2161 1098 2243 quidquid
1121 2160 1256 2222 antefati

127 2243 393 2325 RegesEcclesiis
409 2252 466 2305 aut
488 2245 637 2308 fidelibus
652 2245 719 2307 suis
735 2243 946 2321 contulerint,
968 2253 1023 2304 aut
1047 2243 1152 2304 adhuc
1174 2265 1255 2304 con-

127 2325 207 2385 ferre
229 2347 306 2387 cum
329 2325 462 2402 iustitia,
479 2332 550 2390 Deo
563 2328 770 2412 propitiante,
785 2327 962 2404 voluerint,
991 2325 1149 2387 stabiliter
1174 2346 1255 2386 cou-

126 2417 277 2474 servetur.
317 2411 360 2471 Et
379 2409 542 2494 quidquid
552 2409 729 2493 unicuique
753 2409 898 2469 fidelium
912 2409 944 2469 in
966 2409 1134 2490 utriusque
1152 2429 1255 2492 regno

126 2511 182 2572 per
194 2491 302 2574 legem
317 2501 349 2554 et
367 2491 520 2554 iustitiam
537 2493 740 2570 redhibetur,
761 2492 890 2552 nullum
906 2492 936 2552 ei
950 2491 1184 2576 praeiudicium
1203 2513 1256 2574 pa-

126 2572 235 2650 riatur,
248 2574 308 2635 sed
323 2574 420 2637 liceat
439 2597 490 2637 res
513 2576 634 2638 debitas
653 2575 815 2658 possidere
845 2583 941 2656 utque
967 2575 1123 2658 recipere.
1167 2575 1209 2635 Et
1229 2574 1255 2634 si

126 2655 247 2738 aliquid
266 2657 385 2738 cuique
401 2679 460 2739 per
474 2659 660 2742 interregna
677 2659 746 2720 sine
761 2657 854 2740 eulpa
868 2657 1026 2718 sublatum
1046 2668 1104 2735 est,
1124 2656 1258 2717 aradien-

123 2738 166 2796 tia
188 2738 299 2798 babita
325 2747 532 2802 restauretur.
555 2743 596 2801 Et
610 2743 649 2802 de
669 2763 708 2802 eo
725 2741 814 2821 quod
830 2761 890 2822 per
905 2739 1257 2818 munificentiamprao-

124 2820 310 2885 cedentium
330 2823 454 2904 Regum
470 2823 693 2905 unusquisque
715 2843 816 2905 usque
840 2823 878 2882 ad
902 2823 1072 2883 transitum
1097 2822 1255 2903 gloriosae

124 2905 296 2965 memoriae
313 2905 433 2969 Domni
457 2906 639 2967 Chlotharii
670 2905 767 2986 Regis
790 2905 947 2988 possedit,
981 2927 1055 2965 cum
1082 2901 1255 2964 securitate

123 2985 293 3066 possideat.
334 2989 378 3048 Et
396 2989 484 3070 quod
500 2989 618 3050 exinde
637 2987 786 3049 fidelibus
801 2989 946 3068 personis
963 2987 1104 3046 ablatum
1129 2993 1186 3062 est,
1215 2984 1255 3045 de

124 3069 285 3148 praesenti
299 3071 445 3153 recipiat.
472 3072 515 3132 Et
531 3071 608 3152 quia
630 3070 717 3131 inter
730 3071 890 3152 praefatos
907 3071 1009 3152 Reges
1030 3089 1111 3148 pura
1128 3076 1159 3128 et
1176 3066 1254 3128 sim-

124 3149 201 3230 plex
233 3159 283 3212 est
311 3151 344 3211 in
371 3153 435 3214 Dei
463 3156 594 3215 nomine
617 3152 790 3214 concordia
812 3151 964 3234 inligata,
988 3151 1143 3212 convenit
1160 3160 1196 3210 ut
1218 3151 1252 3209 in

125 3240 264 3314 utroque
282 3255 401 3316 magno
427 3235 595 3318 utriusque
621 3235 786 3312 fidelibus,
816 3242 880 3294 tam
902 3255 961 3318 pro
988 3233 1090 3296 causis
1115 3233 1256 3316 publicis

126 3333 220 3392 quam
234 3315 379 3397 privatis,
397 3317 585 3400 quicunque
602 3317 744 3380 voluerit
774 3317 954 3395 ambulare,
983 3317 1131 3402 pervium
1155 3317 1256 3376 nullis

123 3397 325 3479 temporibus
343 3399 530 3482 denegetur.
571 3400 730 3462 Similiter
744 3399 919 3476 convenit,
941 3410 977 3460 ut
999 3400 1109 3461 nullus
1125 3399 1257 3460 alterius

124 3477 237 3540 leudes
258 3502 320 3542 nec
335 3483 504 3562 sollicitet,
527 3505 588 3544 neo
608 3482 777 3545 venientes
799 3481 947 3563 excipiat,
969 3483 1065 3560 Quod
1079 3483 1105 3542 si
1120 3481 1254 3541 forsitan

123 3581 181 3642 pro
206 3562 318 3642 aliqua
340 3567 508 3626 amissione
530 3575 653 3648 partem
682 3565 815 3626 alteram
835 3563 1013 3626 crediderit
1029 3563 1253 3646 exqretendam‚

123 3644 213 3704 iuxta
233 3647 422 3726 qualitatem
442 3649 556 3731 culpae
576 3647 720 3710 excusati
745 3646 931 3708 reddantur.
972 3647 1040 3707 Hoc
1061 3645 1156 3706 etiam
1175 3643 1254 3705 huic

124 3727 199 3788 addi
213 3729 337 3810 placuit
351 3731 506 3811 pactioni,
528 3739 564 3791 ut
579 3731 606 3792 si
619 3753 683 3816 qua
694 3752 766 3812 pars
782 3729 963 3813 praesentia
978 3737 1094 3790 statuta
1108 3727 1167 3789 sub
1177 3749 1254 3807 qua·

124 3830 255 3892 ctunque
272 3813 448 3875 calliditate
470 3821 614 3896 tempore
642 3833 839 3895 quocunque
868 3809 1125 3887 transcenderit,
1146 3811 1256 3868 omnia

122 3890 357 3954 beneficiatam
372 3896 562 3979 repromissa
576 3889 674 3977 quam
692 3895 725 3974 in
749 3903 917 3977 praesente
938 3893 1054 3954 collata
1072 3892 1206 3970 amittat,
1224 3901 1257 3951 et

125 3973 173 4035 illi
195 3975 376 4058 proficiant,
395 3979 452 4060 qui
467 3978 701 4039 inviolabiliter
719 3976 824 4037 omniu
841 3976 1055 4058 suprascripta
1067 3973 1255 4050 servaverit,

128 4064 159 4115 et
181 4059 223 4119 sit
245 4059 284 4120 de
310 4069 583 4120 sacramentorum
598 4059 796 4142 obligatione
816 4059 848 4118 in
866 4057 1015 4120 omuibus
1033 4057 1254 4118 absolutaHis

125 4137 231 4222 itaque
246 4142 396 4204 omnibus
412 4143 563 4220 delinitis,
588 4143 696 4203 iurant
720 4153 827 4224 partes
857 4163 916 4224 per
940 4140 1001 4202 Dei
1024 4140 1255 4220 omnipotentis

128 4241 244 4284 nomen
258 4232 298 4293 ,et
313 4225 559 4312 inseparabilem
572 4226 774 4304 Trinitatem,
801 4224 851 4284 rel
875 4223 985 4284 divina
1008 4221 1127 4297 omnia,
1146 4243 1181 4280 uc
1196 4229 1259 4283 tre·

127 4305 279 4370 mendum
298 4307 386 4372 diem
410 4309 537 4388 iudicii,
551 4348 554 4356 ·
568 4330 600 4374 se
629 4307 735 4372 omnia
756 4327 838 4392 quae
865 4305 1011 4391 superius
1036 4304 1153 4388 scripta
1181 4314 1259 4368 sunt
