2948 4944
235 297 310 373 238
471 319 507 378 s.
527 319 615 378 cau.
718 319 978 379 carrinarum
1080 323 1143 378 aso.

341 461 389 522 Ne
408 460 479 544 queis
494 479 651 522 annonam
668 481 756 522 suam
773 460 894 524 vendat
917 473 1087 546 antequam
1104 461 1284 544 colligatur.

315 570 403 634 XVl.
444 571 494 630 De
514 569 565 632 his
585 569 642 714 qpi
664 591 828 632 annonam
848 577 882 631 et
904 567 1020 632 vinum
1039 569 1187 630 venduut
1204 581 1379 655 antequam

233 654 442 738 colligantur,
465 662 499 716 et
516 673 576 738 per
621 675 681 715 auc
701 655 904 716 occasionem
920 674 1080 738 pauperes
1100 651 1295 717 efficiuntur.

409 817 677 882 CAPITULARE
710 819 881 882 PRIMUM
914 818 1015 882 ANNI
1047 821 1203 884 Dcccx„

236 927 407 1024 Capitale
440 953 534 1023 quae
574 909 668 1000 anno
706 931 850 1000 decimo
887 929 1038 1023 Imperii
1073 931 1209 1002 Domni
1245 931 1378 1004 Karoli

194 1057 198 1065 ’
267 1031 498 1102 serenissimi
524 1029 675 1122 Augusti
699 1030 814 1124 Aquis
839 1030 974 1125 palatio
1000 1033 1222 1103 commonita
1246 1047 1343 1104 sunt

267 1195 292 1256 Ῑ·
335 1162 404 1280 De
431 1215 659 1280 clamatoribus
688 1217 746 1300 qui
778 1239 931 1300 magnum
961 1218 1231 1304 impedimentum
1252 1219 1381 1282 iaciunt

232 1303 266 1364 in
291 1302 410 1386 palutio
427 1301 468 1364 ad
482 1323 575 1362 aures
591 1301 950 1384 Domnilm12eratoris,
979 1311 1017 1364 ut
1039 1303 1129 1366 Missi
1149 1303 1218 1366 sive
1233 1305 1380 1366 Comites

233 1387 366 1447 illorum
388 1386 502 1447 Missos
525 1383 741 1446 transmittant
767 1396 880 1447 contra
906 1383 984 1446 illos
1015 1385 1073 1468 qui
1103 1385 1296 1450 mentiendo
1326 1410 1380 1450 va·

232 1470 326 1544 dunt,
350 1477 386 1530 ut
411 1489 466 1530 eos
487 1467 695 1529 convincant.

318 1553 359 1612 ll.
401 1554 445 1612 Ut
459 1559 534 1611 ante
549 1550 718 1612 Vicariuru
740 1559 773 1612 et
792 1550 1027 1614 Centenarium
1045 1549 1085 1614 de
1101 1553 1300 1636 proprietate
1322 1561 1380 1612 aut

232 1635 383 1697 libertate
400 1633 559 1694 iudicium
575 1653 640 1694 non
658 1633 854 1696 terminetur
873 1643 928 1696 aut
944 1633 1145 1717 adquiratur,
1169 1635 1231 1696 nisi
1248 1655 1379 1716 semper

232 1721 267 1780 in
292 1717 475 1800 praesentia
496 1715 668 1778 Missurum
694 1715 934 1802 imperialium,
964 1725 1020 1778 aut
1044 1716 1078 1778 in
1102 1719 1287 1804 praeseutia
1310 1721 1378 1780 Co·

232 1801 357 1862 mitum.

315 1885 375 1946 111.
415 1883 465 1944 De
489 1878 676 1944 homicidiis
702 1881 796 1944 factis
816 1903 904 1945 auno
924 1883 1087 1968 praesenti
1112 1883 1202 1945 inter
1223 1882 1379 1967 vulgares

231 1965 399 2046 homines,
421 1984 505 2048 quae
525 1973 659 2048 propter
678 1965 849 2050 pulverem
863 1967 1033 2029 mortalem
1049 1975 1119 2029 acta
1142 1975 1228 2033 sunt.

317 2049 373 2114 lV.
416 2051 458 2110 Ut
474 2049 665 2110 Sacerdotes
684 2049 881 2111 admoneant
901 2051 1060 2134 populum
1080 2059 1117 2110 ut
1135 2049 1379 2134 eleemosynam

234 2133 330 2210 deut,
361 2141 394 2194 et
411 2129 573 2204 orationes
587 2131 726 2212 faciant,
755 2142 889 2218 propter
908 2133 1051 2196 diversas
1067 2133 1177 2218 plagas
1195 2153 1276 2218 quas
1293 2133 1379 2196 assi·-

235 2217 299 2280 dut
322 2237 383 2296 pro
403 2213 544 2300 peccatis
560 2215 710 2296 patimur.

315 2299 355 2362 V.
398 2301 441 2359 Ut
464 2297 525 2382 ipsi
537 2297 738 2360 -sacerdotes
758 2299 984 2382 unnsquisque
1014 2297 1194 2362 secundum
1222 2297 1378 2362 ordinem

131 2367 135 2380 ’
233 2403 328 2444 sunm
348 2381 535 2464 praedicare
555 2389 589 2442 et
612 2379 727 2444 docere
752 2384 880 2444 studeat
896 2383 1025 2466 plebem
1044 2381 1335 2444 sibi-commissam.

317 2467 372 2531 Vl.
414 2467 464 2526 De
486 2462 660 2543 ebrictate,
692 2465 883 2546 ntprimdm
904 2465 1050 2526 omnium
1069 2463 1212 2526 seniores
1226 2465 1381 2548 semetip-

232 2569 284 2610 sos
302 2547 421 2610 exinde
443 2555 573 2622 retent,
606 2555 640 2608 et
661 2567 773 2609 eorum
794 2547 976 2612 iunioribus
996 2545 1183 2632 exemplum
1204 2546 1307 2608 bonae
1328 2569 1381 2610 so-

233 2631 384 2694 brietatis
409 2629 590 2692 ostendant.

320 2714 393 2778 Vll.
449 2711 656 2773 Admouendi
693 2720 771 2775 sunt
802 2733 913 2777 omnes
945 2713 1167 2798 generaliter,
1195 2711 1381 2776 secundum

233 2796 458 2879 evangelicam
479 2795 720 2872 auctoritatem,
751 2804 786 2856 ut
809 2795 856 2858 sic
876 2797 1008 2860 luceant
1028 2817 1126 2896 opera
1145 2805 1251 2858 vestra
1267 2817 1380 2856 coram

231 2879 421 2942 hominibus
443 2887 479 2938 ut
496 2875 680 2959 glorificent
694 2880 824 2942 Patrem
840 2889 984 2942 restrum
1001 2902 1058 2964 qna
1078 2879 1112 2940 in
1134 2879 1235 2944 coelis
1257 2887 1313 2940 est.

317 2963 405 3026 Vlll.
446 2962 496 3022 De
512 2959 656 3042 fugitivis
676 2961 734 3044 qui
756 2983 815 3044 per
830 2960 970 3026 diversas
993 2959 1178 3048 provincias
1200 2959 1325 3026 detenti
1347 2970 1382 3022 et

234 3045 389 3109 occultati
409 3052 522 3108 contra
543 3053 752 3127 praeceptum
765 3045 886 3106 Domui
906 3045 1113 3130 imperatoris
1131 3055 1224 3122 sunt,
1256 3053 1293 3105 ut
1317 3045 1380 3128 qui

234 3151 289 3192 eos
306 3138 378 3225 post
398 3125 612 3214 praeteritum
628 3135 756 3213 tempus
772 3128 916 3214 suscepit
931 3139 986 3190 aut
1003 3129 1136 3208 retinet,
1154 3128 1300 3190 bannum
1322 3129 1381 3190 do-

234 3213 391 3273 minicum
416 3217 599 3289 componat.

318 3295 372 3356 lX.
414 3295 464 3356 De
491 3311 570 3374 pace
595 3299 628 3353 et
653 3287 775 3352 iustitia
797 3289 881 3352 inira
902 3291 1058 3378 patrium,
1089 3291 1174 3356 sicut
1200 3313 1294 3376 saepe
1316 3315 1380 3377 per

193 3437 202 3448 „
233 3377 297 3442 alia
317 3377 468 3460 Capitula
493 3373 570 3436 iussi
593 3373 805 3457 adimpletum
826 3374 890 3436 liat.

318 3461 359 3522 X.
400 3463 449 3522 De
466 3457 647 3520 latronibus
663 3457 720 3554 qui
733 3479 881 3538 magnam
896 3455 1018 3520 habent
1037 3455 1278 3540 blasphemiam,
1300 3457 1379 3539 qui-

233 3565 366 3626 cunque
390 3543 536 3624 aliquem
560 3561 602 3604 ex
624 3541 701 3625 ipsis
730 3541 1031 3624 comprehenderit,
1068 3541 1198 3614 nullam
1223 3539 1379 3602 damnum

236 3625 358 3690 exinde
377 3625 530 3710 patiatur.

317 3708 373 3770 Xl.
415 3711 465 3772 De
478 3706 672 3784 heribanno,
695 3713 732 3766 nt
747 3704 925 3790 diligenter
939 3705 1106 3790 inquirant
1120 3703 1209 3768 Missi
1227 3704 1285 3788 qui
1305 3703 1378 3766 hos-

233 3801 301 3856 tem
317 3782 425 3853 facere
443 3790 551 3874 potuit
575 3798 608 3850 et
630 3809 695 3850 non
718 3789 816 3866 iecit,
845 3789 949 3873 ipsum
967 3789 1112 3850 bannum
1129 3797 1319 3870 componat,
1348 3789 1375 3848 si

232 3875 332 3937 habet
353 3873 440 3936 unde
459 3891 655 3956 componere
669 3872 779 3954 possit.
821 3871 864 3934 Et
883 3873 994 3934 sinon
1017 3871 1167 3935 habuerit
1183 3871 1270 3932 unde
1288 3891 1376 3932 com-

257 3979 356 4020 onere
380 3955 505 4034 valeat,
536 3953 763 4017 reuradiatum
784 3953 839 4016 fiat
855 3965 887 4018 et
904 3953 1140 4032 inbreviatum,
1163 3962 1197 4016 et
1215 3952 1299 4014 nihil
1318 3974 1376 4036 pro

232 3980 298 4104 ine
321 4048 503 4102 exactatum
528 4035 585 4100 liat
607 4058 711 4121 usque
733 4037 812 4100 dnm
834 4037 875 4100 ad
896 4037 1042 4100 notitiam
1062 4036 1182 4100 Domni
1205 4035 1379 4121 imperato-

246 4123 262 4186 ·i
301 4123 424 4188 veniat.

233 4147 279 4188 Η
317 4206 389 4268 xll.
430 4203 569 4269 Herisliu
594 4203 787 4292 quiiactum
804 4201 939 4278 habeut,
961 4223 1021 4289 per
1039 4201 1244 4267 fideiussores
1261 4199 1303 4266 ud
1318 4201 1380 4262 lle·

235 4311 309 4376 gem
326 4287 506 4352 mittantur.
