2920 4972
289 311 327 370 A.
345 307 489 369 ensa*
538 307 676 366 useuu
702 305 952 374 relucerent.
1056 305 1120 371 seo.
1249 293 1298 367 55

162 476 234 532 nes,
251 451 446 532 divinosque
464 448 709 534 velscrtilegos,
722 461 777 511 ant
795 449 940 534 auguris,
957 448 1167 534 phylacteria,
1183 452 1301 516 lucan«

160 537 315 614 tationes,
330 535 385 597 vel
405 554 515 595 omnes
533 533 701 618 spurcitias
716 534 897 618 gentilium,
916 532 1066 594 studento

167 652 201 715 U
200 664 212 713 t
223 647 591 734 Presbyterisspiseopis
601 687 604 694 ι
613 651 677 710 suis
691 648 831 710 'subiecti
848 652 928 720 s'int,'
941 662 971 710 et
984 661 1018 709 ut
1033 648 1304 792 Suudragesimce

329 745 468 816 tempore
487 733 641 792 rationem
658 734 827 796 ministerii
845 733 895 792 sui
907 732 952 792 eis
973 731 1034 792 red
1057 745 1121 796 ant.
1217 767 1224 778 ·

236 839 339 906 1ἮΙΙ.
357 843 362 854 ’
380 837 592 908 Decrevimus
614 838 746 921 quoque
777 837 868 898 iuxta
889 847 1074 900 sanctorum
1092 861 1233 900 canones
1264 850 1303 902 ut

164 921 393 1004 unusquisque
409 921 582 1005 Presbyter
596 920 630 981 in
644 919 796 1003 parochia
814 919 962 982 habitans
983 922 1146 1004 Episcopo
1171 922 1307 992 subiecf

164 1019 218 1068 tus
229 1007 272 1074 sit
289 1005 341 1066 illi
355 1007 400 1063 ·in
420 1002 520 1064 cuius
532 1003 685 1084 parochia
699 1003 831 1080 habitat,
852 1012 883 1064 et
901 1023 1028 1086 semper
1051 1003 1085 1065 in
1111 1005 1301 1086 Quadrage-

165 1090 247 1151 sima
268 1079 427 1149 rationein
440 1094 473 1145 et
489 1085 637 1147 ordinem
651 1086 823 1146 ministerii
838 1086 899 1163 sui,
917 1086 984 1148 sire
999 1086 1040 1148 de
1053 1087 1222 1170 baptismo,
1232 1089 1301 1150 sive

167 1173 209 1234 de
224 1171 289 1232 fide
305 1168 476 1245 catholica,
492 1169 561 1230 sive
579 1168 620 1234 de
637 1169 798 1252 precibus,
818 1178 850 1229 et
873 1169 988 1230 ordine
1010 1169 1190 1246 Missurum,
1211 1169 1303 1254 Epis-

167 1276 251 1338 copo
268 1248 391 1313 reddat.
433 1245 476 1311 Et
490 1251 754 1334 quandocunque
775 1251 846 1311 iure
863 1250 1021 1313 canonico
1042 1252 1221 1336 Episcopus
1241 1249 1303 1314 c‘ir-

168 1345 297 1399 cumeat
319 1333 505 1416 parochiam
523 1334 563 1394 ad
588 1335 726 1418 populos
753 1333 1000 1411 confirmandos,
1026 1335 1199 1418 Presbyter
1224 1357 1304 1406 sem·

167 1441 229 1504 per
243 1421 373 1501 paratn‘s
394 1417 436 1479 sit
454 1417 495 1477 ad
514 1417 757 1499 suscipiendum
771 1416 978 1499 Episcopum,
1005 1438 1079 1478 cum
1106 1417 1303 1480 collectione

171 1513 205 1564 et
222 1500 390 1564 'adiutorio
410 1501 525 1584 populi
554 1499 611 1581 ¹qui
643 1500 687 1560 ibi
714 1499 897 1561 confirmari
925 1497 1031 1561 debet.
1072 1502 1115 1560 Et
1139 1500 1172 1559 in
1202 1497 1309 1562 coena'

168 1584 309 1652 Domini,
323 1603 450 1665 semper
472 1603 593 1646 novum
609 1583 747 1644 chrisma
765 1583 803 1643 ab
825 1583 985 1666 Episcopo
1007 1604 1064 1654 suo
1080 1592 1223 1664 quaerat.
1261 1585 1310 1644 Er

171 1669 211 1728 de
233 1677 343 1728 vetere
367 1665 478 1727 nullus
496 1666 659 1749 baptizare
677 1675 869 1750 praesumat,
885 1665 942 1727 sed
964 1665 1078 1728 ardere
1107 1665 1142 1725 in
1162 1665 1304 1737 lumina-

167 1751 262 1810 ‘ribus
280 1747 446 1810 Ecclesiae
465 1749 572 1810 faciat.

171 1866 223 1925 Ne
242 1863 360 1949 aliquis
379 1865 515 1947 decipiat
536 1863 712 1932 Ecclesium
732 1861 1030 2006 insrtsarcetium
1057 1865 1124 1942 siue
1153 1885 1305 1926 consensu

336 1947 495 2031 Episcopiv
510 1948 572 2020 sui,
593 1967 648 2006 nec
666 1947 706 2007 de
727 1949 788 2006 und
806 1971 825 2006 a
868 1946 964 2006 uliam
986 1960 1134 2008 transeat.

180 2099 183 2102 -
255 2044 311 2114 lx.
351 2054 511 2112 Utnemo
541 2052 678 2136 accipiat
702 2053 882 2114 Ecclesiam
908 2051 993 2112 infrai
1018 2052 1204 2134 parochiam
1235 2053 1305 2130 sine

173 2153 336 2198 consensu
349 2135 503 2231 Episcopi
523 2137 585 2215 sui,
609 2157 670 2198 nec
690 2137 729 2197 de
750 2137 814 2203 uult
830 2135 870 2196 ad
890 2134 985 2196 aliam
1006 2143 1155 2196 transeat.
1304 2131 1308 2140 ’

176 2253 220 2316 Ut
242 2251 434 2316 Sacerdotes
448 2273 592 2336 magnam
609 2274 718 2314 euram
738 2253 873 2314 babeant
892 2251 933 2311 de
953 2252 1094 2323 incestis,
1115 2265 1146 2313 et
1168 2252 1311 2336 infirmis·

610 2349 642 2395 et
658 2335 899 2419 poenitentibus.
1001 2357 1004 2364 ¹
1127 2335 1131 2342 ’

257 2416 296 2476 Χ.
338 2419 382 2478 Ut
402 2415 443 2478 de
464 2415 594 2478 incestis
617 2425 650 2478 et
672 2417 852 2478 criminosis
869 2435 1143 2499 magnamcuram
1166 2415 1309 2493 habeant

174 2498 374 2578 Sacerdotes,
397 2519 438 2560 ne
459 2499 494 2559 in
514 2500 579 2562 suis
603 2509 739 2582 pereunt
755 2499 944 2576 sceleribus,
968 2509 1001 2559 et
1020 2499 1144 2560 animae
1160 2501 1308 2574 eorumd

174 2581 322 2642 districto
345 2581 455 2644 iudice
483 2582 613 2644 Christo
640 2581 686 2644 eis
711 2581 928 2664 requirantur.
972 2581 1130 2642 Similiter
1156 2582 1195 2642 de
1219 2581 1324 2642 infir-'-

174 2665 237 2724 mis
256 2674 288 2725 et
301 2664 612 2748 poenitentibussut
625 2666 800 2727 morientes
829 2665 912 2725 sine'
926 2665 1040 2726 sacrati
1062 2665 1128 2726 clei
1142 2665 1307 2742 vunctione

175 2756 209 2808 et
224 2744 491 2810 reconciliatione
509 2757 541 2810 et
557 2748 673 2810 viatico
692 2761 758 2810 non
777 2747 936 2828 deficiant.
1061 2743 1064 2748 ¹

318 2871 329 2900 ³
374 2877 377 2886 '
422 2873 427 2884 '
473 2864 522 2948 De
545 2861 662 2925 ieiunio
684 2877 818 2946 quatuor
834 2877 1022 2947 temporum,

258 2971 314 3044 Xl.
354 2973 398 3032 Ut
419 2969 582 3033 ieiunium
594 2979 733 3054 quatuor
758 2981 938 3054 temporum
969 2979 1001 3029 et
1027 2967 1088 3054 ipsi
1117 2967 1312 3040 Sacerdotes¹
1348 3027 1350 3030 .

175 3054 359 3132 observent,
377 3064 410 3116 et
433 3054 523 3137 plebi
540 3053 737 3140 denuntient
751 3053 996 3117 observandum.

351 3163 411 3225 ,Ue
423 3164 471 3224 bis
495 3165 537 3222 in.
550 3184 633 3224 anno
650 3162 695 3223 ad
714 3162 843 3222 mallum
857 3183 963 3222 onrues
984 3165 1122 3223 veniunt.

258 3271 329 3330 xu.
371 3270 468 3330 utar
500 3270 634 3328 manum
656 3269 769 3330 venne
799 3289 894 3329 nemo
917 3270 1020 3330 areu
1050 3269 1198 3352 primem'
1221 3251 1308 3328 ciret

67 3391 72 3402 ·
149 3357 338 3430 ‘aestatem
357 3352 502 3414 secundo
523 3352 609 3412 circa
625 3361 826 3412 autumnum.
869 3351 1001 3412 Idalia
1029 3375 1107 3414 vero
1128 3351 1257 3433 placita,
1279 3350 1307 3410 si

173 3435 347 3496 necessitas
364 3435 475 3513 fuerit,
490 3435 550 3497 ¹vel
570 3433 772 3498 denuntiatio
785 3434 881 3516 Regis
900 3442 1023 3516 urgeat,
1041 3443 1172 3495 vocatus
1194 3433 1311 3501 venire

172 3539 272 3578 nemo
289 3518 404 3578 tardet

220 3599 262 3660 Ut
280 3621 373 3663 nemo
393 3588 558 3680 neglegens
572 3602 614 3660 eit
631 3602 756 3686 quondo
771 3622 831 3682 pro
854 3601 935 3680 Rege
953 3598 1008 3658 vel
1021 3597 1179 3681 fidelibus
1202 3599 1271 3666 sitis.

279 3709 283 3714 ’
595 3684 753 3744 orandum
772 3682 886 3761 fueret.

179 3737 225 3810 ·’
257 3741 345 3825 XIII.
381 3767 432 3826 'Ut
457 3766 588 3847 quando
611 3758 838 3827 denuntiatum
854 3763 953 3824 fuerit
975 3784 1034 3846 pro
1057 3763 1144 3843 Rege
1167 3761 1219 3824 vel
1247 3747 1323 3842 prox
1366 3815 1371 3834 ,Δ

173 3846 326 3908 fidelibus
351 3849 581 3930 suisquetib'et
605 3848 884 3910 consecrationes
907 3847 1025 3923 facere,
1059 3866 1153 3908 nemo
1179 3866 1220 3906 ex
1243 3845 1307 3906 hoe

174 3931 530 4016 neglegensappareet.
1276 3949 1278 3954 ’

173 4029 222 4106 ‘Ut
238 4043 408 4119 Sacerdos,
428 4048 492 4106 nisi
518 4048 553 4106 in
586 4047 664 4109 locis
688 4049 891 4130 consecratis,
917 4045 1050 4106 Missam
1072 4065 1134 4130 nou
1162 4043 1307 4110 celebres,

165 4211 169 4224 ,
254 4153 343 4216 XIV.
385 4141 680 4216 NullusSaeerdos
702 4154 764 4214 nisi
788 4133 821 4214 in
844 4149 925 4215 locis'
951 4156 1021 4214 Deo
1043 4149 1241 4226 dicatis,vel
1272 4149 1306 4207 in

170 4233 291 4322 itinere,
310 4235 434 4318 positus
450 4236 488 4312 in
504 4237 719 4312 tabernaculis
739 4248 770 4308 et
787 4237 904 4306 mensis
919 4236 1056 4321 lapideis¹
1080 4235 1118 4294 ab
1145 4233 1309 4318 Episcopus
