2952 4988
210 291 285 368 atu
501 315 537 374 s.
556 311 644 375 cun.
750 309 1011 376 coenaturus
1113 319 1177 375 sn.

294 445 339 520 ll.
380 447 424 518 tlt
441 457 601 602 ‹puicquid
626 459 756 524 deeius
779 457 921 520 iussione
943 460 1082 523 cuilibet
1105 459 1298 544 praecipere
1322 465 1357 522 et

210 535 437 604 commendare
473 539 583 622 ebant,
604 541 796 628 potestative
812 543 1011 604 annuntient
1026 553 1124 626 atque
1139 543 1354 628 praecipiant.

209 622 254 686 Et
271 621 413 684 nonsibi
429 621 550 686 iaciant
569 625 674 688 socios
695 623 861 687 inferioris
878 625 1003 688 ordinis
1018 625 1179 704 homines,
1196 626 1257 710 qui
1272 647 1355 688 sem-

209 703 368 792 perinde
396 714 485 768 retro
501 727 566 772 ‚res
585 709 831 791 qualescunque
854 714 989 772 tractare
1017 711 1153 782 volunt;
1188 709 1248 772 sed
1278 709 1353 772 illos
1452 719 1453 722 ’

209 785 272 855 sibi
293 787 418 850 socient
444 789 503 872 qui
520 789 561 852 ad
582 791 733 854 effectum
755 809 1019 876 unamquamque
1041 813 1113 855 rem
1142 791 1264 854 deduci
1294 809 1354 854 cn·

209 871 355 1017 μωΙῖιίῐ.
396 953 536 1032 Quando
553 956 708 1018 iustitium
726 957 922 1043 pauperihus
941 957 1048 1020 facere
1067 954 1232 1034 iusserint,
1250 959 1353 1020 semel

210 1045 266 1102 aut
281 1035 331 1098 bis
348 1035 550 1120 praecipiant
566 1049 602 1101 nt
623 1041 747 1102 iustitia
766 1043 850 1102 lacta
871 1039 934 1100 liat.
976 1039 1088 1104 Tertii
1110 1041 1194 1118 vice,
1216 1039 1245 1100 si
1264 1063 1353 1102 non·

210 1123 287 1186 dnm
308 1119 428 1182 lactum
452 1127 518 1200 est,
550 1121 559 1182 i
584 1122 610 1184 si
636 1133 773 1207 pergant
794 1123 835 1184 ad
860 1123 970 1185 locum
990 1133 1023 1186 ct
1043 1123 1083 1186 ad
1104 1123 1272 1184 hominem
1292 1125 1353 1206 qui

209 1201 364 1268 ustitiam
389 1203 497 1268 facere
524 1143 649 1284 noluit,
688 1215 722 1268 et
745 1225 821 1268 cnm
843 1207 963 1270 virtute
989 1207 1108 1268 tollant
1128 1205 1167 1266 ab
1197 1226 1236 1268 eo
1261 1207 1352 1288 quod

210 1284 330 1384 iniuste
353 1284 446 1348 alteri
469 1285 563 1362 tulit,
594 1297 626 1351 et
646 1287 787 1352 reddant
811 1287 861 1350 illi
889 1289 982 1352 cuius
1009 1310 1071 1374 per
1099 1287 1258 1352 iustitiam
1280 1307 1351 1354 esse

210 1369 352 1514 debulll.
394 1451 437 1512 Ut
454 1453 512 1535 qni
535 1453 680 1516 bannum
705 1455 825 1518 Domni
846 1451 1058 1538 Imperatoris
1077 1453 1130 1515 vel
1158 1453 1253 1516 freda
1273 1455 1350 1518 dare

210 1531 319 1614 debet,
341 1533 519 1616 accipiatur
538 1537 594 1598 illa
608 1538 738 1616 solutio,
761 1545 795 1600 et
814 1538 855 1600 ad
874 1559 950 1600 eum
969 1539 1141 1616 inferatur,
1163 1546 1200 1598 ut
1214 1535 1285 1621 ipse
1301 1547 1350 1599 ta·
1453 1543 1454 1570 ¹

209 1637 284 1680 men
305 1617 360 1679 det
375 1617 568 1704 cuicunque
581 1623 611 1682 ei
634 1621 803 1718 placuerit.

293 1699 332 1764 V.
373 1701 570 1786 Quicunque
595 1703 660 1765 illrs
684 1704 838 1766 iustitiam
858 1704 965 1766 faeere
991 1701 1177 1764 volentibus
1199 1703 1350 1766 resistere

210 1793 345 1848 conatus
366 1783 477 1862 luerit,
502 1785 630 1848 Domno
646 1783 836 1869 Imperatori
852 1785 1058 1848 annuntient.
1101 1785 1262 1848 Similiter
1281 1787 1351 1869 qni-

210 1883 342 1950 cunqne
363 1873 476 1928 contra
496 1867 652 1930 iustitium
674 1870 811 1930 alterum
832 1869 864 1928 in
889 1869 1012 1952 placito
1031 1867 1210 1930 defendere
1232 1869 1351 1933 volue-
1453 1865 1454 1874 ’

208 1951 272 2029 rit,
298 1947 475 2034 legitimam
498 1971 637 2034 poenam
662 1952 827 2028 incurrat,
861 1950 1036 2013 cuiuslibet
1060 1950 1159 2012 homo
1187 1952 1245 2032 sit,
1280 1952 1351 2016 sive

208 2032 329 2096 Domni
350 2031 578 2117 Imperatoris,
606 2033 675 2096 sive
689 2035 865 2098 cuiuslibet
885 2035 1029 2098 filiorum
1051 2042 1085 2097 et
1102 2033 1266 2115 filiarum,
1296 2034 1351 2100 vel
1453 2041 1454 2054 l

210 2123 413 2179 caeterorum
430 2117 613 2200 potentium
632 2115 811 2180 hominum.

300 2321 629 2388 CAPITULARE
669 2322 876 2388 PRIMUM
910 2325 1033 2390 ANNI
1066 2327 1267 2404 DCGCXI,

210 2443 298 2514 Sive
326 2441 546 2540 capitulare
573 2446 882 2533 interrogationis
914 2447 960 2516 de
985 2447 1034 2516 iis
1059 2469 1155 2540 quae
1181 2445 1352 2544 Karalus

209 2543 377 2639 Magnus
396 2567 472 2640 pro
498 2546 686 2616 communi
710 2546 875 2616 omnium
899 2545 1059 2616 utilitate
1075 2547 1353 2638 interroganda

676 2646 877 2717 constituit.

233 2773 293 2846 Do
318 2775 603 2869 interrogatione
628 2777 767 2849 Domni
792 2776 1030 2873 Imperatoris
1056 2779 1103 2848 de
1129 2801 1227 2848 anno
1253 2777 1324 2848 XL

209 2945 250 3008 In
268 2947 382 3031 primis
404 2959 552 3032 separare
573 2947 720 3009 volumus
742 2921 936 3030 Episcopos,
969 2945 1127 3019 Abbates,
1157 2959 1189 3008 et
1211 2945 1351 3008 Comites

447 3043 585 3102 nostros,
607 3044 638 3091 et
658 3029 861 3112 singulariter
880 3027 953 3089 illos
974 3029 1104 3111 alloqui.

140 3205 145 3218 '
210 3173 328 3259 0³91·
360 3141 475 3276 Quae
507 3211 623 3259 causae
656 3193 802 3256 efficiunt
832 3201 869 3252 ut
901 3213 985 3256 uuus
1024 3181 1128 3256 alteri¹
1150 3194 1350 3256 adiutorium

208 3293 369 3371 praestare
386 3281 480 3358 nolit,
502 3280 568 3342 sive
587 3280 620 3338 in
641 3275 781 3352 marcha,
802 3275 869 3336 sive
891 3274 925 3334 in
948 3277 1114 3355 exercitu,
1141 3277 1198 3338 ubi
1221 3277 1350 3360 aliquid

209 3366 358 3432 utilitatis
374 3362 563 3427 defensione
582 3360 704 3444 patriae
722 3361 828 3419 facere
845 3353 949 3419 debet.

291 3447 337 3513 ll.
388 3446 481 3508 Unde
507 3446 582 3506 illae
602 3441 884 3524 frequentissimae
914 3441 1133 3520 causationes,
1169 3442 1349 3525 inquibus

208 3557 295 3598 unus
323 3530 418 3594 alteri
449 3528 579 3613 quaerit
614 3524 774 3609 quicquid
811 3543 923 3606 parem
947 3546 1051 3614 'snum
1085 3525 1205 3589 viderit
1243 3526 1348 3610 possi-

208 3621 352 3760 dentppp:
394 3699 442 3756 De
459 3715 498 3756 eo
520 3693 610 3776 quod
629 3689 770 3774 quilibet
792 3688 925 3752 alterius
938 3689 1105 3754 hominem
1118 3691 1159 3753 ad
1172 3711 1205 3752 se
1219 3690 1348 3772 fngien-

207 3794 274 3845 tem
296 3781 378 3843 susci
405 3779 440 3838 it.

293 3863 351 3925 IV.
381 3801 621 3941 Iinterrogandi
646 3865 723 3918 sunt
744 3854 777 3915 in
799 3853 919 3936 quihus
938 3853 1035 3916 rebus
1058 3855 1110 3916 vel
1134 3855 1215 3916 locis
1238 3857 1346 3918 eccle-

208 3949 327 4013 siastici
344 3943 456 4020 laicis,
479 3951 535 4001 aut
554 3940 627 4002 laici
645 3937 879 4015 ecclesiasticis,
898 3937 1114 4000 ministerium
1129 3959 1224 3998 sunm
1243 3940 1347 4022 impe·

209 4034 314 4095 diunt.
362 4031 399 4089 ln
424 4026 487 4088 hoe
511 4026 582 4086 loco
604 4021 845 4083 discutiendum
869 4030 917 4080 est
937 4028 1033 4101 atque
1057 4021 1347 4082 interveniendum

209 4119 420 4198 inquantum
441 4129 474 4170 se
492 4107 671 4188 Episcopus
695 4111 750 4162 aut
765 4101 870 4162 Abbas
889 4103 986 4163 rebus
1006 4103 1207 4164 secularibus
1229 4104 1346 4166 debeat

209 4201 365 4272 inserere,
386 4191 438 4254 vel
458 4189 490 4250 in
512 4187 800 4268 quantum.Comes
816 4185 869 4246 vel
891 4186 974 4246 alter
993 4185 1094 4247 laicus
1119 4186 1151 4245 in
1173 4187 1344 4250 ecelesias·-

208 4279 273 4341 tica
289 4275 426 4358 negotia.
458 4271 528 4334 'Hic
550 4268 817 4365 interrogandum
832 4277 879 4329 est
900 4267 1081 4331 acutissime
1099 4267 1179 4352 quid
1194 4270 1237 4331 sit
1253 4271 1345 4356 qnod
