2952 4988
239 331 276 388 n.
298 327 406 388 cam·
499 293 895 388 inenarrancoaun
1000 330 1064 389 ns.
1183 315 1253 392 291

199 471 257 533 Ill.
299 469 342 531 Et
359 467 386 530 si
406 469 566 554 quispiam
582 489 695 531 eorum
716 468 749 528 in
774 476 899 552 partem
919 489 1015 553 qnam
1032 467 1088 528 ille
1105 479 1145 542 ad
1159 477 1254 542 habi.

115 556 252 618 tandum
265 553 327 616 sibi
339 563 573 638 occupaverat,
587 552 667 612 alios
681 549 831 612 homines
848 551 1068 634 undecunque
1083 562 1255 626 venientes

117 635 313 712 adtraxerit,
336 643 369 696 et
389 657 499 696 seeum
520 636 555 697 in
575 634 726 718 portione
749 656 823 711 sua,
845 655 942 714 quarn
960 633 1176 714 adprisionem
1190 667 1254 708 70-

117 730 208 797 cant,
230 718 375 779 habitare
397 718 532 796 fecerit,
552 725 662 778 utatur
677 715 811 778 illorum
825 716 959 778 servitio
980 717 1099 797 absque
1116 725 1257 790 aticum,

117 801 374 867 contradictione
395 801 448 862 vel
467 799 719 885 impedimento,
744 808 776 861 et
794 797 893 860 liceat
911 799 962 860 illi
984 800 1038 862 eos
1061 797 1257 891 distringere

117 887 159 948 ad
183 884 320 946 iustitias
341 883 507 944 faciendas
566 882 655 943 uales
683 881 745 964 ipsi
770 881 856 942 inter
882 903 916 943 se
949 882 1085 946 definire
1112 901 1257 974 possunt,

117 972 254 1031 Caetera
270 985 348 1030 vero
373 965 512 1044 iudicia,
534 903 568 1032 id
591 973 654 1042 est,
677 964 861 1026 criminales
881 965 1042 1044 actiones,
1062 970 1103 1034 ad
1120 994 1256 1038 examen

19 1107 25 1114 .
118 1049 253 1114 Comitis
268 1057 486 1111 reserventur.

200 1158 257 1220 IV.
298 1155 342 1218 Et
359 1155 386 1217 si
403 1155 522 1238 aliquis
535 1173 576 1216 ex
594 1153 646 1214 his
668 1151 852 1215 bominibus
872 1155 987 1236 quial)
1011 1181 1124 1222 eorum
1146 1163 1258 1247 aliquo

118 1241 280 1304 adtractus
295 1247 359 1316 est,
377 1247 409 1298 et
429 1239 463 1298 in
487 1259 543 1300 sua
562 1237 711 1320 portione
726 1237 931 1315 conlocatus,
951 1241 1057 1304 locum
1072 1245 1258 1327 reliquerit,

117 1323 210 1386 locus
225 1332 332 1399 tamen
352 1320 410 1402 qui
426 1320 559 1383 relictus
577 1329 646 1399 cst,
673 1320 691 1380 d
716 1319 861 1380 dominio
886 1319 976 1386 illius
1000 1327 1149 1410 quicum
1168 1329 1258 1412 prius

117 1407 250 1470 tenebat
269 1424 335 1466 non
355 1404 496 1465 recedat.
928 1439 941 1455 ,ι

204 1512 244 1574 V.
286 1509 426 1588 Quodsi
446 1508 497 1568 illi
508 1517 641 1591 propter
657 1504 824 1569 lenitatem
840 1516 873 1568 et
890 1513 1174 1576 mansuetudinem
1191 1516 1257 1577 Co·

120 1595 207 1659 mitis
223 1593 273 1655 sui
294 1593 400 1654 eidem
420 1591 541 1652 Comiti
558 1590 691 1652 honoris
709 1599 742 1651 et
758 1589 903 1673 obsequii
923 1595 1022 1675 gratia
1036 1596 1203 1680 quippiam
1218 1597 1259 1661 de

121 1679 218 1742 rebus
239 1675 304 1737 suis
322 1673 550 1748 exhibuerint,
565 1694 631 1734 non
650 1672 713 1736 boc
732 1671 778 1734 eis
818 1673 998 1745 retributo
1013 1679 1065 1739 vel
1082 1700 1183 1741 censu
1197 1679 1260 1740 ali-

122 1783 190 1846 quo
206 1765 429 1842 computetur,
456 1763 511 1815 aut
532 1757 647 1817 Comes
670 1755 728 1817 ille
754 1695 817 1817 vei
829 1777 1030 1822 successores
1050 1761 1120 1822 eius
1141 1761 1203 1824 hoc
1224 1763 1259 1822 in

122 1841 396 1906 consuetudinem
422 1846 649 1921 praesumant,
679 1858 787 1919 neque
817 1859 871 1901 eos
894 1839 955 1901 sibi
985 1841 1041 1902 vel
1073 1841 1261 1910 hominibus

122 1927 188 1990 suis
210 1933 266 1986 aut
289 1921 538 1983 mansionaticos
561 1941 694 2003 parare,
724 1929 780 1980 aut
799 1922 937 1984 veredos
958 1923 1052 2001 dare,
1077 1935 1133 1986 aut
1155 1927 1262 1988 ullum

123 2031 258 2072 censum
279 2006 332 2068 vel
356 2005 515 2066 tributum
542 2011 596 2064 ant
618 1999 828 2085 obsequium,
858 2015 987 2087 praeter
1015 2005 1049 2067 id
1077 2009 1166 2089 qnod
1195 2010 1263 2071 itm

123 2090 272 2188 superius
294 2087 565 2172 comprehensum
587 2094 652 2162 est,
675 2096 837 2168 praestare
857 2097 958 2170 cogat.
1001 2088 1065 2150 Sed
1082 2091 1180 2153 liceat
1195 2091 1263 2154 tarn

124 2174 192 2237 istis
215 2171 381 2256 Hispanis,
404 2169 462 2253 qui
489 2169 652 2253 praesenti
673 2179 820 2251 tempore
839 2169 873 2229 in
912 2170 1063 2234 raedictis
1083 2171 1163 2235 locis
1177 2176 1263 2236 resi·

124 2259 224 2333 dent,
246 2255 342 2338 quim
362 2251 413 2315 his
441 2253 499 2334 qni
521 2248 627 2313 adhuc
654 2251 695 2312 ad
716 2261 858 2314 nostram
885 2191 983 2326 tidem
1008 2253 1049 2314 de
1074 2253 1264 2338 iniquorum

123 2347 280 2424 potestate
298 2334 456 2421 fugiendo
478 2333 718 2412 confluxerint,
733 2343 765 2394 et
784 2335 817 2395 in
833 2335 968 2397 desertis
984 2343 1081 2418 atque
1102 2337 1136 2397 in
1153 2338 1264 2400 incul-

125 2423 166 2483 tis
183 2420 263 2482 loois
283 2443 342 2504 per
357 2427 498 2480 nostram
515 2417 568 2481 vel
589 2417 723 2479 Comitis
743 2417 843 2480 nostri
866 2417 1031 2480 licentiam
1048 2419 1263 2483 consedentes

124 2503 271 2566 aedificia
300 2500 463 2577 fecerint,
494 2510 527 2562 et
553 2521 647 2582 agros
673 2500 891 2577 incoluerint,
924 2501 1013 2560 iuxta
1043 2495 1265 2584 supradictum

123 2587 256 2648 modum
280 2585 340 2648 sub
366 2592 474 2644 nostra
493 2579 683 2645 defensione
713 2593 811 2662 atque
832 2582 1035 2664 protectione
1057 2584 1090 2644 in
1112 2581 1263 2650 libertate

124 2667 284 2744 residere,
307 2676 340 2728 et
362 2665 456 2726 nobis
481 2687 519 2726 ea
545 2686 629 2746 qnae
649 2665 798 2749 superius
823 2663 985 2742 diximus,
1017 2673 1082 2727 tam
1101 2688 1175 2728 cum
1198 2671 1264 2730 Co-

124 2750 201 2812 mite
217 2771 296 2829 suo,
319 2750 415 2831 quam
437 2767 511 2809 cnm
527 2748 632 2810 Missis
647 2748 736 2826 eius,
754 2769 814 2832 pro
826 2755 1009 2834 temporum
1024 2752 1264 2834 opportunitate

123 2834 275 2896 alacriter
293 2841 392 2913 atque
408 2830 549 2892 fideliter
562 2827 727 2894 exhihere.
1171 2838 1173 2844 '

208 2942 264 3004 VI.
305 2937 466 3000 Noverint
482 2946 590 3000 tamen
617 2937 717 2999 iidem
733 2937 866 3021 Hispani
884 2936 945 2998 sihi
960 2937 1125 3000 licentiam
1140 2939 1158 3002 b
1171 2938 1265 3004 nobis

124 3047 194 3088 esse
216 3042 401 3085 concessam
422 3030 458 3080 nt
481 3042 514 3082 se
539 3021 572 3079 in
596 3020 788 3083 vassaticum
815 3019 995 3082 comitibus
1029 3023 1146 3086 nostris
1176 3045 1265 3086 more

125 3108 223 3170 solito
236 3102 473 3168 commendent.
503 3103 545 3164 Et
561 3102 587 3163 si
602 3100 800 3164 beneficium
816 3103 949 3184 aliquod
967 3103 1138 3186 quisquam
1153 3127 1268 3168 eorum

126 3191 165 3252 ah
178 3213 217 3252 eo
243 3189 296 3249 cui
318 3208 351 3248 se
369 3185 626 3264 commendavit,
639 3187 748 3258 ¹fuerit
768 3193 978 3263 consecutus,
1000 3187 1081 3248 sciat
1100 3209 1133 3250 se
1151 3187 1192 3251 de
1208 3189 1267 3250 illo

124 3274 191 3336 tale
222 3269 414 3352 obsequium
438 3268 567 3330 Seniori
590 3289 648 3330 suo
674 3268 829 3329 exhibere
850 3268 1087 3354 debereqquale
1110 3279 1268 3333 nostrates

125 3355 274 3418 homines
300 3355 340 3415 de
369 3350 467 3414 simili
486 3350 647 3414 beneficio
673 3349 864 3413 Senioribus
888 3351 954 3412 suis
977 3349 1132 3416 exhibere
1150 3354 1268 3416 solent.

208 3461 281 3524 Vll.
323 3460 451 3521 Idcirco
468 3456 525 3520 has
549 3467 676 3518 nostrae
693 3456 893 3518 auctoritatis
911 3456 1033 3518 litteras
1052 3459 1097 3520 eis
1116 3458 1192 3521 dare
1215 3459 1270 3522 de·

125 3545 308 3619 crevimus,
322 3563 382 3624 per
398 3561 477 3623 quas
491 3541 696 3602 decernimus
711 3549 808 3620 atque
823 3538 971 3600 iubemus
988 3547 1024 3600 ut
1041 3538 1123 3602 haec
1141 3551 1268 3604 nostrae
1310 3547 1312 3552 '

128 3625 330 3688 liberalitatis
365 3635 397 3684 et
428 3623 687 3683 mansuetudinis
715 3621 912 3683 Constitutio
946 3639 1021 3703 erga
1053 3623 1127 3685 illos
1153 3633 1269 3686 tenore

125 3717 285 3792 perpetuo
301 3707 339 3766 ab
354 3705 503 3767 omnibus
521 3705 673 3766 fidelibus
689 3715 817 3766 sanctae
834 3704 895 3764 Dei
915 3704 1080 3768 Ecclesiae
1103 3715 1136 3767 et
1152 3707 1269 3769 nostris

128 3786 366 3854 inviolabiliter
380 3797 599 3849 conservetur.
627 3787 729 3848 Cuius
750 3785 1002 3848 constitutionis
1021 3788 1055 3846 in
1071 3809 1268 3885 unaquaque

127 3874 259 3938 civitate
277 3870 333 3930 ubi
345 3868 502 3954 praedicti
513 3869 648 3952 Hispani
667 3869 812 3930 habitare
827 3877 1028 3946 noscantur,
1044 3877 1109 3931 tres
1125 3869 1271 3953 descrip-

127 3957 234 4018 tiones
259 3974 328 4014 esse
359 3953 531 4022 volumus;
563 3973 660 4012 unam
682 3975 779 4034 quam
800 3951 979 4032 Episcopus
1009 3952 1108 4034 ipsius
1131 3953 1270 4016 civitatis
1356 3971 1364 3990 ·

127 4039 262 4113 habeat,
285 4045 318 4096 et
341 4035 474 4094 alteram
497 4055 595 4114 quam
616 4038 752 4112 Comes,
776 4043 807 4094 et
831 4035 958 4094 tertiam
978 4033 1040 4116 ipsi
1061 4035 1193 4118 Hispani
1213 4037 1271 4118 qui

129 4123 163 4182 in
178 4119 293 4181 eodem
311 4118 383 4178 loco
398 4126 641 4179 conversantur.
682 4115 858 4197 Exemplar
870 4137 948 4177 vero
966 4137 1076 4176 earum
1091 4117 1124 4178 iu
1140 4117 1272 4180 archivo

128 4201 239 4287 palatii
260 4200 362 4262 nostri
381 4197 565 4260 censuimus
581 4199 825 4296 reponendum,
839 4207 875 4258 ut
892 4220 933 4259 ex
948 4198 1038 4262 illius
1058 4199 1272 4283 inspectione,

129 4286 157 4348 si
175 4282 323 4368 qnando,
347 4291 382 4344 ut
398 4281 469 4344 lieri
486 4281 585 4362 solet,
606 4293 660 4346 aut
673 4282 736 4366 ipsi
752 4301 785 4344 se
798 4281 1064 4362 reclamaverint,
1084 4292 1141 4344 aut
1159 4286 1274 4348 Comes
