2952 4988
183 261 259 336 296
414 279 450 338 d.
469 279 557 340 Ctlll.
661 279 921 342 CAPITULARIA
1023 281 1087 342 stt.

184 422 242 486 sed
265 421 351 484 sicut
373 422 390 482 l
414 423 581 506 praedicto
602 422 700 488 Misso
728 433 840 487 nostro
866 423 914 487 eis
937 423 1192 486 demonstratum
1215 421 1338 500 fuerit,

187 505 309 588 absque
339 503 447 588 aliqua
473 507 703 590 depravatione
729 507 783 570 vel
808 507 1057 570 detruncatione
1082 505 1335 570 transcribatur.

183 587 321 652 Noverit
339 587 437 650 etium
456 589 534 672 quia
549 589 624 652 ideo
640 589 729 653 illius
745 589 932 674 exemplum
948 588 1034 672 apud
1053 590 1229 651 armarium
1242 590 1319 672 pala

184 669 224 732 tii
243 667 344 732 nocui
363 669 531 734 detentum
550 681 609 748 est,
629 682 722 734 uteo
740 673 870 754 probari
884 681 1034 756 patenter
1045 673 1146 756 possit
1163 673 1241 756 quis
1257 693 1333 732 eam

185 752 352 818 incuriose
371 753 620 838 transcripserit,
638 755 690 816 vel
709 755 783 837 quis
806 755 949 838 aliquam
967 753 1037 816 eius
1053 765 1176 838 partem
1192 757 1317 817 denna

186 837 316 898 caverit.
359 838 401 898 Ut
418 837 507 898 enim
527 837 755 921 comperimus,
778 837 856 899 dum
877 837 911 898 in
935 836 1050 900 eodem
1070 860 1161 900 sacro
1173 837 1330 900 Concilio

210 920 422 1002 erlegeretur,
444 930 618 1003 antequam
640 941 749 982 coram
769 919 862 982 nobis
878 919 1054 982 sab-eodem
1074 921 1227 982 Concilio
1246 941 1328 1002 pro·

184 941 263 1080 lata,
282 1012 314 1065 et
329 1001 471 1067 necdum
489 1025 641 1066 mensura
660 1003 723 1064 cibi
742 1011 774 1065 et
791 1003 888 1086 potiss
910 1012 1029 1065 statuta
1048 1004 1172 1082 fuisset,
1192 1004 1329 1085 quidam

186 1106 301 1169 magna
320 1107 361 1149 ex
378 1095 470 1168 parte
491 1087 581 1148 illum
599 1086 849 1164 detruncantes,
871 1086 1030 1168 quaedam
1047 1087 1191 1169 capitula
1207 1087 1329 1148 incon·

186 1167 272 1231 culte
292 1189 333 1231 cx
353 1189 390 1230 ea
409 1169 691 1252 transcripserunt.
741 1168 836 1230 Unde
857 1189 990 1232 necesse
1011 1178 1061 1230 est
1077 1178 1115 1230 nt
1134 1170 1162 1231 si
1183 1169 1332 1252 aliquem

186 1250 222 1314 in
238 1259 294 1314 tua
309 1251 450 1314 dioecesi
469 1251 532 1314 tale
548 1252 664 1315 fecisse
682 1251 860 1334 repereris,
885 1251 1111 1314 huiuscemodi
1128 1255 1252 1314 factum
1271 1275 1333 1313 co·

185 1355 255 1398 ram
282 1331 535 1418 provincialium
555 1344 687 1396 tuorum
713 1335 949 1420 Episcoporum
972 1345 1139 1396 conventu
1159 1346 1193 1397 et
1218 1355 1333 1396 coram

186 1415 387 1514 praescripto
410 1418 508 1481 Misso
530 1427 640 1480 nostro
661 1418 846 1495 frustreris,
876 1427 910 1480 et
930 1417 1017 1480 banc
1035 1417 1269 1495 authenticam,
1293 1426 1334 1478 ut

186 1499 428 1584 praemisimus,
455 1500 650 1584 diligenter,
676 1501 761 1564 sicut
780 1499 896 1564 Missus
912 1510 1023 1562 noster
1038 1500 1085 1562 eis
1103 1501 1333 1577 insinuaverit,

186 1581 360 1646 transcribi
385 1603 587 1664 percenseas.
627 1587 750 1648 Omnes
769 1605 847 1666 crgo
868 1592 944 1646 tuae
972 1584 1159 1646 dioeceseos
1174 1582 1333 1667 Episcopi

188 1675 222 1728 et
238 1665 358 1728 caeteri
373 1665 515 1727 Praeluti
534 1687 605 1727 eam
626 1666 775 1764 vigilanti
792 1667 868 1730 carl
885 1665 1114 1743 transcribere,
1138 1665 1251 1728 solerti
1266 1675 1335 1726 stn-

190 1747 243 1812 dio
268 1747 471 1830 intelligere,
501 1747 749 1813 instantissimae
778 1749 972 1812 assiduitatis
993 1748 1152 1810 exercitio
1172 1747 1333 1810 divinitirs

189 1830 291 1894 adiuti
321 1830 472 1914 operibus
499 1832 662 1914 complere
691 1833 878 1905 decertent,
910 1843 947 1894 nt
971 1853 1046 1894 cnm
1066 1853 1125 1893 nos
1150 1830 1250 1892 buius
1279 1831 1332 1892 rei

190 1915 289 1995 gratiis
311 1913 526 1996 inquirendae
550 1916 696 1976 venturis
718 1915 877 1978 Kalendis
896 1914 1152 1998 Septembribus,
1173 1914 1260 1976 sicut
1279 1913 1333 1974 ei·

190 1997 264 2060 dem
276 2019 367 2058 sacro
383 2006 415 2058 et
429 1997 628 2058 memorabili
639 1998 790 2060 Concilio
804 1999 1009 2060 meminimus
1021 2018 1079 2060 nos
1094 1997 1212 2059 dixisse
1228 1997 1334 2058 factu·

190 2103 263 2158 ros,
286 2080 400 2142 Missos
419 2089 544 2141 nostros
566 2101 626 2162 per
648 2081 825 2161 Imperium
846 2082 951 2142 dDeo
973 2081 1066 2143 nobis
1087 2082 1243 2142 collatum
1268 2079 1332 2141 de-

189 2163 429 2241 stinaverimus,
453 2165 576 2226 remoti
595 2164 772 2226 cuiuslibet
789 2164 987 2226 difficultatis
1005 2163 1219 2246 oppositione,
1239 2162 1335 2222 eius-

191 2247 266 2308 dem
283 2246 470 2310 salutiferae
485 2246 705 2308 Institutionis
729 2255 762 2308 et
779 2246 919 2309 Praelati
934 2257 967 2308 et
986 2247 1126 2324 Subditi,
1147 2251 1245 2330 prout
1260 2247 1345 2305 Do·v

190 2329 297 2392 minus
314 2350 406 2410 posse
431 2329 478 2392 eis
505 2329 642 2408 dederit,
658 2329 783 2392 strenui
801 2329 1010 2392 investiantur
1026 2339 1220 2412 operatores.
1240 2329 1335 2404 Quo-

190 2411 277 2474 niam
298 2411 448 2494 diligenti
476 2411 649 2494 indagine,
679 2413 747 2474 vita
766 2413 901 2490 comite,
927 2411 1122 2495 perquirere
1144 2411 1332 2472 iubebimus

188 2493 262 2578 quis
280 2495 504 2558 Pmelatorum
530 2495 715 2558 iniunctum
739 2493 803 2556 sibi
826 2493 968 2558 officium
992 2494 1125 2557 strenui
1150 2492 1331 2577 peregerit,

188 2577 241 2640 vel
262 2577 337 2660 quis
361 2577 396 2638 in
419 2577 569 2640 claustris
594 2576 835 2644 Canonicorum
854 2587 888 2640 et
912 2577 1048 2640 caeteris
1072 2575 1332 2638 habitationibus

188 2661 425 2738 construendis,
447 2669 481 2722 et
500 2659 534 2722 in
556 2659 744 2724 necessariis
762 2659 934 2744 stipendiis
952 2660 999 2722 eis
1017 2659 1212 2731 tribuendis,
1244 2667 1279 2720 et
1293 2658 1330 2717 in

187 2741 335 2806 domibus
358 2743 400 2807 ad
421 2743 627 2826 receptacula
648 2763 828 2826 pauperum
849 2743 1057 2826 reparandis,
1080 2742 1243 2804 sanctioni
1260 2762 1331 2812 ,no-

167 2895 169 2902 .
187 2834 270 2887 strae
284 2826 440 2910 paruerit,
459 2827 573 2908 quisve
593 2827 729 2888 Clerum
742 2847 837 2888 suum
855 2826 967 2888 elidem
985 2825 1192 2886 Institutione
1210 2834 1244 2887 et
1257 2844 1332 2884 cae-

187 2908 264 2972 teris
279 2908 476 2992 spiritalibus
492 2909 695 2971 documentis
712 2909 871 2970 instruere
887 2907 1060 2986 curaverit,
1076 2908 1129 2970 vel
1144 2907 1217 2990 qnis
1232 2904 1331 2969 causa

187 2993 340 3054 avaritiae
361 3013 415 3054 eos
439 3015 521 3076 quos
543 2995 577 3053 in
594 2991 714 3054 Christi
732 2992 849 3054 militia
868 2991 1106 3076 rationabiliter
1123 2991 1210 3052 alere
1231 2997 1329 3073 pote-

187 3084 247 3152 rat,
265 3073 463 3158 propulerit;
491 3076 568 3156 quia
583 3075 681 3136 unius
701 3075 779 3135 anni
802 3073 941 3158 spatium
959 3073 1107 3135 dedimus
1127 3083 1164 3134 ut
1181 3093 1220 3134 ea
1241 3089 1328 3153 quae

186 3157 340 3241 premissa
357 3168 450 3235 sunt,
484 3157 605 3241 absque
628 3157 729 3218 ullius
750 3157 946 3220 difficultatis
967 3156 1176 3218 excusatione
1200 3151 1329 3238 perfici,

187 3241 243 3302 ubi
268 3241 407 3302 necdum
423 3242 508 3302 factu
528 3249 630 3318 erant,
661 3239 817 3301 facillime
839 3249 981 3323 possent.
1022 3238 1165 3301 Proinde
1186 3237 1244 3322 qui
1261 3235 1326 3296 hoc

187 3324 264 3386 unni
288 3333 433 3404 tempore
457 3323 491 3384 in
511 3323 574 3385 boc
595 3323 725 3406 negotio
748 3331 874 3384 nostrae
900 3320 1238 3383 admodirm'iussioni
1263 3337 1325 3402 pro

186 3407 310 3470 viribus
334 3405 467 3481 obedire
493 3405 692 3488 neglexerit,
723 3406 859 3466 caeteris
886 3405 956 3466 sine
980 3403 1079 3464 dubio
1105 3403 1223 3465 terrori
1250 3399 1324 3476 erit,

139 3489 143 3500 '
185 3511 227 3550 ne
243 3489 306 3550 talc
328 3489 497 3550 admittere
514 3499 728 3572 praesumant.
770 3487 957 3548 Direximus
974 3486 1050 3547 sunt
1069 3485 1129 3546 tibi
1145 3485 1326 3547 Institutio·

185 3573 236 3634 nis
253 3572 433 3634 formulam
449 3593 547 3653 quam
566 3571 712 3632 eiusdem
730 3570 811 3632 sacri
831 3568 974 3631 Concilii
992 3589 1050 3650 par
1064 3589 1242 3630 consensus
1255 3586 1325 3649 par·

184 3676 249 3737 que
273 3654 416 3718 studium
432 3676 472 3714 ex
500 3662 686 3716 sanctorum
704 3655 838 3714 Patrum
860 3651 953 3713 dictis
974 3651 1173 3712 enucleatim
1188 3671 1324 3730 excerp·

183 3737 237 3816 sit,
256 3747 289 3800 et
314 3737 521 3798 castimoniae
543 3737 656 3798 dicatis
675 3737 709 3795 in
733 3757 798 3796 nna
819 3734 970 3796 societate
995 3733 1153 3794 canonice
1175 3733 1324 3816 degenti-

144 3869 147 3874 .
181 3821 244 3882 bus
264 3820 496 3882 observandam
511 3819 630 3880 statuit.
673 3821 777 3896 Quam
796 3819 946 3879 volumus
962 3817 979 3876 d
995 3825 1026 3876 te
1043 3816 1112 3877 sive
1129 3817 1224 3877 istuis
1239 3835 1324 3876 com·

182 3901 438 3986 provincialibus
452 3902 620 3984 Episcopis
634 3899 774 3963 studiosis
793 3901 903 3962 iubere
919 3899 1100 3976 transcribi,
1119 3907 1152 3960 et
1168 3905 1324 3958 monaste·

182 3987 240 4048 riis
257 3984 459 4068 puellaribus
477 3985 509 4044 in
528 3993 582 4044 tua
600 3983 741 4045 dioecesi
762 3979 1026 4056 consistentibus,
1048 3982 1081 4040 in
1103 3981 1223 4062 quibus
1239 3979 1324 4042 scili-

182 4077 235 4130 cet
253 4067 408 4130 canonica
425 4066 557 4143 vivitur,
572 4067 747 4126 tenendam
761 4065 915 4140 conferri,
937 4063 1143 4145 qualiterque
1163 4064 1203 4123 ab
1222 4061 1324 4122 Abba·

181 4153 265 4214 tissis
286 4159 318 4212 et
338 4149 473 4210 caeteris
491 4152 608 4210 sanctis
631 4148 827 4209 Monialibus
844 4143 1083 4227 religiosissime
1102 4167 1138 4206 ac
1159 4145 1324 4206 devotissi-

181 4234 233 4294 me
256 4231 419 4294 observari
439 4231 574 4310 debeat,
601 4229 797 4314 apertissime
821 4227 1002 4318 perdoceri.
1046 4229 1231 4309 Quoniam,
1262 4223 1324 4290 nisi
