2958 4986
248 293 400 387 n.c1ia.'
498 320 635 388 annun
654 315 894 386 ananconnn
998 325 1061 390 roo.
1176 306 1247 384 125

100 471 170 548 fae,
199 469 283 552 Regi
315 469 523 548 Marciorum,
548 469 694 532 salntem.
748 468 859 530 Primo
887 468 1004 551 gratias
1032 466 1249 552 omnipotenti

100 547 177 612 'Deo
196 553 319 634 agimus
342 551 382 614 de
414 551 591 615 catholicae
620 551 697 616 fidei
726 551 911 614 sinceritate
941 573 1039 635 quam
1060 551 1095 614 in
1132 551 1248 614 vestris

102 635 318 696 laudabiliter
336 635 463 718 paginis
483 635 665 718 reperimus
687 643 856 697 exaratam.
898 637 948 696 De
961 634 1144 718 peregrinis
1156 656 1249 714 vero,

102 717 165 798 qui
178 740 238 802 pro
254 737 362 778 amore
383 717 445 780 Dei
466 727 499 781 et
513 718 617 780 salute
640 717 820 780 animarum
833 740 964 780 suarum
978 719 1147 782 beatorum
1159 717 1250 801 Apo·

103 799 265 860 stolorum
288 800 401 860 limina
427 801 614 872 desiderant
641 799 743 880 adire,
759 823 833 864 cum
858 824 938 884 pace
967 801 1038 864 sine
1062 801 1151 862 omni
1177 821 1251 883 per-

103 881 292 944 turbatione
311 883 439 945 vadant.
484 883 550 945 Sed
569 883 596 944 si
613 883 715 965 aliqui
736 906 802 945 non
818 883 972 968 ¹religioni
984 883 1177 955 servientes,
1192 883 1250 945 sed

105 965 237 1026 lucrum
258 975 427 1044 sectantes,
450 966 611 1028 intereos
631 965 854 1045 inveniantur,
867 968 948 1030 locis
964 967 1157 1050 opportunis
1183 975 1249 1028 sta-

107 1057 179 1116 tuta
207 1050 335 1112 solvant
359 1048 500 1110 telonea.
547 1049 771 1132 Negotiatores
806 1052 938 1134 qnoque
965 1051 1116 1114 volumus
1144 1057 1180 1110 ut
1208 1070 1250 1110 ex

107 1131 259 1192 mandato
277 1141 386 1192 nostro
406 1131 624 1214 patrocinium
645 1132 786 1195 habeant
812 1133 846 1193 in
870 1155 973 1218 regno
1005 1142 1116 1194 nostro
1143 1131 1250 1214 legiti-

107 1213 171 1274 me.
212 1217 253 1276 Et
280 1213 305 1274 si
331 1213 447 1296 aliquo
462 1215 537 1276 loco
561 1213 682 1276 iniusta
705 1205 887 1299 affligantur
908 1215 1250 1300 oppressIone,recla-

106 1303 199 1356 ment
220 1319 253 1358 se
284 1297 326 1358 ad
359 1317 417 1358 nos
446 1299 501 1360 vel
529 1308 653 1360 nostros
683 1299 821 1378 ludices,
844 1309 876 1362 et
907 1303 1039 1384 plenam
1066 1297 1249 1360 iubebimus

107 1377 266 1440 iustitiam
293 1378 373 1440 fieri.
417 1381 598 1464 Cognoscat
630 1382 762 1464 qnoque
796 1381 930 1446 dilectio
956 1392 1063 1446 vestra
1082 1379 1249 1463 quodfnli-

106 1483 206 1542 quam
224 1462 460 1546 benignitatem
491 1464 531 1524 de
556 1463 734 1526 dalmaticis
766 1468 883 1530 nostris
905 1467 959 1530 vel
984 1463 1093 1548 palliis
1119 1464 1160 1524 ad
1180 1463 1249 1526 sin-

106 1549 200 1628 gulas
230 1549 321 1609 sedes
354 1545 551 1630 episcopales
578 1547 672 1630 regni
706 1547 807 1611 vestri
832 1551 885 1611 vel
914 1547 1100 1611 Ethelfredi
1125 1546 1249 1609 direxi-

106 1653 181 1690 mus
203 1630 250 1689 *in
285 1631 523 1712 eleemosynam
554 1629 674 1692 Domni
699 1629 877 1714 Apostolici
903 1629 1086 1708 Hadriani,
1130 1630 1249 1713 deprc-

107 1722 219 1773 cantes
252 1722 289 1772 ut
322 1732 382 1794 pro
412 1733 451 1772 eo
478 1711 641 1775 intercedi
675 1711 824 1793 iubentis,
852 1715 978 1777 nullam
1006 1711 1163 1776 babentes
1191 1713 1250 1774 du·

106 1795 297 1856 bitationem
316 1795 442 1856 beatam
464 1795 554 1856 illius
570 1795 710 1857 animam
731 1797 766 1856 in
784 1799 900 1880 requie
918 1819 998 1876 esse,
1012 1796 1070 1858 sed
1086 1797 1131 1856 ud
1150 1795 1249 1856 fidem

108 1887 141 1937 et
164 1878 374 1939 dilectionem
404 1879 608 1942 ostendamus
628 1879 663 1939 in
690 1880 828 1941 amicutn
862 1891 1009 1944 nostrum
1038 1879 1249 1941 carissimum.

107 1960 227 2022 Sedet
251 1961 291 2022 de
309 1959 460 2024 thesauro
480 1961 695 2024 humanarum
720 1984 841 2042 rerum,
863 1987 962 2047 quem
988 1961 1149 2026 Dominus
1173 1964 1249 2023 lesu

108 2041 671 2126 nobisgratuitapietateconcessit,
689 2045 815 2128 aliquid
828 2069 887 2130 per
904 2045 1167 2131 metropolitanas
1197 2046 1247 2106 oi·
1282 2080 1284 2084 ·

108 2126 224 2186 vitatas
243 2125 431 2188 direximus.
473 2129 609 2192 Vestrae
624 2131 756 2212 quoque
776 2129 946 2193 dilectioni
959 2151 1063 2192 unum
1079 2127 1249 2191 baltheum

109 2217 142 2268 et
160 2231 262 2272 unum
276 2209 422 2294 gladium
437 2211 627 2292 Hnnisc'um,
649 2221 681 2274 et
694 2213 759 2274 duo
772 2213 872 2298 pallia
893 2216 1006 2278 serica.
1027 2283 1029 2288 ,

104 2449 145 2510 ll.
175 2448 398 2529 Presbyterum
419 2449 561 2518 Scottum
579 2425 758 2515 accusatum
775 2452 874 2512 mittit
902 2452 936 2512 in
958 2453 1118 2536 patrium,
1148 2464 1181 2512 ut
1201 2452 1249 2514 ibi

452 2537 491 2597 ab
506 2533 666 2620 Episcopo
682 2555 738 2595 suo
759 2533 928 2596 iudicetur.
1013 2589 1018 2598 .

187 2697 350 2776 Kaaonus,
367 2700 467 2784 gratia
490 2699 552 2760 Dei
573 2701 643 2762 Rex
659 2701 872 2779 Francorum,
890 2708 923 2761 et
939 2701 1102 2763 Defensor
1117 2711 1246 2764 sanctae

101 2778 165 2842 Dei
184 2779 364 2860 Ecclesiae,
383 2782 504 2844 dilecto
532 2781 629 2843 fratri·
653 2791 687 2844 et
712 2782 815 2844 amico
846 2783 950 2855 Offae,
978 2785 1071 2867 Regi,
1100 2785 1247 2867 salutem.

101 2863 276 2959 Presbyter
294 2865 354 2926 iste
377 2875 409 2928 et
430 2867 557 2928 Scottus
580 2865 666 2947 apud
684 2887 741 2926 nos
759 2877 900 2928 moratus
925 2874 972 2926 est
985 2866 1154 2949 aliquanto
1168 2878 1248 2928 tem·

148 2967 183 3006 re
200 2969 235 3006 1n
252 2947 405 3028 parochia
422 2948 622 3027 Hildeboldi‚
645 2947 850 3012 coloniensis
862 2948 1031 3032 Episcopi;
1054 2951 1111 3012 sed
1131 2972 1247 3034 repre·⁸

103 2969 277 3103 liiinsibilis
290 3031 407 3110 factus,
425 3040 462 3092 ut
482 3032 627 3110 fortuna
640 3031 782 3112 quodam
802 3042 998 3109 accusatore,
1011 3033 1099 3114 qnod
1116 3055 1248 3094 carnem

105 3111 222 3174 diebus
238 3113 567 3197 quadragesimalibus
583 3113 783 3176 comedisset.
824 3114 933 3176 Nostri
952 3135 1031 3176 vero
1056 3116 1246 3178 Sacerdotes

104 3195 252 3256 iudicare
271 3205 465 3275 rennerunt,
477 3197 554 3279 quia
570 3199 705 3282 plenum
722 3197 943 3281 testimoninm
962 3201 1183 3260 accusantium
1197 3222 1248 3260 su-

103 3299 166 3350 per
181 3300 256 3338 eum
272 3301 338 3340 non
356 3281 565 3342 invenerunt.
608 3281 731 3340 Tamen
753 3301 814 3340 nec
837 3301 911 3342 eum
925 3281 998 3356 lopo
1013 3291 1174 3344 'consueto
1192 3281 1248 3342 ha·

104 3360 271 3422 bitationis
290 3384 367 3424 suae
410 3372 522 3446 ropter
542 3361 707 3424 infamiam
723 3361 831 3426 diutile
861 3362 977 3424 morari
1007 3363 1246 3458 permiserunt;

104 3465 148 3504 ne
165 3444 371 3508 sacerdotalis
387 3385 495 3508 lionor
515 3447 602 3529 apud
623 3445 809 3528 imperitum
834 3445 953 3528 vulgus
985 3447 1167 3525 vilesceret,
1193 3447 1247 3508 vel

103 3526 267 3608 rumigeri
278 3527 411 3610 loquelai
433 3529 535 3610 aliqui
551 3529 762 3590 hortarentur
771 3529 893 3594 violare
911 3537 1059 3589 sanctum
1075 3529 1248 3590 ieiunium.
1358 3547 1362 3552 ’

105 3609 223 3674 Visum
242 3619 290 3672 est
311 3612 429 3674 nostris
444 3611 674 3674 Sacerdotibus
694 3611 788 3670 illum
810 3612 851 3672 ad
870 3611 920 3672 sui
935 3611 1099 3695 Episcopi,
1112 3612 1168 3672 ubi
1176 3615 1247 3674 Deo

106 3694 324 3772 votumfecit,
341 3695 482 3778 dirigere
505 3695 673 3756 iudicium.
716 3694 843 3755 Idcirco
870 3703 1010 3756 vestram
1033 3694 1248 3776 deprecamur

104 3774 346 3859 providentiam
364 3788 400 3838 ut
415 3777 551 3840 iubentis
562 3777 657 3838 illurn
673 3776 854 3838 secundum
874 3775 1149 3860 opportunitatem
1163 3789 1248 3840 tem-

30 3853 40 3872 *
62 3877 71 3912 c
104 3857 194 3942 poris
214 3867 248 3918 et
263 3861 475 3942 protectionis
491 3861 526 3921 in
550 3881 640 3921 snam
653 3869 864 3942 transponere
883 3861 1030 3942 patriam,
1040 3868 1077 3919 ut
1099 3859 1144 3920 ibi
1163 3861 1249 3922 iudi-

105 3949 200 4002 cetur
216 3939 304 4006 unde
328 3943 442 4006 exivit.
490 3945 573 4005 Nam
598 3943 643 4004 ihi
667 3944 799 4038 quoqne
823 3951 951 4003 sanctae
983 3941 1047 4005 Dei
1079 3942 1247 4007 Ecclesiae
1299 3943 1303 3958 ‘

40 4027 42 4031 '
103 4023 229 4107 puritas
248 4023 282 4086 in
302 4027 446 4089 moribus
466 4034 497 4089 et
513 4026 645 4088 firmitas
672 4047 706 4085 nr
729 4025 806 4102 fide,
828 4025 1026 4087 'ethonestas
1052 4023 1086 4085 in
1111 4047 1248 4089 convers

104 4106 241 4184 satione,
263 4109 445 4172 secundum
462 4109 651 4174 canonicam
672 4108 873 4171 sanctionem
895 4107 1246 4192 diligenterobserra-

104 4190 133 4250 ri
153 4189 285 4252 debebit
294 4218 303 4264 ;
325 4202 362 4254 nt
391 4215 467 4272 una,
496 4192 651 4278 perfecta,
679 4201 711 4252 et
737 4191 939 4253 immaculata
959 4191 1119 4270 columba,
1152 4193 1251 4256 cuiue

65 4349 68 4356 .
103 4293 232 4355 pennae
251 4277 490 4361 deargentatae,
513 4287 546 4339 et
569 4277 747 4364 posteriora
765 4273 835 4340 eius
850 4275 885 4338 in
904 4275 1012 4361 specie
1037 4276 1106 4336 auri
1125 4277 1246 4340 clares-
