2958 4986
290 347 326 401 a,
345 345 470 424 cua⁸⁴
540 340 677 404 noenu
695 341 933 402 rnanconnu
1035 343 1101 406 eoa
1197 322 1269 398 loe

124 489 230 550 hensa
248 497 339 566 suut,
355 508 434 564 non,
449 494 487 550 ut
501 485 595 548 multi
612 507 716 583 usque
736 505 825 548 nunc
848 481 1128 560 existimaverunt,
1148 495 1276 547 tantum

125 570 318 634 fidelitatem
333 570 666 653 Domnolmperat0r1
685 589 789 651 nsque
811 569 845 628 in
862 567 928 630 vita
947 567 1061 651 ipsius,
1084 574 1117 628 et
1138 589 1180 630 ne
1211 569 1273 630 ali-

125 675 229 736 quem
250 653 422 715 inimicum
438 652 473 712 in
502 674 598 716 suum
618 673 756 736 regnum
781 673 876 712 causa
902 648 1092 712 inimicitiae
1124 649 1274 724 inducat3

127 747 163 799 et
183 757 224 796 nc
245 735 343 796 alicui
363 735 555 798 infidelitate
576 735 666 798 illius
683 734 890 797 consentiant
905 743 960 794 aut
975 731 1120 810 retaciat,
1148 734 1205 796 sed
1238 744 1275 796 ut

127 819 234 882 sciant
253 840 365 881 omnes
378 819 448 896 (ista
461 818 702 881 miserationem
711 827 750 892 a)
764 817 827 878 hoc
844 825 1080 880 sacramentum
1100 815 1232 880 hahere.

145 971 148 984 .
218 925 261 986 Ut
283 927 494 1010 uuusquisque
512 947 544 986 se
556 927 589 986 in
607 923 740 986 servitio
759 923 823 984 Dei
848 941 1038 986 conservare
1057 922 1193 993 studeat.

213 1033 271 1094 Ill.
313 1033 442 1094 Placuit
465 1041 501 1094 ut
528 1031 755 1114 unusquisque
789 1051 830 1092 ex
857 1051 996 1114 persona
1017 1030 1149 1116 propria
1177 1053 1210 1094 se
1240 1032 1275 1093 in

129 1125 244 1178 sancto
264 1116 327 1177 Dei
346 1116 490 1194 servitio,
509 1115 689 1177 secundum
711 1113 773 1174 Dei
798 1121 1008 1196 praeceptum
1038 1122 1070 1173 et
1095 1115 1278 1176 secundum

130 1199 341 1282 sponsionem
362 1221 463 1276 suam,
480 1197 624 1282 pleniter
642 1217 834 1259 conservare
866 1196 995 1258 studeat
1021 1197 1202 1258 secundnm
1228 1198 1277 1258 in-

131 1282 304 1343 tellectum
330 1291 364 1344 et
386 1283 472 1345 vires
503 1303 592 1352 suas;
615 1281 693 1363 quia
727 1279 795 1361 ipse
823 1281 971 1340 Domuus
997 1277 1178 1364 Imperator
1209 1295 1276 1342 non

133 1365 287 1426 omuibus
314 1364 524 1450 singulariter
554 1361 768 1426 neeessariam
794 1371 900 1447 potest
925 1361 1079 1425 exhibere
1107 1377 1218 1426 curam
1244 1372 1277 1425 et

133 1447 353 1532 disciplinam.

500 1531 549 1590 De
572 1531 727 1614 periuriis
753 1526 915 1589 cavendis.

219 1613 275 1675 tv.
318 1613 481 1693 Secundo,
505 1621 541 1674 nt
562 1613 675 1674 nullus
692 1611 790 1672 homo
812 1631 921 1693 neque
942 1631 1017 1672 cnm
1046 1609 1187 1694 periurls
1216 1629 1278 1673 ne·-

133 1717 202 1778 que
221 1695 292 1756 aliis
316 1695 386 1757 ullo
403 1696 536 1779 ingenio
557 1697 611 1757 vel
636 1695 763 1774 fraude,
780 1714 840 1778 per
859 1693 982 1755 nullius
998 1713 1143 1776 unquam
1168 1693 1282 1755 adola-

133 1779 263 1840 tionem
284 1779 336 1839 vel
358 1778 549 1862 praemium,
570 1799 677 1862 neque
695 1799 825 1840 servum
843 1777 964 1838 Domni
978 1769 1197 1860 Imperatoris,
1224 1794 1280 1836 ne·

134 1883 202 1944 que
219 1861 405 1940 terminum,
424 1883 531 1945 neque
550 1870 680 1939 terram,
698 1859 849 1942 nihilque
869 1859 958 1942 quod
985 1859 1056 1920 iure
1085 1859 1280 1942 potestativo

133 1952 336 2028 permaneat,
359 1945 547 2008 nullatenus
569 1944 783 2020 contradicat,
807 1963 914 2024 neque
943 1941 1129 2004 abstrahere
1164 1941 1283 2002 audeat

135 2023 191 2088 vel
205 2027 321 2087 celare.
364 2029 407 2088 Et
422 2035 459 2088 ut
479 2047 575 2089 nemo
592 2027 747 2110 fugitivos
766 2025 890 2088 fiscales
907 2047 993 2106 suos,
1018 2023 1075 2108 qui
1099 2045 1133 2086 se
1158 2023 1281 2084 iniuste

137 2118 173 2174 et
196 2131 271 2170 oum
291 2109 406 2172 fraude
433 2111 553 2173 liberos
575 2111 700 2188 dieunt,
722 2110 829 2170 celare
856 2131 965 2192 neque
994 2105 1181 2170 abstrahere
1207 2125 1282 2168 cum

135 2191 286 2278 periurio
307 2192 360 2256 rel
378 2193 442 2255 alio
466 2194 593 2256 inienio
611 2200 803 2278 praesumat.

305 2301 354 2361 De
374 2299 541 2374 Ecclesiis,
559 2300 682 2373 viduis,
700 2301 867 2384 orphanis,
884 2310 915 2358 et
926 2298 1116 2383 peregrinis.

222 2409 264 2471 V.
306 2410 350 2469 Ut
363 2407 482 2469 sanctis
502 2405 660 2469 Ecclesiis
682 2406 756 2483 Dei,
777 2427 884 2488 neque
902 2404 1020 2482 viduis,
1044 2425 1151 2486 neque
1171 2402 1285 2486 orpha·

138 2491 204 2568 uis,
221 2512 328 2574 neque
345 2489 528 2574 peregrinis
543 2489 691 2551 fraudem
709 2489 761 2551 rel
783 2489 932 2571 rapinam
961 2489 1014 2550 rel
1042 2486 1168 2568 aliquid
1192 2486 1282 2550 iniu-

137 2573 210 2636 riae
225 2575 297 2655 quis
311 2575 418 2635 facere
434 2581 632 2656 praesumat;
656 2571 733 2654 quia
748 2571 816 2656 ipse
837 2575 983 2634 Domnus
1001 2571 1190 2652 Imperator,
1213 2577 1285 2651 post

137 2656 274 2718 Domini
291 2665 324 2718 et
340 2658 534 2718 Sanctorum
552 2655 633 2733 eius,
652 2677 792 2738 quorum
819 2663 853 2718 et
875 2660 1043 2739 protector
1074 2661 1107 2713 et
1130 2654 1285 2716 defensor

139 2760 211 2802 esse
230 2739 431 2802 constitutus
456 2748 513 2801 est.

270 2845 313 2907 Ut
333 2843 522 2930 beneficium
541 2845 660 2906 Domni
682 2844 890 2926 Imperatoris
906 2864 997 2905 nemo
1015 2841 1161 2904 decertet.

154 2961 156 2966 '
225 2952 282 3015 Vl.
325 2955 369 3014 Ut
394 2951 592 3014 beneficium
613 2950 734 3012 Domni
766 2949 974 3046 Imperatoris
999 2949 1163 3012 desertare
1191 2969 1286 3015 nemo

141 3036 273 3115 audeat,
300 3035 466 3121 propriam
481 3057 571 3097 suam
587 3034 706 3096 exinde
725 3040 934 3096 constituere.

537 3143 586 3202 De
610 3142 699 3202 hoste
721 3127 890 3224 pergendi.

221 3243 301 3313 Vll.
343 3250 388 3309 Ut
403 3247 522 3310 hostile
541 3247 688 3308 bannum
713 3247 834 3308 Domni
855 3247 1063 3329 Imperatoris
1084 3270 1180 3310 nemo
1193 3271 1289 3332 prae-

141 3332 328 3393 termittere
356 3339 549 3415 praesumat,
585 3331 761 3412 nullusque
786 3332 902 3392 Comes
925 3337 991 3388 tam
1014 3334 1290 3414 praesumptiosus
1364 3351 1366 3357 ·

143 3415 189 3478 sit
210 3423 247 3475 ut
263 3414 357 3475 illum
373 3416 413 3476 de
435 3415 485 3476 his
502 3413 559 3496 qui
573 3413 700 3474 hostem
714 3415 822 3474 facere
844 3409 946 3474 debiti
974 3422 1062 3490 suut,
1090 3415 1211 3475 exinde
1237 3415 1290 3477 vel

145 3498 256 3580 aliqua
278 3497 534 3580 propinquitatis
551 3495 786 3574 defensionem,
800 3495 853 3558 vel
867 3495 959 3556 cuius
974 3495 1119 3558 muueris
1135 3497 1292 3558 adolatio-

145 3599 224 3640 nem
245 3579 410 3640 dimittere
426 3580 578 3642 audeant.

194 3661 237 3723 Ut
256 3663 391 3724 bannum
408 3662 527 3724 Domni
542 3662 749 3744 Imperatoris
764 3671 818 3720 aut
847 3679 972 3720 censum
995 3679 1086 3722 nemo
1101 3665 1251 3724 :marrire

660 3754 826 3802 raesumat.

230 3822 324 3887 VllI.
383 3828 427 3887 Ut
444 3825 570 3886 nullum
591 3765 736 3885 barinum
749 3825 801 3886 vel
820 3831 1029 3906 praeceptum
1045 3823 1166 3885 Domni
1192 3824 1296 3908 Impe-

144 3907 265 3971 ratoris
282 3909 394 3970 nullus
425 3909 558 3970 omnino
582 3908 615 3966 in
629 3907 722 3967 nullo
740 3909 872 3968 marrire
885 3914 1081 3990 praesumat,
1097 3927 1205 3988 neque
1216 3923 1295 3990 opus
1401 3964 1404 3968 .

147 3992 218 4053 eius
234 3992 366 4053 stricare
388 3993 441 4054 vel
473 3990 642 4074 impedire,
656 3990 708 4050 vel
726 3989 890 4065 minuere,
908 3989 959 4051 vel
972 3988 1006 4047 in
1025 3988 1088 4050 alio
1114 3990 1296 4050 contrarius

146 4075 219 4136 lieri
237 4074 400 4134 voluntati
422 4074 474 4136 vel
496 4071 685 4156 praeceptis
705 4071 785 4134 eius.
815 4073 858 4137 Et
878 4081 915 4133 ut
929 4090 1024 4136 nemo
1039 4071 1186 4136 debitum
1203 4093 1297 4136 suum

148 4157 203 4219 vel
225 4179 358 4218 censum
378 4157 513 4218 marrire
532 4178 626 4218 ausus
647 4156 699 4218 sit.

146 4265 388 4286 m

186 4322 221 4378 a)
239 4312 319 4368 Forte
336 4313 530 4382 legendistam
549 4314 580 4364 in
596 4328 624 4366 se
643 4310 787 4370 rationem,
842 4365 844 4370 .
865 4366 870 4378 Ὗ
