2958 4986
291 371 433 431 acan.
537 367 676 429 aenan
695 368 934 431 rnanconun
1039 375 1101 432 sos.
1217 361 1284 434 181

148 511 202 578 25.
227 513 270 575 Ut
288 515 384 574 Missi
401 510 562 577 adducant
580 514 691 575 breves
744 533 793 597 27.
817 515 866 575 De
890 513 1063 602 prudentia
1090 529 1120 578 et
1146 535 1289 583 constan·

233 596 273 656 de
293 618 396 680 opere.
827 599 871 658 tio
889 601 1072 661 Missorum.

147 679 200 741 26.
223 681 272 739 De
287 701 376 740 mora
392 681 565 742 Missorom
586 679 691 740 domi·
744 682 793 745 28.
815 681 864 741 De
876 680 974 764 salsis
991 687 1185 745 monetariis.

231 765 376 823 nicarum
393 765 427 823 in
451 765 529 826 locis
550 784 625 824 snae
644 765 691 822 le·
743 785 792 847 29.
814 765 864 824 De
879 765 1020 844 generali
1028 766 1147 847 placito
1164 768 1289 830 adMa-

228 847 374 926 gationis.
683 861 684 864 ’
822 849 961 927 gantiam
976 849 1044 907 sive
1067 847 1269 914 Cabillonem.

248 963 410 1026 Iacrrrmr
433 981 657 1026 sorarscarrrs
684 964 846 1026 Carreum
873 985 911 1027 ar
932 985 1038 1026 ιοιιιιι
1062 983 1188 1026 cerrus.

473 1105 477 1112 ¹
491 1080 540 1140 De
554 1078 707 1141 Ecclesiis
733 1076 948 1141 emendandis.

232 1185 258 1244 1.
300 1185 349 1247 De
367 1185 523 1250 Ecclesiis
538 1187 761 1266 emendandis,
784 1197 816 1250 et
842 1187 898 1247 ubi
925 1188 959 1248 iu
990 1208 1056 1247 uno
1083 1185 1288 1281 locoplures

136 1267 274 1350 ,fuerint
289 1281 385 1350 quam
405 1290 536 1332 necesse
554 1271 606 1346 sit,
621 1281 657 1331 ut
676 1272 883 1332 destruantur
904 1291 988 1354 quac
1008 1290 1206 1332 necessarum
1221 1293 1287 1334 non

150 1360 239 1427 sunt,
266 1361 298 1412 et
314 1353 395 1412 aliae
418 1362 657 1414 construantur.

191 1459 240 1516 De
254 1458 457 1520 ordinatione
474 1460 744 1536 Presbyterorum.
787 1459 830 1522 Et
851 1459 891 1520 de
913 1463 1245 1522 excommunicatione.

233 1566 275 1624 Π.
318 1569 360 1626 Ut
378 1565 562 1649 Presbyteri
582 1589 647 1627 non
670 1567 864 1627 ordinentur
881 1567 1069 1649 priusquirm
1097 1567 1288 1628 examinen-

149 1658 214 1788 iim·
256 1649 299 1708 Et
326 1659 362 1710 ut
383 1649 734 1712 excommunicationes
760 1660 788 1722 s)
811 1651 927 1734 passim
951 1661 984 1712 et
1008 1650 1078 1720 sine
1102 1673 1197 1710 causa
1221 1672 1287 1710 non

179 1739 242 1790 ant.

46 1817 49 1824 ‘
150 1814 201 1872 De
217 1813 393 1887 Scabineis,
412 1815 600 1888 Advocatis,
624 1817 767 1877 Notariis
783 1817 920 1878 tMissis
937 1815 1106 1878 dominicis
1124 1813 1288 1894 eligendis.

233 1919 309 1980 ΠΙ..
335 1923 377 1981 Ut
392 1919 481 1982 Missi
503 1921 605 1983 nostri
629 1921 809 1998 Scahinios,
834 1922 1028 1998 advocatos,
1061 1922 1209 1982 Notarios
1230 1941 1288 2000 per

151 2000 281 2082 singula
296 2003 367 2064 loca
381 2003 521 2085 eligaut;
544 2013 577 2065 et
591 2025 702 2065 eorum
721 2005 862 2084 nomina,
874 2004 1003 2089 quando
1017 2005 1137 2065 reversi
1152 2004 1288 2080 fuerint,

151 2105 262 2146 secum
277 2086 396 2168 scripta
413 2087 572 2147 deferant.

372 2194 421 2254 De
444 2194 509 2254 illis
530 2196 586 2278 qui
600 2194 698 2276 legem
720 2215 848 2257 servare
871 2209 1080 2259 contemnunt.

234 2305 291 2366 lv.
332 2304 383 2364 De
398 2303 464 2366 illis
481 2304 539 2386 qui
556 2306 662 2388 legem
676 2326 804 2367 servare
821 2304 1119 2386 contempserintt),
1131 2313 1165 2362 ut
1178 2323 1236 2385 per
1249 2302 1287 2360 fi-

152 2386 336 2449 deiussores
355 2385 394 2446 ad
410 2389 625 2471 praesentiam
648 2389 744 2471 Regis
764 2387 977 2449 deducantur.

464 2497 514 2557 De
544 2498 797 2558 heribannatoris
816 2497 967 2556 coniecto.

234 2605 273 2665 V.
317 2607 360 2664 Ut
372 2605 422 2667 illi
434 2607 492 2689 qui
511 2605 728 2668 heribannum
742 2605 869 2668 solvere
887 2601 1018 2680 debent,
1038 2603 1287 2682 coniectumfa·
1358 2608 1359 2614 ’

149 2687 240 2748 ciant
261 2687 301 2747 ad
318 2686 610 2750 heribannatorem.

483 2795 533 2855 De
550 2793 703 2877 fugitivis
730 2815 767 2854 ac
791 2793 977 2877 peregrinis.

232 2903 289 2961 VI.
332 2903 381 2962 De
403 2902 548 2984 fugitivis
572 2925 608 2964 ac
624 2902 817 2984 peregrinis,
839 2907 876 2958 ut
891 2897 1137 2984 distringantur,
1155 2901 1285 2963 utseire

147 2983 307 3067 possimus
331 2984 390 3064 qui
413 2985 479 3047 sint
494 2995 549 3046 aut
566 2986 654 3046 unde
668 2985 830 3046 venerint.

299 3091 340 3152 Ut
358 3094 457 3171 bauga
478 3106 508 3153 et
523 3093 651 3155 bruniae
668 3090 859 3154 mandentur
876 3091 1141 3172 negotiatoribus..

127 3249 133 3261 .
232 3199 306 3261 VII.
348 3201 391 3259 Ut
411 3200 515 3281 bauga
533 3209 566 3261 et
582 3199 714 3260 brunias
734 3219 800 3258 non
820 3199 900 3259 dent
915 3197 1177 3281 negotiatoribus.

447 3307 498 3366 De
515 3308 682 3376 mensuris,
699 3317 734 3364 ut
749 3305 895 3386 aequales
912 3306 984 3364 sint.

232 3415 322 3476 VIII.
363 3411 411 3472 De
439 3411 599 3474 mensuris
623 3419 659 3469 ut
684 3408 864 3491 secuudum
889 3407 1065 3471 iussionem
1086 3418 1228 3470 nostram
1253 3420 1286 3483 a)

148 3497 299 3578 aequales
323 3494 410 3554 fiant.

470 3575 519 3636 De
541 3577 697 3637 vestitura
717 3576 849 3658 Pippini
862 3575 964 3653 Regis.

228 3684 287 3747 IX.
330 3689 373 3746 Ut
386 3707 451 3745 non
471 3685 640 3746 mittantur
656 3685 840 3746 testimonia
860 3705 958 3767 super
974 3683 1160 3744 vestituram
1182 3685 1283 3744 Dom-

149 3767 182 3826 ni
204 3769 335 3853 Pippini
358 3770 464 3850 Regis.

506 3851 555 3910 Dc
580 3851 699 3911 colonis
720 3864 750 3909 et
773 3847 948 3945 fiscalinis.

231 3933 274 3995 X.
316 3938 360 3996 Ut
374 3956 433 3997 nec
454 3932 590 3995 colonus
603 3955 664 3995 nec
683 3933 845 3995 liscahnus
858 3933 983 4016 possint
997 3931 1117 3994 alicubi
1133 3930 1284 3992 traditio-

149 4039 206 4078 nes
230 4019 398 4096 facerem).
456 4023 460 4028 '
641 4027 644 4034 '

182 4182 210 4231 s)
229 4175 262 4224 al.
280 4187 339 4226 mss.
350 4170 684 4242 excommunicatio-fiat.
771 4177 805 4236 n)
822 4172 855 4222 al.
872 4189 930 4222 mss.
949 4145 1133 4240 Imperium-is.-

173 4253 208 4311 t)
226 4246 259 4295 at.
286 4262 345 4296 mas.
383 4245 593 4312 consenserint,·
630 4260 688 4295 non
773 4249 808 4308 ay
835 4242 868 4293 ul.
897 4261 943 4295 ms.
965 4243 997 4295 llt
1026 4260 1074 4296 nec
1107 4239 1285 4294 coronasset

218 4326 420 4370 caritenserunt.
