2920 4972
212 315 258 385 16
427 332 568 388 ncne
677 333 934 390 carnotinus
1045 337 1107 399 esa.

340 553 645 618 DAGOBERTI
687 555 836 660 REGIS
881 559 1208 625 PRAECEPTUM

224 674 545 819 wiblisbpcltt
568 676 769 816 dignitate
795 710 993 801 Gadarene
1016 729 1141 822 urbis,
1169 732 1321 804 conlata

508 848 738 942 Desiderio,
780 850 1050 936 Thesaarario.

206 981 448 1116 Dseoneurns,
470 1039 539 1100 Rex
560 1040 771 1118 Francorum,
793 1039 962 1124 Episcopis
977 1050 1010 1103 et
1028 1043 1185 1124 Ducibus,
1208 1055 1346 1107 cuncto-

179 1183 182 1188 ,
204 1144 269 1204 que
291 1123 414 1206 populo
437 1122 617 1183 Galliarum
639 1122 757 1183 finibus
780 1124 967 1190 constitute.
1011 1126 1179 1189 Condecet
1200 1131 1346 1192 clemen-

203 1207 267 1267 tiae
288 1205 489 1287 principatus
512 1208 614 1286 nostri
636 1206 740 1287 sagaci
763 1206 968 1288 indagatione
989 1229 1200 1293 prosequere,
1223 1221 1256 1272 et
1274 1233 1346 1294 per-

164 1347 166 1352 ,
202 1289 295 1370 vigili
319 1309 396 1348 cura
418 1296 574 1364 tractare,
608 1297 643 1350 ut
674 1289 792 1349 electio
820 1289 872 1348 vel
898 1290 1066 1370 dispositio
1096 1303 1204 1356 nostra
1225 1295 1287 1356 Dei
1308 1293 1343 1353 in

204 1371 355 1435 omnihus
375 1370 535 1432 voluntati
559 1371 674 1432 debeat
695 1371 891 1433 concordare
899 1397 907 1443 ;
931 1383 963 1432 et
979 1374 1057 1434 dum
1079 1376 1171 1438 nohis
1192 1377 1344 1458 regiones

204 1464 237 1520 et
257 1475 358 1537 regna
379 1453 413 1512 in
437 1463 590 1535 potestate
612 1454 653 1514 ad
673 1455 853 1536 regendum
868 1455 1022 1538 largiente
1044 1459 1184 1519 Domino
1206 1481 1346 1521 noscun-

202 1549 258 1600 tur
270 1558 337 1598 esse
354 1537 513 1609 conlatae,
531 1537 597 1598 illis
612 1537 853 1598 committantur
863 1537 1035 1620 privilegia
1048 1540 1240 1623 dignitatum
1261 1563 1343 1626 quos

203 1621 271 1685 vita
292 1619 462 1682 laudabilis
485 1628 516 1680 et
538 1641 663 1680 morum
690 1621 831 1702 probitas
861 1620 914 1680 vel
947 1623 1169 1704 generositatis
1192 1625 1344 1686 nobilitas

206 1703 337 1765 attollit.
378 1703 422 1762 Et
442 1701 596 1784 quoniam
616 1701 723 1763 virum
745 1702 905 1763 illustrem
925 1703 1142 1784 Desideriurn,
1165 1705 1344 1768 Thesaura-

203 1788 290 1850 rium
312 1793 477 1863 nostrum,
500 1785 711 1867 cognorimus
739 1785 909 1867 religionis
938 1787 1174 1850 observantiam
1201 1789 1240 1849 ab
1272 1790 1343 1871 ipso

203 1869 363 1955 pueritiae
385 1890 460 1930 suae
482 1877 627 1949 ternpore
649 1869 683 1928 in
706 1869 854 1929 omnibus
876 1869 1060 1947 custodire,
1089 1881 1121 1932 et
1145 1871 1205 1933 sub
1228 1872 1342 1932 habitu

202 1951 341 2016 seculari
357 1950 477 2012 Christi
500 1952 637 2012 militem
659 1973 784 2032 gerere,
808 1973 844 2011 ac
866 1971 971 2014 mores
993 1953 1158 2035 angelicos
1181 1963 1214 2016 ct
1234 1949 1343 2016 sacer-

204 2036 344 2114 dotalem
366 2036 646 2100 conversationem
668 2033 804 2112 habere,
826 2039 864 2094 ut
889 2055 955 2096 non
977 2036 1082 2096 solum
1110 2037 1145 2096 in
1168 2037 1340 2122 contiguis,

201 2117 377 2181 sedetiam
398 2117 431 2175 in
454 2117 641 2200 longinquis
657 2118 739 2176 fama
759 2117 911 2178 bonitatis
933 2117 1002 2178 eius
1024 2119 1173 2202 evulgata
1194 2121 1341 2182 crebres-

201 2211 268 2279 cat,
297 2199 373 2260 ideo
405 2201 567 2261 credimus
595 2222 669 2260 eum
697 2201 810 2260 merito
835 2201 875 2260 ad
903 2201 1117 2262 sacerdotium
1146 2202 1337 2286 provehere,

201 2305 310 2368 quem,
322 2283 416 2344 sieut
431 2281 581 2359 diximus,
605 2283 725 2343 ornatis
748 2283 890 2343 moribus
911 2283 1057 2350 videmus
1079 2285 1198 2367 iugiter
1211 2285 1251 2346 ad
1266 2307 1338 2346 coe-

201 2370 315 2430 lestem
336 2365 470 2449 patriam
494 2365 658 2432 anhelare,
708 2367 749 2426 Et
771 2365 849 2425 dum
872 2365 993 2428 civium
1022 2366 1246 2450 Ahbatumque
1275 2369 1338 2428 Ca-

201 2451 379 2512 durcorum
398 2469 575 2510 consensus
596 2447 658 2508 hoc
687 2447 879 2510 omnimodis
908 2449 1054 2530 exposcit
1075 2459 1111 2510 ut
1141 2473 1216 2511 eum
1241 2449 1337 2532 Epis-

164 2599 167 2604 ,
201 2555 320 2614 copum
340 2531 492 2604 habeant,
517 2540 550 2592 et
573 2540 680 2591 nostra
701 2531 831 2592 devotio
854 2530 1004 2592 similiter
1023 2532 1196 2609 consentit,
1216 2532 1337 2613 absque

200 2616 302 2680 dubio
325 2614 485 2680 credimus
506 2613 568 2674 Dei
589 2623 672 2674 nutu
691 2614 726 2676 id
747 2613 835 2684 fieri;
865 2624 902 2674 ut
925 2614 1002 2676 dum
1023 2615 1097 2678 satis
1119 2615 1210 2676 nobis
1233 2624 1281 2675 est
1302 2615 1336 2674 in

199 2699 319 2782 palatio
341 2706 451 2772 nostro
474 2696 695 2773 necessarius,
723 2696 783 2778 ipsi
807 2697 899 2758 nobis
921 2697 1061 2778 quodam
1087 2697 1183 2758 modo
1208 2697 1336 2760 violen-

199 2781 279 2847 tiam
300 2782 487 2856 inleramas,
510 2791 542 2838 et
563 2800 637 2839 eum
656 2779 694 2840 ab
717 2779 855 2840 editibus
876 2780 1015 2862 propriis
1035 2779 1199 2864 profectui
1225 2779 1337 2860 publi-

200 2887 239 2927 co
258 2884 477 2948 procuremus.
520 2861 585 2922 Sed
606 2861 682 2922 dum
705 2861 807 2940 nobis,
830 2861 913 2924 sient
934 2862 1085 2940 diximus,
1108 2883 1183 2924 eum
1205 2863 1244 2923 ab
1264 2863 1335 2922 edi-

198 2948 284 3009 tibus
317 2945 435 3008 nostris
465 2945 657 3022 auferamus,
682 2945 858 3026 [quibus]
882 2945 1031 3027 regiones
1054 2955 1085 3006 et
1106 2967 1204 3028 regna
1227 2969 1244 3006 a
1264 2947 1335 3004 Deo

198 3041 276 3094 sunt
296 3028 484 3106 commissa,
506 3027 651 3108 quamvis
675 3027 767 3088 nobis
794 3027 969 3088 inferamus
1000 3029 1226 3112 dispendium,
1253 3027 1334 3087 tales

200 3113 354 3175 debemus
367 3131 541 3194 procurare
554 3119 696 3191 pastores
710 3109 766 3190 qui
783 3111 962 3170 secundum
976 3113 1081 3170 Deum
1097 3119 1129 3170 et
1142 3110 1231 3170 iuxta
1243 3131 1335 3190 apos-

198 3195 299 3258 tolica
323 3195 410 3255 dicta
431 3191 542 3274 plebes
570 3191 631 3252 sibi
655 3213 691 3252 ac
713 3193 810 3274 nobis
833 3193 1012 3254 commissas
1043 3193 1181 3253 debeant
1207 3213 1333 3272 regere,

116 3292 117 3298 ’
199 3279 287 3340 unde
303 3277 397 3338 nobis
409 3295 531 3336 merces
545 3273 682 3358 amplior
694 3276 1000 3358 possitadcrescere.
1023 3275 1241 3352 Quamobrem
1258 3275 1334 3334 iux-

200 3370 232 3422 ta
247 3359 365 3422 civium
381 3357 584 3440 petitionem,
605 3367 745 3420 nostram
763 3378 895 3439 quoque
913 3359 1163 3418 concordantem
1176 3357 1210 3418 in
1225 3355 1334 3416 omni-

196 3443 258 3507 bus
274 3444 487 3518 voluntatem,
509 3439 713 3502 decernimus
731 3461 767 3502 ac
785 3441 931 3502 iubemus
953 3448 1010 3516 ut,
1033 3439 1206 3500 adiuvante
1218 3439 1333 3499 Domi-

199 3548 254 3604 no,
276 3525 474 3586 adclamante
490 3522 619 3582 laudem
641 3522 740 3604 ipsius
754 3523 843 3584 clero
860 3525 910 3584 rel
932 3522 1065 3606 popule,
1087 3521 1142 3582 vir
1154 3521 1290 3583 illustris
1301 3529 1347 3590 et¹

198 3631 296 3673 verus
316 3607 380 3668 Dei
399 3605 506 3668 cultor
523 3605 713 3666 Desiderius
731 3605 884 3667 Pontifex
902 3606 935 3665 in
949 3603 1034 3670 ,urbe
1055 3604 1200 3666 Cadurca
1216 3603 1333 3666 debeat

196 3689 390 3766 consecrari,
413 3697 445 3750 et
466 3695 572 3748 nostra
591 3686 774 3770 civiumque
797 3687 1043 3770 voluntasquod
1058 3686 1246 3750 decrevitin
1261 3707 1332 3746 om-

130 3824 131 3828 ,
197 3775 304 3851 nibus,
322 3772 356 3832 in
368 3771 428 3832 Dei
440 3769 570 3830 nomine
586 3769 783 3848 perficiatur,
797 3770 1012 3853 etpontificali
1022 3767 1333 3830 benedictionesuh·

196 3857 338 3933 limetur,
355 3855 433 3916 dum
449 3851 545 3912 modo
564 3852 692 3912 Christo
705 3853 847 3936 propitio
860 3875 934 3914 vera
950 3852 1010 3914 hac
1025 3852 1185 3934 religione
1197 3851 1333 3934 profite-

196 3962 269 4000 mur
281 3936 446 4021 quodvita
460 3945 492 3996 et
503 3935 705 3996 conversatio
723 3935 793 3999 eius
812 3937 909 4019 digna
927 3945 959 3997 et
972 3935 1105 4018 probata
1117 3935 1155 3996 ab
1173 3933 1332 3996 universis

195 4022 344 4098 hahetur,
361 4018 395 4078 in
410 4027 535 4077 tantum
551 4025 588 4077 ut
604 4039 662 4099 pro
681 4017 773 4081 nobis
790 4028 822 4079 et
835 4041 894 4102 pro
912 4017 1070 4080 universis
1085 4016 1253 4078 ordinibus
1269 4016 1331 4076 Ec·

195 4105 311 4167 clesiae
325 4103 439 4164 debeat
448 4120 582 4161 exorare
593 4110 625 4160 et
633 4101 845 4182 acceptabiles
853 4105 923 4167 Deo
933 4101 1052 4162 hostias
1060 4101 1186 4162 studeat
1195 4099 1309 4160 offerre
1321 4123 1330 4168 ;

196 4188 274 4270 quia
289 4208 330 4248 ex
348 4184 411 4244 hoc
429 4183 526 4244 vitam
541 4181 632 4243 nobis
652 4182 793 4265 longiori
810 4205 889 4246 aevo
912 4192 1043 4244 auctore
1061 4182 1202 4246 Domino
1221 4179 1330 4242 eredi-

196 4292 266 4332 mus
279 4266 535 4357 propagandam,
560 4265 586 4327 si
602 4265 657 4328 ille
675 4264 709 4326 in
729 4266 910 4330 sacerdotio
924 4266 1064 4350 elegit&
1085 4274 1116 4327 et
1135 4264 1328 4328 sublimatur
