2952 4988
304 309 445 369 sicar.
551 306 686 372 uacua
713 307 953 368 rnaucoaua
1059 311 1123 366 sn.
1203 293 1289 366 1247

154 462 220 530 est,
237 451 320 512 haee
344 458 429 512 sunt.
470 449 592 526 Roma,
616 449 790 527 Ravenna,
807 449 1046 526 Mediolanum,
1068 453 1189 512 Forum
1207 453 1294 532 Iulii,

154 533 298 611 Gradus,
314 531 470 609 Colonia,
484 531 730 614 Moguntiacus,
749 533 924 610 Iuvavum,
940 554 1024 614 quae
1042 542 1074 594 et
1087 533 1293 616 Salzburgirs,

153 616 325 693 Treveris,
344 617 509 692 Senonas,
531 614 711 678 Vesontion
722 660 731 692 ,
753 615 970 698 Lugdunum,
991 615 1208 699 Rotomagus,
1227 619 1292 679 Re-

152 701 229 777 mis,
256 698 388 774 Arelas,
414 695 562 775 Vienna,
594 697 801 776 Tarantasia,
830 698 1068 775 Ebrodunum,
1092 699 1292 782 Burdegala,
1404 768 1406 776 ¹

152 783 324 858 Turones,
342 779 512 840 Bituricus.
552 778 656 840 Unius
677 789 786 841 autem
802 780 920 862 partis,
942 801 1041 860 quam
1057 781 1219 865 integram
1236 803 1293 842 re-

152 862 274 926 servari
289 862 421 940 voluit,
453 861 527 924 talis
553 870 600 924 est
623 862 705 922 ratio
734 873 771 922 ut
796 863 862 924 illis
887 859 1011 924 duabus
1033 863 1068 924 in
1092 863 1292 947 supradictas

152 945 327 1010 divisiones
341 943 545 1023 distributis,
564 951 596 1005 et
614 945 673 1008 sub
693 944 1015 1028 sigi'llo'reoonditis,
1037 943 1118 1008 haee
1140 946 1233 1007 tertia
1255 946 1290 1008 in

152 1051 214 1091 usu
238 1027 429 1110 quotidiano
452 1036 656 1107 servaretur,
677 1029 768 1090 velut
785 1049 837 1089 res
852 1049 950 1112 quam
969 1027 1060 1088 nulla
1076 1029 1144 1090 voti
1163 1028 1289 1110 obliga·

150 1113 240 1174 tione
261 1111 280 1171 d
298 1109 444 1172 dominio
463 1109 657 1194 possidentis
676 1111 848 1172 alienatam
869 1131 938 1174 esse
960 1119 1121 1173 constaret
1137 1136 1145 1184 ;
1175 1121 1207 1173 et
1226 1111 1289 1182 hoe

149 1192 273 1256 tamdiu
304 1194 516 1276 quoadusque
538 1193 589 1254 vel
620 1193 678 1263 ille
695 1194 863 1256 mansisset
884 1195 918 1254 in
943 1214 1097 1277 corpore,
1123 1193 1178 1256 nel
1196 1215 1290 1255 usum

151 1278 221 1341 eius
243 1275 304 1338 sibi
331 1276 549 1340 necessarium
574 1276 742 1338 iudicaret.
783 1277 860 1340 Post
880 1275 1004 1338 obitum
1021 1277 1099 1338 verb
1120 1297 1215 1338 sunm
1234 1287 1289 1338 aut

150 1358 366 1425 voluntariam
388 1358 583 1421 secularium
597 1379 707 1421 rerum
719 1359 895 1421 carentiam
907 1403 917 1437 ,
939 1359 1051 1421 eadem
1062 1379 1135 1441 pars
1149 1368 1289 1441 quatuor

150 1441 426 1506 subdivisionibus
452 1450 634 1514 secaretur;
660 1451 693 1504 et
719 1443 941 1526 unaxquidem
963 1461 1074 1502 earum
1095 1441 1304 1525 supradictis¹
1394 1461 1400 1469 ·

152 1524 268 1607 viginti
283 1533 315 1585 et
327 1547 411 1585 unae
426 1524 571 1606 partibus
584 1524 776 1604 adderetur,
789 1525 890 1589 altera
901 1524 978 1588 verb
989 1525 1007 1584 a
1018 1523 1094 1586 liliis
1108 1546 1146 1586 ac
1160 1523 1288 1588 filiabus

151 1610 237 1685 suis,
258 1606 399 1689 filiisque
420 1627 457 1666 ac
475 1605 601 1668 filiabus
618 1605 762 1668 filiorum
783 1629 931 1686 suorum,
951 1606 1137 1691 adsumpta,
1158 1607 1241 1668 iustis
1254 1617 1288 1668 et

151 1689 336 1752 rationabili
352 1691 524 1760 ‘inter-eos
547 1691 719 1772 partitione
740 1689 960 1768 divideretur,
988 1689 1082 1772 tertia
1104 1689 1184 1752 verb
1205 1711 1287 1750 cou-

152 1782 244 1835 sueto
271 1769 461 1834 Christianis
486 1793 575 1833 more
600 1773 634 1833 in
663 1785 757 1836 usum
784 1795 964 1858 pauperum
994 1773 1110 1834 fuisset
1139 1781 1285 1856 erogate,

151 1863 263 1938 quarta
286 1853 383 1915 simili
403 1855 498 1916 modo
520 1855 652 1918 nomine
675 1856 900 1938 eleemosynae
920 1855 954 1916 in
973 1877 1141 1936 servorum
1167 1864 1201 1918 et
1227 1876 1287 1936 an-

89 1997 90 2002 ,
151 1939 300 2001 cillarum
328 1937 439 1999 usibus
463 1937 574 2022 palatii
597 1937 824 2000 famulantium
841 1938 1094 2002 substentatione
1117 1937 1287 2000 distributa

151 2021 289 2083 veniret.
309 2019 360 2082 Ad
374 2019 458 2082 hane
478 2019 606 2082 tertiam
628 2021 724 2083 totius
748 2043 889 2084 summae
905 2021 1105 2106 portionem,
1134 2041 1217 2104 quae
1242 2019 1287 2082 si·

150 2103 273 2170 militer
286 2112 321 2164 ut
342 2113 487 2176 caeterae
505 2125 546 2174 ex
565 2126 644 2165 auro
661 2113 693 2166 et
714 2114 849 2188 argento
869 2113 1015 2181 constat,
1030 2103 1163 2186 adiungi
1183 2102 1287 2172 voluit

150 2187 257 2246 omnia
274 2208 315 2248 ex
333 2207 407 2260 aere
427 2195 460 2260 et
477 2187 566 2248 ferro
587 2187 724 2269 aliisque
742 2187 881 2256 metallis
898 2208 971 2262 rasa
994 2195 1092 2274 atque
1112 2179 1284 2262 utensilia,

149 2293 223 2332 cum
240 2269 335 2330 armis
356 2278 390 2332 et
405 2267 565 2346 vestibus,
581 2269 711 2352 alioque
735 2279 789 2330 aut
807 2269 948 2354 pretioso
965 2278 1021 2330 aut
1039 2269 1099 2342 vili
1120 2267 1160 2340 ad
1180 2267 1285 2332 varios

150 2375 227 2426 usus
259 2352 344 2425 iacto
367 2351 588 2438 supellectili,
615 2361 651 2418 ut
676 2362 752 2414 sunt
774 2353 935 2430 cortinae,
964 2350 1286 2437 stragula„tapetia,

148 2437 249 2514 filtra,
268 2435 374 2512 coria,
398 2444 557 2517 sagmata,
579 2444 612 2503 et
629 2433 790 2518 quioquid
808 2435 845 2510 iu
865 2455 990 2510 camera
1013 2443 1109 2516 atque
1132 2432 1284 2496 vestiario

148 2519 219 2580 eius
235 2539 273 2585 eo
291 2517 343 2580 die
363 2517 477 2592 {uisset
497 2517 691 2591 inventum;
721 2528 757 2580 ut
779 2540 819 2580 ex
837 2513 900 2579 boe
919 2517 1055 2580 maiores
1076 2515 1166 2584 illius
1184 2516 1285 2606 partis

148 2599 325 2674 divisiones
339 2600 470 2677 fierent,
485 2611 518 2662 et
536 2603 678 2684 erogatio
696 2601 974 2684 eleemosynae‘ad
984 2601 1096 2684 plures
1109 2600 1284 2684 peruenire

147 2681 314 2778 potuisset.
355 2683 541 2782 Capellam,
565 2683 599 2745 id
621 2695 669 2760 est
683 2683 938 2756 ecclesiasticum
959 2683 1196 2759 ministerium,
1219 2691 1285 2742 tam

149 2767 181 2826 rd
200 2765 289 2848 quod
310 2765 377 2848 ipse
400 2765 478 2828 tecit
499 2777 594 2848 atque
612 2766 837 2850 congregavit,
860 2766 957 2848 quiam
975 2765 1065 2852 quod
1083 2765 1124 2840 ad
1146 2787 1221 2836 eum
1243 2787 1284 2828 ex

146 2857 281 2932 paterna
295 2845 475 2919 hereditate
488 2850 654 2932 pervenit,
676 2859 712 2910 ut
727 2849 889 2945 integrum
899 2851 1012 2930 esset,
1026 2870 1133 2931 neque
1148 2847 1216 2922 ulla
1231 2847 1283 2908 di-

146 2931 272 2992 visione
304 2931 529 3010 scinderetur,
561 2929 733 3004 ordinavit.
775 2929 898 3018 Siqua
920 2943 1030 3008 autem
1056 2929 1284 2994 invenirentur

146 3023 202 3088 aut
223 3035 295 3077 vasa
316 3023 372 3075 aut
391 3013 489 3096 libri,
510 3024 565 3078 aut
589 3015 652 3078 alia
672 3025 859 3076 ornamenta
874 3036 960 3098 quae
976 3012 1102 3097 liquidi>
1122 3009 1284 3074 'constaret

147 3097 253 3158 eidem
277 3095 421 3180 capellae
443 3097 482 3170 ab
512 3119 552 3160 eo
585 3097 713 3164 conlata
738 3119 804 3158 non
828 3097 950 3176 fuisse,
979 3097 1061 3158 haee
1106 3095 1140 3156 ui
1162 3093 1283 3156 habere

145 3180 266 3256 vellet,
283 3179 357 3242 dato
376 3179 477 3253 iustae
497 3179 725 3252 aestimationis
739 3179 845 3274 pretio
863 3190 985 3252 emeret
998 3189 1031 3242 et
1051 3117 1195 3244 biberet.
1230 3177 1281 3238 si-

146 3262 268 3323 militer
281 3262 365 3324 etde
381 3263 492 3340 libris,
512 3285 651 3346 quoram
664 3283 811 3345 magnam
827 3262 860 3322 in
873 3261 1072 3324 bibliotheca
1086 3283 1142 3324 sua
1157 3259 1283 3343 copiam

144 3345 371 3428 congregavit,
386 3347 497 3408 statuit
514 3356 550 3406 ut
569 3347 608 3408 ab
625 3345 676 3408 his
691 3346 748 3428 qui
769 3367 823 3408 eos
836 3343 956 3408 hahere
970 3345 1095 3408 vellent
1107 3342 1191 3404 iusto
1206 3363 1282 3424 pre-

145 3424 190 3490 tio
207 3427 343 3490 fuissent
362 3427 520 3508 redemti,
541 3430 746 3512 pretiumque
765 3429 799 3488 in
819 3435 1169 3514 paupereserogatum.
1191 3425 1286 3512 Inter

144 3520 287 3572 caeteros
296 3509 462 3574 thesauros
469 3521 565 3596 atque
577 3509 748 3596 pecuniam
757 3520 822 3574 tres
830 3533 954 3582 mensas
965 3509 1131 3594 argenteas
1146 3516 1177 3568 et
1186 3511 1285 3574 unam

144 3613 275 3654 auream
293 3595 485 3678 praecipuae
506 3591 736 3679 magnitudinis
758 3603 790 3656 et
811 3593 971 3678 ponderis
989 3613 1063 3657 esse,
1078 3597 1212 3672 constat.
1233 3581 1282 3650 D'e

144 3673 262 3756 quibus
276 3677 386 3737 statuit
396 3687 492 3760 atque
507 3677 653 3740 decrevit
666 3689 778 3740 utura
789 3675 903 3753 exeis,
917 3696 1000 3758 quae
1010 3673 1113 3738 formis
1126 3671 1287 3754 quadran·¹

145 3757 220 3838 guli
241 3757 493 3841 descriptionem
507 3761 596 3822 urbis
612 3759 989 3842 Constantinopolitanae
1010 3756 1177 3834 continet,
1198 3755 1288 3824 inter

147 3847 272 3900 caetera
290 3840 421 3902 donaria
435 3864 517 3924 quae.
532 3843 643 3906 adhoc
657 3843 807 3926 deputata
820 3850 914 3919 sunt,
929 3841 1062 3902 Romam
1072 3837 1284 3900 adbasilicam

140 3920 325 3984 beatilletri
333 3923 479 4008 Apostoli
494 3925 673 4004 deferatur,
688 3926 848 4003 etaltera,
865 3945 948 4006 quae
963 3923 1064 3984 l'ormsi
1076 3921 1214 3983 rotundis
1224 3919 1291 3986 Ito?

143 4025 255 4066 manae
273 4005 360 4066 urbis
371 4007 475 4104 effigie
490 4007 623 4093 figurata
641 4019 704 4086 ost,
720 4006 881 4092 Episcopo
905 4005 1100 4068 Ravennatis
1115 4001 1290 4078 Ecclesiae,

143 4088 347 4165 conferatur.-¹
364 4098 510 4168 tertiam,
528 4113 610 4172 quae
632 4090 767 4154 caeteris
787 4100 820 4152 et
836 4085 1231 4173 operis'pulcbritudinp,
1244 4090 1283 4158 'et

142 4169 296 4254 ponderis
307 4172 474 4252 gravitate,
485 4173 623 4242 multum
637 4173 785 4250 excellit,
799 4193 881 4255 quae
894 4193 934 4233 ex
949 4171 1051 4232 tribus
1066 4165 1196 4237 orbibus
1209 4178 1283 4230 con‘-
1312 4212 1313 4215 ,

144 4273 227 4316 nexa
244 4252 341 4328 totius
360 4255 472 4320 inundi
494 4255 747 4340 descriptionem
762 4255 873 4324 subtili
895 4253 1070 4330 seminati
1092 4247 1282 4333 figuratione
