2928 4986
280 339 423 401 aona.
531 333 925 395 aecuuraaucoauu
1031 335 1094 393 aaa
1194 313 1265 386 ³77

124 503 208 564 mus,
229 473 434 547 manifestius
456 480 655 562 intelligere,
676 488 713 540 ut
728 487 810 560 post,
833 498 872 538 eo
891 475 1078 554 miserante,
1099 495 1198 558 prava
1215 471 1270 534 de-

125 565 264 630 serendo
285 575 318 626 et
338 563 544 646 corrigendo,
563 563 648 622 hona
667 562 762 622 etiam
780 560 934 622 sectando
949 567 980 618 et
1000 568 1065 617 tota
1080 579 1154 618 cum
1171 555 1269 617 devo·

126 651 216 712 tione
237 646 465 728 exsequendo,
495 645 659 710 valeamus
679 666 738 728 per
760 642 909 724 spiritum
931 639 1124 702 humilitatis
1143 647 1176 700 et
1196 635 1269 698 ania

126 753 210 792 mam
224 731 394 791 contritam
410 727 602 790 sacrificium
617 729 688 788 Deo
704 725 850 788 debitum
867 723 1163 804 offerre—iramque
1179 721 1270 782 illius

126 811 360 895 indignationis
380 811 528 887 evadere,
552 819 584 870 et
601 831 662 892 per
679 809 810 887 dignam
830 827 1072 890 congruamque
1090 803 1268 869 correctio-

128 917 224 972 nem,
255 903 288 963 ct
307 894 466 954 bonorum
489 913 625 974 operum
641 891 896 968 exhibitionem,
920 890 1053 972 gratiam
1068 888 1138 949 eius
1157 883 1270 971 propi-

128 977 291 1053 tiationis,
312 976 389 1037 licet
410 975 555 1058 indigni,
579 975 766 1056 promereri.
808 975 850 1034 At
866 971 943 1056 quia
960 994 1018 1033 nos
1034 972 1134 1055 magis
1151 972 1185 1030 in
1205 967 1271 1058 hop

124 1055 278 1147 peccasse
300 1058 541 1140 cognoscimus,
564 1057 622 1140 qui
644 1057 746 1116 forma
763 1054 877 1116 salutis
902 1055 1051 1116 omnibus
1069 1076 1138 1116 esse
1155 1049 1274 1114 debui-a

128 1166 220 1220 mus,
243 1150 276 1202 et
295 1141 441 1202 omnium
457 1163 569 1202 curam
591 1159 724 1222 gerere,
747 1147 780 1200 et
796 1158 857 1222 per
876 1137 1101 1200 auctoritatem
1119 1135 1273 1218 imperia-

128 1229 195 1289 lem
212 1245 387 1308 prarorum
402 1233 482 1300 acta,
505 1245 547 1284 ne
566 1231 691 1284 tautum
710 1223 956 1301 adcrescerent,
978 1220 1156 1303 corrigere,
1177 1217 1274 1302 cupi-2
1305 1263 1308 1272 «

129 1331 214 1386 mus,
233 1306 376 1367 Domino
399 1305 493 1368 uobis
513 1304 730 1388 propitio,‘in
753 1313 932 1386 conspectu
953 1303 1080 1387 pietatis
1102 1302 1192 1362 illius
1212 1320 1275 1382 per

130 1392 263 1474 dignam
287 1389 540 1451 satisfactionem
562 1387 691 1449 veniam
713 1387 867 1469 adipisci,
899 1397 931 1448 et
948 1408 1009 1468 per
1027 1385 1274 1447 saluberrimum

129 1471 378 1548 correctionem,
399 1471 452 1532 rel
467 1492 528 1554 per
546 1471 671 1532 bonum
691 1472 850 1548 studium,
871 1470 959 1552 quod
974 1469 1082 1530 nostrt
1101 1467 1223 1530 desidia
1240 1473 1275 1528 et

129 1553 311 1639 ignorantie
333 1551 492 1616 hactenus
515 1554 701 1636 neglectum
719 1563 779 1632 est,
802 1553 953 1614 consultu
966 1551 1113 1612 fidelium
1126 1559 1273 1632 tempore

131 1645 328 1721 opportuno,
350 1637 563 1717 quantumin
587 1635 679 1698 nobis
700 1645 759 1713 est,
772 1633 1012 1697 'studiosissime
1036 1633 1221 1707 emendare,
1241 1639 1275 1691 et

130 1729 272 1782 nostram
292 1718 326 1777 in
348 1717 411 1780 hoc
428 1721 630 1782 voluntatem
643 1719 790 1782 omnibus
810 1717 1013 1779 manifestam
1026 1718 1144 1779 facere.
1186 1715 1275 1792 Quas

129 1809 265 1888 propter
291 1801 458 1865 statuimus
476 1809 581 1886 atque'
597 1801 797 1865 decrevimus
825 1823 899 1862 cum
929 1801 1080 1863 consultu
1107 1793 1267 1862 Sacerdo-

131 1897 202 1948 tum
224 1893 490 1967 caeterorumque
506 1885 673 1947 Fidelium
692 1895 886 1960 nostrorum,
908 1883 1006 1944 huius
1026 1884 1073 1943 rei
1095 1881 1206 1966 gratie,
1230 1877 1274 1939 ob
1330 1921 1336 1940 t

132 1968 328 2053 placandum
347 1968 473 2030 scilicet
495 1978 608 2029 eontra
630 1988 689 2028 nos
708 1968 867 2048 nobisque
889 1965 1051 2028 subiectos
1068 1964 1200 2027 Domini
1218 1963 1276 2023 lus

132 2069 256 2128 rorem,
285 2061 467 2114 conventus
483 2050 662 2113 eorundem
677 2050 913 2133 Episcoporum
936 2049 968 2108 in
986 2058 1127 2130 quatuor
1146 2043 1274 2130 imperii

134 2133 237 2196 nostri
259 2132 339 2194 loeis
357 2133 647 2215 congruentissime
672 2133 752 2194 fieri.
794 2133 903 2195 Primo
930 2131 1057 2194 scilicet
1074 2131 1116 2190 'in
1138 2132 1274 2212 Moguna

133 2216 270 2278 tiacensi
290 2217 382 2294 urbe,
401 2218 456 2278 ubi
477 2216 675 2279 conveniant
693 2214 940 2297 Archiepiscopi
956 2213 1150 2296 Autgarius,
1173 2210 1276 2274 Hada-

133 2299 266 2374 haldus,
296 2299 412 2376 Hethi,
434 2299 638 2375 Bernninus,
659 2321 735 2362 cum
758 2297 966 2380 suffraganeis
991 2297 1066 2359 suis.
1121 2292 1278 2358 Secundo

135 2401 268 2464 quoque
289 2381 329 2445 in
351 2381 549 2445 Parisiorum
568 2381 670 2460 urbe,
698 2382 754 2443 ubi
775 2383 906 2442 futurus
926 2379 1056 2442 antistes
1079 2378 1274 2452 Senonicus,

93 2514 95 2518 .
137 2475 170 2526 et
189 2463 301 2540 Ebho,
335 2465 560 2546 Ragnoardus,
594 2466 864 2527 etLandramnus
888 2483 962 2525 cum
981 2460 1189 2544 suffraganeis
1207 2458 1277 2522 suis

136 2546 340 2609 conveniant.
393 2549 505 2610 Tertio
529 2570 608 2611 vero
631 2549 718 2630 apud
741 2548 955 2631 Lugdunum,
987 2545 1043 2606 ubi
1073 2543 1276 2627 Agebardus,

132 2628 334 2704 Bernardus,
353 2629 536 2709 Andraeas,
558 2632 772 2709 Benedictus,
799 2631 955 2714 Agerieus
971 2650 1046 2690 oum
1066 2623 1274 2709 suffraganeis

132 2712 199 2773 suis
220 2710 371 2772 similiter
397 2715 606 2775 conveniant.
660 2717 785 2793 Quarto
815 2715 911 2775 etiam
939 2713 1025 2794 apud
1045 2711 1197 2774 Tolosam
1216 2727 1277 2767 urs

131 2796 224 2872 bem,
250 2815 316 2874 quo
338 2795 436 2856 simul
459 2797 660 2860 conveniant
679 2797 809 2873 Notho,
833 2796 1115 2872 Bartholomaeus,
1140 2789 1274 2853 Adalel·

131 2899 221 2952 mus,
250 2875 402 2958 Agiulfus
423 2899 498 2940 cum
520 2879 729 2964 suffraganeis
749 2879 824 2942 suis.
868 2879 905 2940 ln
924 2879 1042 2962 quibus
1060 2873 1277 2942 conventibus

132 2967 287 3036 tractare,
315 2980 491 3040 quaerere,
514 2972 638 3024 etcum
656 2963 718 3024 Dei
738 2961 899 3025 adiutorio
921 2961 1071 3024 invenire
1096 2959 1217 3022 debent
1233 2954 1274 3017 de

133 3043 237 3105 causis
260 3041 300 3100 ad
317 3041 524 3125 Religionem
540 3043 758 3107 Christianam
777 3053 809 3106 et
826 3066 938 3105 eorum
952 3066 1061 3106 curam
1076 3039 1276 3126 pertinentia

132 3127 212 3202 bus,
234 3123 316 3204 quid
334 3126 352 3184 a
370 3126 578 3209 Principibus
599 3137 632 3188 et
653 3129 783 3210 reliquo
803 3129 943 3210 populo„
968 3127 1021 3189 vel
1042 3127 1085 3188 ita
1106 3135 1143 3186 ut
1162 3122 1274 3185 divina

134 3205 307 3274 auctoritas
330 3207 426 3272 docet
449 3219 505 3270 aut
526 3210 620 3272 aliter
643 3219 811 3287 teneatur,
842 3211 894 3272 vel
919 3209 1001 3292 quid
1027 3207 1103 3271 iude
1122 3229 1163 3269 ex
1183 3214 1273 3289 parte

133 3291 186 3355 vel
216 3310 256 3352 ex
277 3297 344 3350 toto
366 3290 532 3354 dimissum
558 3293 600 3356 sit
624 3303 661 3354 ut
686 3315 752 3354 non
774 3302 934 3355 teneatur.
983 3293 1111 3356 Deinde
1132 3289 1212 3373 quid
1239 3289 1273 3348 in

132 3376 279 3457 ipsorum
294 3371 351 3454 qui
369 3373 518 3438 Pastores
532 3375 646 3459 populi
668 3375 835 3442 constituti
856 3386 932 3436 sunt
951 3375 1112 3452 moribus,
1133 3391 1277 3434 conver«

133 3457 267 3531 satione,
291 3466 322 3515 ct
343 3455 467 3519 actibus
488 3458 631 3520 inveniri
649 3459 749 3542 possit
772 3445 860 3540 qtsrid
878 3459 1009 3519 divinae
1026 3458 1157 3540 regulae
1176 3464 1274 3536 utque

134 3537 317 3602 auctoritati
344 3559 410 3598 nou
437 3541 631 3614 concordet3
654 3541 816 3622 simulque
839 3539 1008 3602 inveniant
1027 3560 1110 3623 quae
1136 3538 1275 3600 occasio-

135 3641 193 3681 nes
211 3619 245 3679 in
269 3630 408 3701 utroque
435 3623 550 3685 ordine
571 3625 605 3688 id
627 3623 795 3684 effecerint
817 3631 852 3682 ut
872 3623 890 3682 a
907 3634 997 3685 recto
1020 3621 1146 3692 tramite
1168 3619 1275 3683 deria-

134 3713 204 3765 tum
225 3701 274 3764 sit.
315 3703 358 3765 Et
380 3705 539 3790 quicquid
557 3707 597 3772 de
618 3705 669 3768 his
691 3706 794 3768 causis
812 3705 982 3766 inventum
1000 3705 1117 3781 fuerit,
1142 3715 1206 3766 tam
1225 3722 1275 3764 so·

134 3784 211 3848 lerti
234 3787 310 3846 curt
334 3788 535 3850 custodiatur
555 3797 593 3850 ut
612 3789 799 3850 nullatenus
819 3786 859 3847 ad
876 3787 1013 3850 aliorum
1037 3787 1186 3850 notitiam
1203 3805 1275 3870 per·

134 3866 247 3929 venire
274 3867 466 3951 permittant
488 3877 563 3932 aute
585 3880 712 3954 tempus
739 3870 959 3932 constitutum.
1012 3873 1055 3932 Et
1085 3870 1159 3932 ideo
1189 3887 1274 3930 unus

134 3949 284 4012 Notarius
312 3949 398 4012 inter
418 3975 529 4016 omnes
553 3953 710 4037 eligatur,
724 4025 728 4030 Ι
741 3952 798 4035 qui
818 3951 908 4033 quod
927 3953 988 4036 ipsi
1011 3953 1201 4015 inuenerint
1215 3949 1274 4012 de-

135 4029 263 4110 scribat,
285 4031 401 4116 etipse
423 4037 482 4098 sub
504 4035 686 4097 iuramento
708 4035 902 4096 constrictus
927 4057 1066 4117 eaquae
1087 4034 1274 4100 inventast

134 4114 257 4200 digesta
285 4117 409 4183 fuerint
427 4118 603 4204 diligenter
624 4118 829 4202 fideliterque
852 4128 1033 4185 conservet,
