2928 4986
197 279 271 355 394
475 299 620 372 acan.
727 298 988 356 carrrunaara
1097 293 1160 358 sat.
1436 379 1437 388 g

196 441 347 522 diligenti
372 461 449 500 cura
477 439 594 504 debeat
615 438 802 526 provideri;
831 461 948 522 easque
972 459 1087 501 manns
1108 449 1237 502 nostrae
1269 441 1350 500 sub-
1436 397 1437 480 i

194 523 371 606 scriptione
389 523 501 586 subter
526 525 721 588 firmavimus
739 533 772 588 et
784 524 882 584 anulo
897 533 1010 586 nostro
1025 523 1162 607 sigillari
1182 523 1350 586 iussimus.
1436 531 1437 584 ἶ

278 606 416 688 Signum
430 608 632 671 Hannouvrer
654 607 851 671 serenissimi
868 607 1084 689 imperatoris.
1436 595 1437 682 l

279 691 504 752 llmnrnnanus
523 691 674 754 Notarius
692 691 732 752 ad
751 691 856 752 vicem
873 692 1067 768 Τιιιιουοιυε1
1085 690 1293 773 recognovit
1436 689 1437 734 l

278 773 360 832 Data
395 771 471 836 Vll.
505 774 670 836 Kalendas
702 773 901 856 Septembris
932 793 1020 833 anno
1044 771 1174 834 Christo
1200 775 1349 857 propitio
1436 757 1437 834 i

197 851 444 1000 {lllltbximperii
461 856 581 918 Domni
597 855 795 920 Hludouvici
821 853 1019 918 serenissimi
1041 857 1261 940 Imperatoris,
1290 860 1349 918 ln·

198 959 396 1164 silibeinm
411 1020 444 1082 in
466 1019 661 1084 monasterio
681 1020 784 1084 saneti
806 1019 955 1106 Dionysii
974 1023 1009 1084 in
1032 1022 1094 1086 Dei
1117 1023 1253 1084 nomine
1295 1024 1349 1084 fe·
1436 983 1437 1010 i

213 1125 253 1164 ica
272 1123 317 1166 er.

446 1269 1105 1335 PRAECEPTUM

197 1391 259 1461 De
285 1389 456 1481 Paganis
481 1389 537 1460 acl
563 1389 886 1462 Christianitatcm
910 1391 1131 1477 invitandis,
1159 1403 1196 1461 et
1219 1391 1266 1462 de
1284 1392 1346 1462 In-

325 1489 517 1560 stitutione
543 1489 801 1586 Episcopatus
826 1489 1205 1584 Hammabnrgensis.

199 1621 246 1737 1n
264 1675 400 1738 >nomine
423 1675 557 1740 Domini
571 1676 634 1740 Dei
653 1687 686 1740 et
710 1677 883 1740 Salvatoris
903 1678 1004 1740 nostri
1025 1679 1099 1740 lesu
1112 1677 1244 1740 Christi.
1266 1678 1345 1738 Hln·

200 1761 372 1832 ‹lonvicus,
391 1759 503 1822 divina
526 1760 724 1844 propitiante
757 1761 941 1840 elementia,
965 1763 1143 1844 imperator
1168 1763 1343 1844 Augustus.
1436 1751 1437 1802 l

198 1844 233 1904 Si
254 1841 450 1926 specialibus
463 1843 623 1926 cuiusque
638 1845 785 1906 fidelium
805 1855 990 1906 nostrorum
1010 1846 1254 1906 necessitatibus
1274 1863 1344 1925 per-

198 1927 317 2010 spectis
327 1925 589 1988 subveniendum
604 1949 672 1990 esse
688 1927 864 2010 imperialis
880 1929 1232 2004 auctoritas'monstrat,
1245 1949 1343 2010 quan-

199 2020 232 2071 to
244 2009 389 2092 magisad
405 2009 545 2070 debitam
559 2011 778 2092 generalitatis
791 2011 1030 2092 providentiam
1042 2033 1182 2092 aequum
1197 2011 1343 2092 dignum-

200 2114 264 2174 que
289 2093 433 2175 pertinet
460 2101 496 2154 ut
514 2093 678 2154 Ecclesiae
701 2093 879 2154 catholicae
902 2104 998 2174 atque
1021 2093 1227 2176 apostolicae,
1245 2115 1343 2174 quam

199 2174 346 2237 Christus
360 2194 418 2236 suo
432 2177 572 2258 pretioso
586 2175 744 2258 sangnine
757 2175 905 2253 redemit,
915 2198 1048 2257 eamque
1063 2177 1155 2237 nobis
1168 2176 1343 2258 regendam

200 2259 419 2339 tuendamque
434 2259 619 2337 commissit,
629 2261 715 2342 piam
728 2281 764 2320 ae
774 2258 945 2319 sollicitam
960 2261 992 2318 in
1008 2259 1135 2320 cunctis
1150 2267 1275 2340 oportet
1290 2279 1344 2340 ge·

200 2362 273 2402 rere
286 2363 396 2404 curam
410 2351 443 2402 et
455 2351 492 2402 ut
508 2342 541 2400 in
560 2343 629 2404 eius
640 2352 797 2424 provectu
814 2342 868 2404 vel
883 2343 1078 2403 exaltatione
1097 2364 1270 2424 congruam
1290 2362 1345 2401 es·

201 2423 368 2488 bibeamus
384 2424 698 2507 diligentiam,novis
713 2424 835 2485 adeius
855 2426 1079 2486 necessitatem
1102 2426 1155 2486 vel
1172 2425 1344 2484 utilitatem

202 2517 299 2591 atque
330 2507 521 2588 dignitatem
552 2508 791 2590 pertinentibus
826 2508 924 2568 rebus
957 2529 1041 2570 nova
1068 2509 1165 2568 immo
1196 2529 1343 2568 necessa-

202 2591 250 2650 ria
274 2599 307 2652 et
321 2593 415 2652 utilia
435 2589 660 2674 provideamus
675 2591 858 2652 constituta.
901 2591 1027 2652 Idcirco
1048 2599 1177 2652 sanctae
1200 2591 1263 2650 Dei
1278 2591 1343 2648 Ec-

203 2673 319 2735 clesiae
335 2675 410 2736 liliis
423 2673 645 2756 praesentibus
664 2673 789 2734 scilicet
811 2682 843 2733 et
862 2675 982 2734 futuris
1005 2684 1130 2734 eertum
1156 2694 1225 2734 esse
1250 2672 1343 2734 voln-

205 2779 274 2818 mus
300 2757 441 2838 qualiter
455 2756 566 2816 divina
591 2756 763 2818 ordinante
786 2757 886 2838 gratia
909 2757 1026 2818 nostris
1046 2756 1079 2815 in
1107 2756 1233 2832 diebus,
1257 2755 1345 2835 aqui-

205 2839 370 2902 lonaribus
384 2839 584 2921 inpartibus,
601 2839 634 2898 in
650 2839 802 2922 gentibus
820 2839 1149 2900 videlieetDanornm
1167 2839 1235 2900 sive
1247 2839 1345 2898 Sneo-

205 2945 293 2998 num,
322 2943 471 3006 magnum
488 2921 637 2983 eoelestis
653 2921 753 3005 gratia
766 2921 1015 3002 praedicationis
1030 2923 1098 2982 sive
1118 2920 1343 3002 adquisitionis

204 3005 357 3087 patefecit
373 3005 502 3081 ostium,
526 3006 570 3064 ita
589 3015 626 3064 ut
649 3004 826 3064 multitudo
851 3004 1022 3065 hincinde
1046 3005 1087 3065 ad
1105 3005 1201 3064 fidem
1223 3002 1343 3064 Christi

206 3110 362 3150 conversa
381 3087 532 3170 mysteria
550 3087 703 3148 coelestia
718 3087 1000 3168 ecclesiasticaque
1015 3087 1158 3148 subsidia
1180 3085 1343 3146 desidera-

204 3172 316 3232 biliter
330 3180 505 3253 expeteret.
549 3169 642 3230 Unde
660 3169 801 3230 Domino
822 3171 892 3230 Deo
913 3180 1023 3232 nostro
1044 3171 1154 3230 laudes
1175 3169 1342 3228 immensas

204 3255 425 3332 persolventes
440 3253 638 3327 extollimus,
656 3251 714 3332 qui
733 3251 850 3311 nostris
867 3253 1065 3335 temporibus
1078 3262 1111 3312 ¹et
1128 3252 1243 3312 studiis
1259 3247 1343 3310 sanc·

205 3346 269 3397 tam
287 3337 479 3412 Ecclesiam,
495 3357 645 3417 sponsam
661 3333 815 3396 videlicet
835 3356 935 3411 snam,
962 3335 995 3394 in
1024 3335 1105 3396 loeis
1126 3335 1247 3417 ignotis
1269 3331 1343 3392 sinit

207 3419 334 3480 dilatari
358 3429 455 3501 atque
471 3419 637 3501 prolicere.
680 3415 899 3493 Quamobrem
924 3438 997 3476 una·
1020 3441 1094 3478 cnm
1120 3415 1343 3478 Sacerdotibus

205 3503 407 3584 caeterisque
428 3502 554 3583 imperii
577 3498 678 3560 nostri
696 3499 865 3561 Fidelibns
882 3499 1046 3561 haneDeo
1064 3500 1194 3583 dignam
1212 3519 1344 3560 cernen-

205 3595 253 3646 tes
273 3607 400 3646 eausam
416 3587 508 3646 valde
537 3581 749 3644 necessariam
771 3591 867 3663 atque
898 3583 1028 3644 futurae
1048 3585 1215 3644 Ecclesiae
1238 3580 1343 3662 digni-

204 3667 264 3726 tati
279 3669 464 3750 proticnam,
486 3667 621 3750 dignum
638 3663 789 3726 duximus
802 3675 838 3724 ut
855 3665 965 3726 locum
984 3675 1093 3748 aptum
1114 3665 1231 3726 nostris
1248 3664 1281 3722 in
1311 3661 1344 3719 fi-

206 3751 301 3812 nibus
325 3751 508 3812 evidentius
526 3750 731 3832 eligeremus,
749 3747 804 3807 ubi
832 3749 949 3809 Sedem
970 3749 1186 3832 episcopalem
1206 3767 1265 3828 per
1283 3745 1343 3804 boc
1436 3807 1437 3824 ,

207 3844 333 3894 nostrae
349 3834 547 3894 auctoritatis
567 3840 774 3915 praeceptum
788 3839 1012 3908 statueremus,
1031 3833 1118 3891 unde
1136 3851 1247 3891 omnes
1270 3829 1342 3887 illae

205 3916 357 3976 barbarae
377 3918 525 3978 nationes
540 3924 690 3976 aeternae
709 3914 794 3973 vitae
819 3916 977 3996 papulum
998 3915 1127 3975 facilins
1147 3911 1342 3992 uberiusque

206 4020 321 4081 capere
340 4002 497 4077 valerent,
515 4009 548 4060 et
569 3997 716 4060 sitientes
732 3995 844 4056 salutis
864 3997 998 4080 gratiam
1020 4019 1095 4078 prae
1119 3995 1267 4056 manibus
1293 3993 1342 4054 vel

205 4083 309 4144 oculis
324 4081 492 4160 haberent,
508 4082 641 4165 iusuper
651 4087 687 4140 et
701 4099 889 4160 magnorum
902 4082 1148 4162 progenitorum
1162 4087 1342 4138 nostrorum

207 4187 293 4226 sacra
317 4165 466 4226 lucrandi
495 4166 601 4234 studia
623 4162 740 4224 nostris
760 4163 793 4220 in
823 4162 938 4224 diebus
967 4185 1135 4244 nunqnam
1159 4160 1340 4221 delicerent.

208 4248 347 4308 Graviter
376 4249 497 4310 etenim
522 4258 632 4312 noster
657 4245 814 4329 gloriosae
852 4246 1023 4308 memoriae
1051 4246 1190 4308 Karalus
1217 4263 1340 4304 omnem
