2928 4986
167 313 240 384 390
391 333 428 392 a,
449 330 537 388 can.
644 331 903 390 cnrlwtnnln
1007 336 1072 393 aaa.

166 477 210 537 aa
235 472 413 536 humilitati
440 482 568 535 nostrae
590 472 746 536 divinitus
759 474 903 558 regenda
917 476 1107 558 tuendaque
1131 477 1314 555 commissa,

164 557 318 622 l'olicibus
333 557 475 640 polleret
495 557 708 636 successibus,
726 577 873 640 eamque,
899 567 1060 640 quantum
1087 569 1214 620 nostrae
1236 562 1315 620 atti-

166 652 224 704 net
242 649 395 726 augustae
411 639 589 716 devotioni,
610 639 808 702 incessanter
835 641 876 702 ad
900 641 1036 702 meliora
1050 642 1247 725 provehere,
1280 654 1316 704 et

165 723 205 786 ab
225 725 281 786 illa
302 721 463 806 quicquid
484 723 618 784 noxium
634 731 703 784 erat
718 723 894 802 eradicare,
910 733 1007 804 atque
1023 725 1058 784 iu
1073 745 1111 784 ea
1128 725 1315 786 incremen-

165 819 198 870 ta
216 805 374 870 virtutum
392 806 550 888 plantare.
593 807 802 888 Quapropter
818 805 1002 888 saepissime
1026 808 1216 869 Sacerdotes
1241 811 1313 868 Do·

165 891 259 969 mini,
285 909 426 972 quorum
446 887 481 949 id
498 887 596 949 officii
614 909 682 950 esse
701 909 906 967 noveramus,
926 889 1100 953 admonere
1113 891 1312 967 curavimus,

165 997 202 1036 ac
235 983 377 1034 nostram
407 970 625 1054 principalem
653 971 878 1034 auctoritatem
906 972 1100 1034 adiutricem
1127 973 1167 1033 ad
1197 995 1314 1034 corum

164 1053 382 1118 ministerium
402 1053 491 1114 iuxta
506 1053 709 1115 voluntatem
731 1053 794 1116 Dei
809 1055 1040 1136 exequendum
1054 1065 1201 1140 prompte
1215 1055 1312 1116 exhi-

164 1137 312 1212 buimus,
336 1146 371 1198 ut
392 1135 552 1219 quicquid
576 1137 609 1196 in
628 1135 797 1198 ordinibus
821 1138 1058 1216 ecclesiasticis,
1080 1140 1132 1200 vel
1163 1139 1197 1198 in
1227 1161 1313 1220 qua-

166 1243 298 1304 cunque
319 1241 469 1302 persona,
506 1219 734 1280 emendatione
769 1219 905 1302 dignum
927 1221 1125 1299 invenirent,
1154 1222 1313 1302 pastorali

165 1303 369 1380 auctoritate,
384 1301 558 1385 postpositi
574 1302 719 1384 qualibet
740 1303 879 1384 torporis
900 1303 1100 1386 negligentiat
1125 1305 1179 1364 vel
1201 1325 1312 1386 perso-

166 1408 282 1448 narum
304 1383 505 1466 acc'eptione,
521 1385 751 1446 incunctanter
764 1385 927 1468 corrigere
951 1395 983 1446 et
1013 1387 1053 1447 ad
1076 1395 1194 1447 statum
1216 1387 1313 1448 recti-

165 1469 289 1531 tudinis
304 1467 483 1550 perducere
505 1465 719 1536 decertarent.
741 1469 865 1530 Vcrum
879 1490 953 1530 cum
974 1468 1048 1551 ipsi,
1069 1470 1178 1530 nostris
1195 1470 1312 1530 sedulo

166 1549 392 1614 exhortatione
415 1549 583 1627 admoniti,
607 1551 728 1632 suique
750 1549 883 1612 solliciti
902 1551 1082 1630 vigilantii,
1106 1553 1146 1613 de
1171 1561 1257 1612 statu
1280 1562 1313 1614 et

164 1635 315 1719 prosectu
339 1639 467 1694 sanctae
497 1633 676 1710 Ecclesiae,
705 1641 738 1694 et
765 1633 863 1695 sacris
897 1633 1066 1696 ordinibus
1097 1644 1128 1694 et
1153 1634 1193 1696 iis
1225 1631 1311 1717 quae

166 1715 393 1778 emendatione
418 1713 514 1797 digna
533 1715 737 1792 videbantur,
755 1725 921 1778 conventu
937 1718 1022 1798 apud
1038 1716 1180 1778 Parisius
1196 1717 1313 1779 iussio-

168 1822 208 1862 ne
225 1800 331 1860 nostrd
344 1795 467 1874 habito,
488 1800 619 1860 strenui
638 1807 672 1860 et
701 1799 817 1860 devoti
848 1800 1092 1881 perspicacitate
1119 1809 1309 1877 tractarent,

167 1884 252 1942 inter
276 1889 402 1942 caetera
424 1879 531 1942 visum
543 1881 610 1942 illis
631 1889 678 1942 est
701 1889 739 1940 ut
762 1883 993 1942 monasterium
1011 1881 1258 1964 praeclarissimi
1277 1893 1310 1944 et

167 1963 278 2026 eximii
294 1961 414 2024 Christi
433 1964 517 2023 Mart
539 1963 583 2024 ris
598 1963 684 2024 beati
704 1963 854 2049 Dionysii
875 1965 1103 2046 sociorumque
1118 1966 1198 2042 eius,
1219 1967 1310 2047 quod

166 2054 292 2110 constat
306 2054 471 2106 tantorum
488 1987 668 2129 Miartyrum
683 2047 815 2108 nomine
833 2049 904 2107 Deo
919 2047 1116 2126 dedicatum,
1133 2050 1195 2108 etia
1214 2049 1310 2130 Regi-

165 2131 225 2192 bus
244 2129 445 2190 Francorum
458 2129 787 2212 progenitoribusque
817 2129 938 2212 gloriae
959 2138 1086 2192 nostrae
1106 2131 1306 2211 amplissimis

165 2213 262 2274 rebus
279 2213 425 2288 ditatum,
446 2233 512 2293 quo
533 2213 565 2272 iu
593 2233 632 2272 eo
650 2213 845 2275 monasticus
875 2213 954 2273 ordo
983 2213 1133 2296 religiose
1155 2217 1224 2274 Deo
1247 2213 1307 2273 de-

165 2295 316 2372 serviret,
332 2295 447 2376 maguat
468 2295 695 2356 emendatione
707 2303 740 2356 et
755 2296 958 2356 correctione
976 2318 1056 2378 opus
1072 2295 1212 2373 haberet,
1228 2317 1310 2378 quo-

167 2379 254 2438 niam
275 2377 315 2438 ab
332 2399 371 2439 eo
388 2377 475 2438 idem
488 2377 567 2439 ordo
589 2379 629 2439 ad
649 2379 827 2438 multorum
850 2377 1036 2455 discrimen,
1059 2379 1151 2438 nulla
1171 2379 1311 2440 necessi-

165 2471 229 2522 tate
256 2460 501 2548 praepediente,
532 2461 659 2538 nullius
676 2461 725 2522 rei
746 2461 855 2544 inopia
879 2461 1066 2538 obsistente,
1087 2460 1218 2544 penitus
1241 2470 1311 2521 erat

166 2543 306 2606 avulsus.
349 2545 455 2621 Quam
474 2565 600 2604 causam
611 2554 675 2605 tam
692 2565 751 2627 per
764 2566 810 2622 se,
828 2565 991 2626 quamque
1011 2553 1043 2604 et
1059 2565 1120 2625 per
1135 2545 1310 2606 venerabi-

166 2627 230 2686 lem
244 2625 504 2709 prudentemque
521 2626 628 2688 virum
644 2626 838 2688 Hilduinum
857 2625 1024 2688 memorati
1045 2627 1232 2688 monasterii
1260 2648 1311 2687 re·

166 2710 316 2792 ligiosum
336 2708 504 2786 Abbutem,
522 2718 649 2772 nostrae
669 2709 849 2774 serenitatis
863 2710 995 2771 auribus
1014 2710 1246 2770 intimaverunt
1260 2709 1311 2769 uti

166 2795 273 2854 nostri
288 2791 428 2874 piissima
445 2791 604 2873 imperiali
618 2801 777 2875 potestate
793 2814 853 2875 per
872 2813 985 2852 eorum
1001 2793 1225 2854 auctoritatem
1241 2815 1312 2853 cor·

164 2875 337 2954 rigaretur.
380 2875 473 2935 Unde
496 2874 633 2955 dignitas
650 2875 779 2958 imperii
794 2875 895 2936 nostri
908 2885 1072 2936 tantorum
1091 2875 1239 2935 virorum
1257 2899 1309 2936 sa-

164 2959 374 3018 luberrimam
408 2957 681 3034 admonitionem,
713 2968 747 3018 et
778 2957 924 3019 eiusdem
952 2957 1148 3019 venerabilis
1176 2958 1309 3018 Abbatis

163 3040 314 3101 Hilduini
326 3060 437 3122 preces
450 3039 659 3116 humillimas,
685 3061 774 3100 more
790 3041 1038 3122 tranquillitatis
1066 3048 1195 3100 nostrae
1211 3041 1308 3101 solito

164 3132 327 3203 gratanter
343 3122 548 3204 benigneque
562 3121 752 3205 suscipiens,
770 3133 866 3204 atque
884 3123 918 3184 in
940 3125 1088 3184 omnibus
1102 3124 1309 3184 emendabile

163 3205 321 3282 iudicans,
343 3225 384 3264 ne
413 3206 494 3264 tanti
523 3205 658 3266 Ordinis
687 3205 842 3288 collapsio
876 3206 988 3267 salutis
1017 3216 1145 3267 nostrae
1174 3227 1307 3290 quoquo

162 3289 258 3349 modo
275 3289 367 3349 tieret
384 3286 558 3363 damnatio,
574 3288 614 3349 ad
631 3288 761 3350 eosdem
782 3289 953 3350 Praesules
974 3289 1197 3350 Ecclesiarum
1220 3289 1307 3350 idem

162 3371 347 3432 censuimus
356 3371 479 3432 referre
490 3371 666 3451 negotium,
677 3381 712 3431 nt
721 3371 820 3431 nostri
833 3371 1032 3454 principatus
1042 3371 1245 3450 auctoritate,
1256 3393 1307 3432 eo-

162 3475 301 3534 rumque
316 3451 449 3528 iudiciu,
462 3453 579 3534 quibus
590 3463 677 3514 tanta
695 3461 742 3514 est
752 3454 868 3536 collata
883 3463 1021 3538 potestas
1031 3455 1210 3533 alDomino,
1221 3455 1309 3515 idem

162 3537 241 3595 ordo
256 3537 265 3595 i
271 3559 289 3595 n
309 3536 423 3596 eodem
437 3537 509 3596 loco
523 3535 642 3616 absque
661 3536 890 3597 retractatione
906 3537 1144 3598 restitueretur.
1159 3537 1307 3599 Veniens

161 3640 238 3699 ergo
264 3619 415 3679 Aldricus
440 3620 647 3700 Metropolita
671 3618 853 3680 Senonicus
882 3641 957 3680 cnm
985 3619 1197 3702 suffraganeis
1226 3620 1305 3696 suis,

163 3723 290 3761 necnon
315 3701 452 3762 ctEhbo
472 3703 678 3783 Metropolita
701 3705 958 3762 Durocortorum
992 3721 1069 3764 cum
1106 3703 1172 3764 suis
1191 3703 1306 3763 suffra-

160 3784 282 3866 ganeis,
299 3785 338 3844 ad
359 3795 570 3844 memoratum
586 3783 828 3868 monasterium,
844 3783 954 3846 habito
969 3795 1146 3863 conventu,
1164 3785 1307 3867 primum

159 3866 248 3947 quod
264 3867 349 3927 idem
364 3868 594 3928 monasterium
617 3867 725 3927 ordini
746 3867 924 3928 monastico
945 3877 1178 3944 constructum,
1206 3868 1304 3932 dedi-

158 3959 277 4024 catum,
295 3959 328 4010 et
343 3951 440 4011 rebus
460 3951 596 4010 ditatum
613 3951 686 4029 fuit,
707 3949 788 4011 etin
806 3971 845 4010 eo
861 3950 928 4031 ipse
947 3951 1027 4012 ordo
1042 3972 1145 4032 usque
1165 3950 1204 4010 ad
1225 3960 1306 4010 tem-

156 4053 217 4114 pus
233 4053 299 4114 quo
315 4043 438 4116 sceptra
461 4033 640 4115 imperialia
656 4053 794 4115 superna
814 4032 972 4118 largiente
1005 4033 1105 4116 gratia
1131 4033 1305 4094 clementia

158 4123 266 4175 nestra
285 4117 437 4198 suscepit,
451 4125 484 4176 et
500 4138 595 4198 supra
612 4114 778 4175 memorati
802 4117 951 4189 Hilduini
976 4115 1109 4176 Abbatis
1128 4115 1304 4197 praelatio·

159 4218 244 4271 nem,
262 4197 382 4258 ibidem
401 4208 568 4279 utcunque
591 4199 744 4281 viguerit,
759 4195 937 4260 manifestis
960 4199 1091 4260 indiciis
1114 4201 1304 4280 Regumque

157 4278 299 4358 antiquis
321 4290 352 4340 et
373 4281 537 4344 modernis
552 4282 749 4366 Praeceptis,
766 4291 797 4344 et
810 4283 1043 4366 Episcoporum
1060 4281 1250 4366 privilegiis,
1267 4303 1305 4340 ac
