2958 4986
310 331 453 387 acus.
516 287 956 386 ¹arrcuurasucoaun
1061 325 1124 382 eos.
1215 307 1283 380 173

146 497 208 540 nec
230 469 392 556 virginem
413 479 642 547 consecratam,
664 489 726 528 nec
749 489 946 549 quemquam
969 465 1204 547 confirmatum,
1228 490 1289 530 ne·
1381 527 1384 532 .

145 580 211 642 que
237 557 415 638 quicquam
443 555 533 636 quod
556 554 596 614 de
633 551 809 635 episcopali
834 551 1016 614 ministerio
1045 571 1288 636 praesumpsere

144 663 215 706 esse
233 648 412 723 peractum,
429 637 485 698 sed
503 636 663 718 quicquid
686 657 727 696 ex
746 633 797 695 bis
813 633 852 694 ab
877 635 923 696 eis
944 633 1069 695 inlicite
1095 642 1164 694 erat
1193 656 1289 719 prae-

145 733 322 806 sumptum,
341 719 481 782 omniad
510 721 667 780 canonice
691 717 849 779 ordinatis
878 716 1047 800 Episcopis
1075 716 1192 779 debere
1226 719 1288 778 rite

145 827 314 893 peragere,
332 813 364 865 et
384 803 418 862 in
439 801 609 863 meliorem
631 809 748 864 statum
773 801 970 862 reformare:
1002 799 1079 880 quia
1104 801 1193 882 quod
1221 822 1288 861 non

147 889 331 954 ostenditur
353 896 489 969 gestum,
509 885 591 946 ratio
614 907 680 960 non
696 883 774 944 sinit
791 893 827 943 ut
840 884 991 944 videatur
1012 883 1174 944 iteratum.
1195 884 1292 945 Prae-

148 974 251 1036 dictos
276 979 385 1030 nutem
409 965 670 1051 Chorepiscopos
690 987 800 1027 omnes
825 966 991 1049 praecepit
1013 965 1176 1044 damnare,
1202 967 1289 1026 etin

148 1056 248 1116 exilio
268 1051 407 1114 detrudi.
451 1053 514 1112 Ista
540 1072 618 1113 vcro
645 1071 768 1125 omnes,
794 1049 931 1112 maxime
952 1048 1046 1129 regni
1068 1049 1161 1110 nobis
1182 1049 1200 1110 a
1218 1051 1290 1110 Deo

148 1136 320 1214 commissi,
340 1134 493 1217 Episcopi
513 1155 588 1194 cnm
608 1133 723 1194 eodem
748 1131 892 1211 Arnone,
918 1132 1124 1214 permittente
1146 1135 1291 1214 praefato

148 1219 347 1304 Apostolico,
367 1217 477 1278 mitius
500 1225 685 1293 tractantes,
700 1215 866 1276 iamdictos
884 1215 1024 1277 villanos
1040 1213 1218 1310 Episcopos
1244 1216 1293 1296 in-

148 1315 200 1366 ter
214 1302 424 1385 Presbyteros
446 1309 638 1377 statuerunt,
659 1300 702 1358 ita
724 1308 761 1358 ut
783 1298 919 1381 amplius
942 1297 1026 1357 nihil
1051 1297 1091 1358 de
1116 1298 1292 1380 ep1scopali

148 1385 330 1448 ministerio
355 1391 611 1467 praesumerent,
631 1404 692 1444 nec
708 1382 769 1464 ipsi
792 1381 978 1464 deincepsi
998 1401 1161 1463 quoquam
1177 1381 1294 1446 fierent

148 1469 208 1554 qui
232 1467 349 1552 gradus
377 1468 428 1528 sui
453 1465 638 1550 periculum
663 1465 765 1527 vitare
792 1465 902 1526 vellet.
943 1467 1120 1526 Decretum
1152 1485 1292 1546 namque

149 1563 199 1616 est
218 1551 251 1614 in
269 1549 393 1634 synodo
419 1571 516 1632 qnam
533 1549 749 1631 Reginisburc
764 1570 824 1632 pro
851 1549 965 1608 eadem
984 1548 1039 1608 vel
1057 1569 1117 1631 pro
1131 1547 1202 1610 aliis
1220 1558 1294 1608 cau·
1356 1551 1358 1557 ’

148 1637 204 1714 sis,
227 1631 402 1718 apostolici
421 1632 623 1712 auctoritate,
644 1633 789 1716 praefato
803 1640 971 1714 praetexto
995 1629 1178 1710 habuimus,
1209 1631 1308 1692 nihil'
1354 1667 1356 1674 x

148 1741 192 1780 ex
211 1715 385 1800 praedictis
407 1715 425 1774 a
449 1733 612 1799 quoquam
635 1736 748 1778 eorum
773 1736 867 1796 agere
888 1735 948 1775 nec
971 1714 1079 1776 facere
1107 1713 1294 1778 volentibus

148 1801 350 1877 consentire,
366 1797 425 1862 sed
444 1799 603 1882 quicquid
617 1799 657 1859 ab
675 1797 725 1860 his
740 1797 967 1881 episcopaliter
979 1806 1223 1880 praesumptum
1235 1807 1293 1874 est,

150 1882 339 1946 acanonice
356 1882 512 1946 ordinatis
525 1882 694 1965 Episcopis
718 1881 830 1964 peragi
857 1880 987 1957 debere,
1021 1902 1082 1940 nec
1098 1881 1216 1942 ‘ullum
1238 1904 1294 1942 us-

149 1989 249 2052 quam
272 1967 311 2026 de
330 1965 506 2048 episcopali
520 1965 738 2026 ministeriosi
765 1963 1014 2046 Chorepiscopis
1046 1963 1171 2044 aliquid
1203 1985 1294 2025 acee-

150 2051 247 2134 pisse,
272 2049 350 2130 quia
370 2047 454 2110 nihil
481 2049 515 2108 in
540 2048 637 2109 dante
662 2056 731 2109 erat
756 2046 847 2128 quod
874 2046 990 2128 aliquis
1008 2046 1125 2106 borum
1147 2047 1294 2130 accipere

150 2133 321 2216 potuissem
334 2131 584 2214 quoniamquod
597 2153 662 2192 non
673 2130 786 2192 habuit
797 2129 870 2212 quis
882 2151 1004 2207 eorum,
1013 2129 1087 2190 dare
1102 2151 1167 2190 non
1179 2131 1294 2213 potuit.

150 2217 231 2278 Nam
243 2214 398 2297 Episcopi
421 2235 487 2276 non
504 2225 607 2295 erant,
625 2215 703 2299 quia
721 2235 782 2275 nec
803 2213 843 2274 ad
870 2212 1034 2294 quandam
1053 2211 1194 2274 civitatis
1215 2215 1297 2296 epis·

151 2298 301 2380 copalem
321 2297 433 2358 sedem
451 2298 573 2358 titulati
594 2309 697 2376 erant,
718 2319 778 2357 nec
800 2296 957 2357 canonice
974 2296 993 2356 a
1011 2296 1113 2356 tribus
1126 2293 1296 2379 Episcopis

53 2389 56 2394 '
153 2380 314 2442 ordinati:
337 2380 411 2441 ideo
434 2381 474 2443 de
490 2381 665 2464 episcopali
681 2377 863 2441 ministerio
880 2378 964 2441 nibil
991 2400 1084 2461 agere
1105 2388 1295 2461 potuerunt.

152 2465 196 2526 Et
217 2463 339 2524 ideirco
357 2485 423 2524 non
443 2463 625 2524 ostenditur
648 2475 773 2547 gestum
792 2461 879 2543 quod
896 2460 1032 2545 praefixi
1048 2483 1143 2544 agere
1163 2473 1297 2545 putave-

152 2555 247 2618 runt;
269 2545 345 2629 quia
368 2547 457 2628 quod
480 2567 546 2606 non
566 2546 762 2624 habuerunt,
785 2545 975 2606 nullatenus
1003 2545 1080 2606 dare
1107 2553 1296 2627 potuerunt.

151 2630 232 2690 Ideo
247 2649 387 2711 namque
404 2629 497 2690 nulla
513 2650 608 2692 causa
628 2629 788 2714 permittit
801 2637 838 2688 ut
861 2627 1010 2688 videatur
1028 2627 1188 2706 iteratum,
1208 2629 1298 2710 quod

153 2713 194 2774 de
223 2713 327 2774 causis
358 2711 540 2774 memoratis
567 2713 584 2774 a
610 2715 766 2776 canonice
790 2710 945 2772 ordinatis
972 2711 1142 2793 Episcopis
1175 2734 1299 2794 cogno·

153 2794 257 2856 scitur
277 2795 473 2878 regulariter
488 2804 666 2880 peractum.
707 2793 802 2858 Unde
826 2802 858 2856 et
881 2815 956 2856 cum
976 2793 1071 2877 saepe
1091 2795 1236 2876 quaestio
1258 2794 1298 2856 de

154 2879 238 2938 male
257 2887 390 2961 accepto
407 2877 532 2940 honore
551 2890 712 2956 nascatur,
737 2878 811 2962 quis
837 2877 976 2960 ambigat
998 2898 1205 2960 nequaquam
1230 2898 1298 2956 esse

154 2960 367 3022 tribuendum
385 2962 475 3044 quod
491 2983 556 3020 non
582 2962 676 3023 decet
695 2963 800 3024 fuisse
818 2961 1001 3020 conlatum?
1044 2959 1170 3020 Scimus
1198 2959 1298 3036 euim,

154 3043 240 3104 sicut
261 3055 292 3104 et
318 3045 351 3106 in
382 3043 524 3126 antiquis
549 3054 677 3125 patrum
699 3045 835 3127 legimus
865 3039 1016 3118 decretis,
1041 3063 1133 3123 posse
1164 3045 1240 3105 verat
1262 3065 1299 3104 ac

155 3127 239 3188 iustd
255 3127 391 3210 legitimi
401 3127 554 3210 Episcopi
567 3127 797 3190 benedictione
819 3126 941 3186 auferri
967 3147 1061 3188 omne
1076 3123 1193 3191 vitium
1210 3126 1299 3210 quod

157 3209 175 3268 a
192 3209 274 3271 vitio
294 3211 402 3298 fuerat
421 3211 587 3302 iniectum.
675 3277 677 3288 Ι

160 3339 203 3400 Ut
235 3341 340 3400 nrtllns
375 3341 625 3426 Chorepiscopus
655 3360 715 3424 per
740 3340 973 3423 impositionem
999 3338 1110 3400 moniis
1142 3337 1300 3424 Spiritum

219 3422 370 3484 Sanctum
389 3424 511 3496 trudat,
527 3437 582 3484 aut
599 3424 866 3484 consecrationem
881 3421 1101 3506 pontificalem
1121 3421 1237 3504 saciat.

153 3557 155 3564 ’
241 3554 281 3615 V.
303 3552 444 3631 Placuit,
464 3554 548 3614 sient
569 3555 688 3615 Leonis
707 3555 813 3636 Papae
841 3562 873 3614 et
897 3553 1045 3615 omnium
1064 3555 1302 3638 Episcoporum

159 3645 345 3696 nostrorum
362 3646 458 3718 atque
474 3634 678 3718 reliquorum
696 3638 842 3698 fidelium
857 3637 1002 3718 generali
1016 3647 1049 3699 et
1059 3638 1208 3721 synodali
1227 3659 1302 3698 eon-

158 3719 244 3780 sultu
273 3719 489 3797 decrevimus,
512 3730 549 3780 ut
572 3720 684 3780 nullus
703 3720 963 3802 Chorepiscopus
977 3742 1036 3803 per
1062 3721 1176 3782 mauris
1203 3721 1303 3802 impo-

158 3801 309 3862 sitionem
328 3802 486 3884 Spiritum
506 3803 661 3863 Sanctum
678 3803 818 3878 tradere,
841 3813 897 3862 aut
915 3803 1104 3864 Sacerdotes
1127 3805 1183 3865 vel
1203 3801 1302 3863 Leri-

150 3893 205 3944 'tas
226 3893 281 3943 aut
297 3885 518 3946 subdiaconos
546 3906 682 3963 sacrare,
705 3886 757 3946 vel
776 3885 921 3968 virgines
938 3885 1059 3963 velare,
1082 3895 1138 3946 aut
1156 3895 1303 3947 sanctum

158 3966 297 4028 chrisma
320 3968 480 4029 conficere
500 3968 555 4028 vel
579 3968 739 4029 Ecclesias
764 3976 820 4028 ant
843 3968 954 4028 altaria
973 3978 1186 4046 sacrare,‘aut
1204 3968 1304 4034 bene·

159 4049 338 4110 dictionem
356 4051 388 4110 in
407 4051 540 4134 publica
561 4051 656 4111 Missa
676 4051 806 4134 populis
829 4051 973 4112 tribuere
995 4062 1193 4132 praesumat:
1217 4072 1300 4133 quae

159 4133 270 4192 omnia
292 4135 424 4196 summis
456 4133 681 4210 Pontificibus,
710 4133 744 4194 id
775 4136 833 4210 est,
866 4133 1106 4195 cathedralibus
1136 4133 1304 4218 Episcopis

159 4215 334 4294 debentur,
354 4227 387 4280 et
400 4239 466 4290 non
486 4215 733 4298 Chorepiscopis
756 4216 808 4277 vel
828 4216 1041 4300 presbyteris,
1071 4237 1212 4298 quorum
1234 4219 1304 4278 for-

159 4319 255 4375 mam,
273 4297 363 4362 iuxta
382 4309 569 4364 sanctorum
588 4301 758 4370 Canonum
773 4297 1303 4386 decreta,Chorepiscopi·gerunt.
