2928 4986
295 317 330 370 a.
349 313 439 372 ean.
545 311 681 370 aucun
701 314 969 405 araneorum*
1043 315 1104 374 sn.
1201 296 1279 378 363,

139 455 329 540 quicunque
349 455 452 539 primi
473 462 505 518 et
524 453 666 518 sec'undai
683 454 753 516 vice
778 457 818 518 de
841 455 927 520 hist
949 458 1074 521 Comite
1093 457 1276 520 admonitus
1333 505 1336 511 .

140 562 206 602 non
227 561 261 602 se
281 559 314 602 se
330 537 527 613 correxerit,
552 538 698 599 volumus
715 546 757 602 ¹nt
784 561 843 622 per
864 541 1005 604 eundem
1026 539 1186 604 Comitem
1206 541 1277 602 eius

139 621 340 706 negligentia
360 620 401 682 ad
418 629 559 682 nostram
580 619 728 698 notitiam
740 623 958 702 perferuntur,
981 635 1018 684 ut
1039 624 1147 685 nostrat
1166 633 1278 684 aucto·
1333 677 1340 686 .

139 705 235 768 ritate
257 703 347 786 quod
365 703 400 764 in
418 713 529 764 nostro
545 702 725 786 capitulari
741 704 945 784 continetur,
966 707 1076 768 subire
1096 716 1237 788 cogatur.

179 815 237 878 De
261 811 417 898 Capitulis
446 811 466 871 la
493 809 690 872 Cancellorio
714 813 831 895 palatii
859 812 899 874 ab
923 811 1180 900 Archiepiscopis
1206 825 1237 872 et

509 892 690 955 Comitibus'
703 894 908 978 accipiendis.

219 1001 339 1068 XXIV.
380 997 542 1062 Volumus
573 996 670 1060 etiam
693 1007 731 1058 ut
754 998 904 1082 Capitnla
928 1021 1011 1082 qnae
1037 1021 1126 1062 nuno
1151 1007 1185 1063 et
1213 1000 1278 1062 alio

137 1097 283 1172 tempore
299 1083 453 1147 consultu
472 1088 657 1144 nostrorum
677 1079 825 1144 fidelium
844 1083 972 1146 anobis
992 1083 1165 1146 constituta
1183 1093 1278 1159 sant,

139 1165 378 1234 aCancellario
399 1175 510 1228 nostro
527 1163 775 1248 Archiepiscopi
790 1174 824 1227 et
843 1166 985 1230 Comites
1006 1189 1119 1230 eornm
1141 1167 1181 1228 de
1199 1188 1278 1248 pro·
1338 1239 1341 1242 Ι

137 1253 219 1340 priis
241 1249 426 1336 civitatibus
442 1247 557 1325 modo,
582 1256 639 1308 aut
657 1268 717 1331 per
735 1269 769 1310 se
790 1257 847 1310 aut
858 1270 919 1332 per
935 1271 1010 1312 suos
1033 1250 1167 1324 Missos,
1191 1250 1278 1308 acci-

137 1336 248 1422 piant,
270 1342 303 1395 et
321 1333 549 1414 unusquisque
568 1351 629 1414 per
645 1352 736 1392 suam
754 1331 928 1394 dioecesim
945 1332 1079 1394 caeteris
1096 1331 1278 1414 Episcopis,

138 1415 337 1492 abbatibus,
367 1412 550 1477 Comitibus
566 1422 607 1473 ,et
631 1412 703 1474 aliis
730 1414 880 1476 fidelibus
902 1415 1019 1476 nostris
1043 1436 1080 1476 ea
1108 1414 1279 1474 transcribi

139 1499 278 1577 iaciant,
309 1505 340 1559 et
360 1495 396 1557 in
421 1497 487 1560 suis
514 1495 718 1558 comitatibus
746 1518 855 1559 coram
878 1498 1027 1561 omnibns
1047 1495 1213 1578 relegant,
1243 1505 1279 1555 ut

140 1580 268 1645 cunctis
293 1587 406 1641 nostra
435 1577 598 1641 ordinatio
622 1587 654 1640 et
674 1579 825 1642 voluntas
852 1590 929 1642 nota
953 1581 1024 1644 fieri
1043 1579 1153 1661 possit.
1195 1579 1279 1641 Can-

139 1663 293 1728 cellarias
313 1671 422 1724 tamen
447 1671 558 1724 noster
578 1660 710 1722 nomina
730 1662 965 1746 Episcoporum
983 1674 1016 1726 et
1035 1661 1198 1740 Comitum
1220 1661 1279 1744 qui

140 1769 179 1810 ea
196 1745 343 1828 accipere
360 1745 563 1822 curaverint,
581 1753 689 1820 notet,
712 1755 745 1806 et
767 1767 804 1807 ea
820 1747 860 1807 ad
880 1756 1021 1808 nostram
1037 1745 1187 1808 notitiam
1206 1766 1276 1827 per·

139 1831 241 1908 serat,
262 1837 299 1888 ut
313 1827 432 1890 nullus
454 1826 517 1890 hoe
532 1828 786 1910 praetermittere
802 1839 993 1909 praesumat.
1035 1827 1128 1894 Vassi
1145 1827 1278 1910 qnoque

139 1919 174 1974 et
189 1909 316 1973 vassalli
335 1908 436 1972 nostri
453 1909 543 1972 nobis
561 1909 753 1972 famulantes
766 1912 915 1972 volumus
929 1921 966 1974 nt
977 1912 1177 1996 condignum
1193 1908 1279 1992 apud

139 2015 252 2056 omues
275 1991 416 2054 habeant
436 1992 618 2071 honorem,
640 1992 724 2054 sicut
752 1993 770 2054 al
792 1995 939 2078 genitore
958 2006 1068 2058 nostro
1087 2003 1120 2060 et
1142 1995 1161 2054 al
1185 1991 1278 2054 nobis

139 2097 236 2160 saepe
259 2075 461 2138 admonitum
480 2083 538 2138 est.

180 2183 238 2248 De
260 2176 438 2245 nominibus
457 2181 600 2246 locorum
614 2205 653 2348 Ji
670 2183 783 2266 quibus
800 2183 896 2246 Misn
911 2185 1065 2247 dominici
1080 2183 1236 2266 legatione

639 2288 679 2326 nn
701 2279 805 2327 untur.

223 2346 327 2414 XXV.
368 2341 409 2410 In
433 2349 615 2427 Vesontio,
638 2287 720 2432 quiae
744 2359 792 2411 est
812 2347 968 2411 dioecesis
987 2348 1145 2427 Bernoini
1165 2348 1279 2412 Archi-

142 2429 304 2516 episcopi,
319 2431 489 2494 Heiminus
508 2433 687 2516 Episcopus
708 2439 739 2492 et
752 2432 967 2512 Monogoldus
984 2433 1109 2496 Comes.
1152 2430 1191 2494 ln
1212 2433 1285 2511 Mof

141 2515 263 2598 guntin,
280 2523 427 2596 quaeest
443 2515 600 2578 dioecesis
611 2513 761 2578 Heistulfi
773 2513 1029 2598 Archiepiscopi,
1044 2515 1131 2578 idem
1138 2515 1280 2578 Heistnl·

140 2599 194 2660 sus
211 2595 391 2680 Episcopus
405 2606 438 2658 et
451 2597 646 2659 Ruotbertus
666 2599 791 2660 Comes.
834 2599 872 2658 ln
894 2599 1046 2660 Treveris
1062 2598 1151 2660 Hetti
1167 2595 1281 2659 Archi·

141 2679 311 2762 episcopus
327 2688 359 2739 et
373 2678 565 2744 Adalbertus
582 2683 708 2744 Comes.
742 2682 780 2740 ln
800 2680 936 2743 Colonia
948 2679 1281 2742 HadaboldnsArchi·
1364 2735 1368 2742 .

141 2759 311 2845 episcopus
324 2770 357 2824 et
371 2761 560 2824 Eemundus
574 2765 699 2826 Comes.
721 2764 758 2824 ln
772 2763 879 2826 Remis
889 2763 981 2827 Ebbo
995 2763 1280 2846 Archiepiscopus,

141 2843 273 2926 quando
290 2843 434 2926 potnerit
446 2869 454 2916 ς
477 2855 510 2906 et
532 2845 663 2928 qnando
687 2845 717 2908 ei
742 2867 807 2906 non
828 2847 976 2926 licuerit,
998 2845 1167 2909 Ruotadns‘
1181 2844 1281 2926 Epis-

142 2948 242 3010 copus
266 2925 336 2988 eius
359 2925 431 2990 vice
456 2937 488 2988 et
506 2929 695 2990 Ruotfridus
715 2929 830 2992 Comes
851 2928 918 2990 sint
935 2951 1033 3013 snper
1047 2949 1104 2992 ser
1123 2927 1280 2991 videlicet

142 3009 336 3084 comitatus,
360 3008 395 3070 id
419 3018 484 3089 est,
506 3011 641 3089 Remos,
668 3011 897 3090 Catalaunem,
920 3011 1144 3089 Suessiouem,
1164 3010 1279 3094 sylva-

142 3101 288 3169 nectem,
308 3091 502 3170 Belvacum,
522 3101 555 3154 et
572 3093 777 3154 Iandunum.
819 3095 925 3177 Super
943 3105 1082 3178 quatuor
1094 3114 1172 3155 vero
1188 3091 1279 3175 Epis-

141 3183 274 3259 copatus
288 3173 345 3258 qui
360 3175 401 3236 ad
418 3176 554 3238 eandem
573 3175 728 3239 diocesim
748 3176 933 3260 pertinent,
953 3178 988 3238 id
1009 3186 1076 3256 est,
1103 3175 1279 3239 Novioma-

141 3279 293 3335 censem,
321 3256 600 3336 ,Ambianensem,
631 3259 904 3337 'tarvanensem
936 3269 969 3324 et
997 3261 1279 3332 Camaracensem,

140 3338 339 3423 Regenarius
362 3347 399 3419 g)
437 3339 616 3424 Episcopus
649 3351 682 3404 et
707 3340 921 3424 Berengarius
958 3345 1083 3404 Comes.
1132 3343 1279 3402 Senones

140 3418 319 3484 Hieremias
349 3419 622 3506 Archiepiscopus
657 3433 691 3488 et
716 3427 863 3486 Donatus
895 3425 1020 3487 Comes.
1068 3425 1280 3505 Rotomagum

141 3504 348 3568 Willibertus
369 3503 660 3590 Archiepiscopus,
682 3517 716 3569 et
735 3507 927 3588 ingobertus
945 3509 1070 3570 Comes.
1112 3507 1280 3568 Turonern

140 3584 358 3648 landrannus
379 3587 669 3672 Archiepiscopus,
700 3601 733 3651 ct
754 3591 951 3653 Ruotbertus
978 3591 1102 3652 Comes.
1144 3587 1280 3669 Lugdu-

142 3689 240 3816 Eum,
255 3669 459 3750 Tarantasia,
474 3682 507 3732 et
524 3670 651 3734 Vienna
661 3671 831 3736 Alhericus
840 3672 1038 3756 Episcopus,
1055 3680 1087 3736 et
1099 3669 1281 3744 Richardus

171 3771 269 3812 omes.
302 3785 305 3798 ³

182 3857 241 3920 De
254 3842 549 3919 commemoratione
557 3856 609 3919 vnd
619 3858 804 3939 legationem
814 3859 1053 3945 praedictorum
1064 3859 1239 3926 Mismrnm

620 3945 807 4024 pertinente.

224 4013 352 4086 XXVI.
394 4023 664 4084 Commemoratio
691 4024 772 4106 quid
793 4025 833 4086 ad
850 4027 1091 4108 praedictorum
1109 4025 1280 4090 Missurum

141 4101 338 4186 legationem
367 4104 532 4188 pertineat
562 4105 689 4185 Primo,
718 4117 753 4167 ut
781 4117 977 4172 conventum
1006 4110 1040 4192 in
1066 4109 1195 4182 ¹dnobus
1226 4119 1281 4173 aut

144 4203 405 4240 ...μ-...-

176 4263 215 4329 g')
232 4259 266 4318 al.
285 4274 345 4316 mss.
363 4260 561 4334 angariantes,
580 4259 750 4336 Regenan'm
759 4302 771 4332 ,
789 4263 961 4336 negauerim,
981 4265 1149 4339 naugerus.
