2952 4988
247 325 281 380 A.
302 283 415 380 caus
496 319 897 378 necuuraauconun.
1025 317 1087 375 su.
1202 299 1274 371 249

127 465 279 541 vicario,
310 472 365 524 aut
390 463 604 539 Centenario,
629 462 681 523 vel
709 459 911 544 quibuslibet
936 458 1124 520 hominibus
1161 481 1275 520 eorum

128 543 285 623 dedisset,
318 556 350 608 et
370 556 503 629 propter
522 545 585 606 hoc
607 545 691 606 illud
712 546 774 606 iter
798 543 989 621 dimisisset,
1013 553 1044 604 et
1061 541 1150 602 Missi
1173 544 1275 604 nostri

127 632 193 692 hoc
211 633 253 690 ita
267 651 381 692 verum
396 647 463 690 esse
476 629 672 710 investigare
684 627 870 712 potuerint,
882 626 908 688 is
923 648 983 709 per
994 627 1086 688 cuius
1098 625 1276 686 iussionem

130 715 188 773 ille
205 713 376 789 remansit,
390 713 536 772 bannum
550 721 695 772 nostrum
709 709 881 772 reuvadiet
895 719 992 792 atque
1008 709 1191 793 persolvat,
1208 709 1276 770 sive

129 795 372 858 sitComessive
383 794 550 872 Vicarius,
569 795 636 856 sive
655 795 839 856 Advocatus
852 792 1005 878 Episcopi
1022 801 1118 874 atque
1133 791 1276 852 Abbatis.

214 909 270 973 IV.
311 913 360 972 De
386 910 574 976 hominihus
597 910 732 988 Comitis
756 909 869 972 casatis
893 908 946 970 isti
967 917 1044 971 sunt
1066 907 1277 990 excipiendi,

132 1005 166 1056 ct
190 994 335 1056 bannum
363 993 554 1056 reuvadiare
580 1014 647 1053 non
679 993 876 1055 iubeantur:
907 994 972 1054 (luo
995 991 1054 1074 qui
1078 1012 1153 1050 cum
1174 1012 1277 1051 uxore

123 1078 222 1140 >illius
237 1076 324 1138 domi
337 1076 459 1139 dimissi
472 1078 609 1136 fuerunt
619 1121 627 1152 ,
639 1085 671 1136 et
687 1077 746 1146 alii¹
761 1077 826 1138 duo
842 1077 900 1157 qui
911 1085 1044 1158 propter
1058 1071 1276 1134 ministerium

132 1162 203 1224 eius
222 1159 473 1222 custodiendum
491 1165 522 1221 et
541 1157 709 1220 servitium
726 1168 872 1220 nostrum
895 1157 1083 1221 faciendum
1106 1177 1277 1218 remanere

132 1243 211 1304 iussi
228 1252 313 1304 sunt.
356 1241 397 1304 ln
418 1265 482 1325 qua
504 1264 599 1307 causa
619 1243 716 1304 modi)
736 1241 953 1324 praecipimus
974 1251 1010 1303 ut
1026 1248 1148 1322 quanta
1163 1238 1278 1300 minis-

132 1327 216 1387 teria
228 1326 461 1408 unusquisque
474 1327 589 1387 Comes
604 1325 776 1402 hahuerit,
794 1324 914 1388 totiens
931 1326 1011 1387 duos
1028 1321 1177 1384 homines
1192 1322 1280 1384 adea

134 1409 350 1471 custodienda
370 1408 456 1470 domi
471 1409 628 1486 dimittat,
650 1419 779 1492 praeter
800 1408 875 1469 illos
893 1409 973 1472 duos
987 1427 1069 1491 quos
1088 1428 1162 1468 cum
1177 1414 1280 1469 uxote

134 1493 210 1561 s'ua;
234 1499 378 1553 caeteros
399 1513 477 1553 vero
498 1513 609 1553 omnes
626 1513 735 1553 secum
755 1489 900 1576 pleniter
919 1491 1046 1554 habeat.
1088 1488 1152 1551 Vel
1167 1487 1194 1548 si
1209 1487 1277 1570 ipse

138 1573 225 1636 domi
242 1575 450 1656 remanserit,
473 1597 548 1634 cum
565 1575 624 1636 illo
637 1575 695 1656 qui
711 1597 770 1658 pro
790 1595 829 1634 eo
846 1574 886 1634 'in
907 1574 1033 1636 hostem
1051 1570 1279 1654 proficiscitur,

139 1657 329 1738 dirigantur.
371 1657 551 1741 Episcopus
569 1657 648 1719 verb
668 1659 719 1718 vel
736 1657 842 1718 Abbas
867 1658 948 1720 duos
964 1658 1090 1718 tantum
1109 1655 1149 1718 de
1167 1653 1281 1716 casatis

139 1748 173 1800 et
193 1739 284 1800 laicis
304 1739 492 1800 hominihus
514 1739 580 1802 suis
597 1740 684 1801 domi
703 1741 874 1802 dimittant.

221 1856 261 1916 V.
304 1857 354 1916 De
382 1854 568 1916 hominihus
591 1855 709 1915 nostris
739 1855 1025 1938 etEpiscoporum
1047 1864 1079 1917 et
1098 1854 1279 1929 Abbatum,

139 1937 197 2020 qui
221 1939 274 1998 vel
293 1938 452 1999 beneficia
469 1940 520 2000 vel
541 1939 619 1999 talia
633 1939 765 2020 propria
785 1937 908 2000 habent
923 1948 960 1999 ut
978 1939 1081 1999 exeis
1098 1936 1280 2000 secundum

140 2030 282 2081 nostram
302 2019 477 2083 iussionem
500 2030 533 2082 in
557 2021 685 2082 hostem
706 2021 789 2082 bene
809 2021 932 2105 possint
952 2042 1109 2104 pergere,
1135 2020 1280 2101 exceptis

138 2104 190 2164 bis
209 2125 290 2183 qiros
311 2105 356 2165 eis
379 2127 490 2167 secum
513 2105 599 2166 domi
623 2125 792 2166 remanere
815 2103 1036 2186 permisimus,
1059 2105 1086 2165 si
1105 2103 1206 2185 aliqui
1229 2104 1281 2162 in-

140 2188 232 2246 venti
253 2187 377 2247 fuerint
396 2189 454 2270 qui
477 2189 530 2248 vel
548 2188 704 2270 pretiose
723 2187 952 2265 redemissent,
976 2189 1029 2250 rel
1053 2184 1193 2252 dominis
1215 2185 1281 2246 suis

140 2270 400 2351 permittentibus
429 2271 516 2332 domi
543 2271 792 2348 remansissent,
823 2271 968 2332 bannum
998 2279 1164 2346 nostrum,
1199 2263 1283 2330 sicut

141 2351 290 2433 superius
306 2353 505 2432 dictumest,
520 2354 729 2431 reuvadIent,
746 2362 779 2414 et
794 2352 891 2416 fidem
902 2354 1022 2414 faciant
1037 2377 1073 2415 ac
1086 2353 1281 2436 persolvant.

142 2435 275 2494 Domini
289 2437 367 2497 verb
382 2459 511 2513 eorum,
535 2437 592 2518 qui
607 2458 661 2497 eos
675 2435 764 2499 ,domi
784 2457 951 2498 remanere
971 2433 1208 2520 permiserunt,
1229 2435 1282 2495 vel

143 2517 370 2580 ministeriales
388 2542 522 2596 eorum,
538 2520 595 2601 qui
615 2519 654 2579 ab
672 2520 717 2581 eis
736 2519 878 2602 pretium
891 2531 1109 2604 acceperunt,
1132 2518 1283 2582 similiter

142 2599 287 2658 bannum
311 2611 455 2662 nostrum
484 2601 698 2680 reuvadIent,
728 2611 760 2664 et
784 2603 883 2666 fidem
905 2604 1042 2683 faciant,
1079 2603 1283 2686 usquedum

144 2681 236 2742 nobis
254 2683 356 2744 fuerit
375 2685 611 2745 annuntiatum.

226 2799 281 2860 VI.
325 2800 484 2862 Volumus
505 2811 540 2862 ut
559 2803 645 2864 missi
666 2804 766 2866 nostri
787 2803 965 2886 diligenter
979 2803 1148 2887 inquirant
1162 2804 1197 2864 in
1213 2803 1284 2884 qui·

142 2881 202 2941 hus
226 2881 305 2942 locis
327 2881 390 2942 hoc
408 2883 530 2944 factum
554 2886 595 2946 sit
617 2887 706 2968 quod
723 2888 763 2947 ad
780 2908 839 2948 nos
853 2888 1019 2968 pervenit,
1046 2887 1283 2969 quodquidam

142 2963 291 3024 homines
303 3011 312 3042 ‚
334 2974 505 3046 postquam
523 2970 701 3030 secundum
723 2977 863 3030 nostram
884 2969 1060 3032 iussionem
1082 2971 1178 3032 sociis
1198 2970 1281 3044 suis,

143 3047 199 3126 qui
220 3045 252 3106 in
270 3046 395 3108 hostem
412 3061 645 3129 perrexerunt,
667 3049 710 3113 de¹
724 3053 885 3134 stipendia
907 3076 963 3114 sua
981 3053 1179 3114 adiutorium
1199 3054 1283 3114 fece-

104 3149 106 3154 ’
142 3140 235 3207 runt,
251 3131 384 3192 iubente
407 3133 531 3193 Comite
550 3134 602 3196 vel
622 3135 888 3197 ministerialibus
902 3136 972 3197 eius
991 3145 1125 3218 propter
1142 3157 1175 3197 se
1193 3135 1282 3196 redi—

106 3237 109 3242 ·
143 3214 297 3296 menilum
322 3215 464 3296 pretium
490 3216 653 3278 dederunt
677 3229 713 3278 ut
740 3218 787 3278 eis
810 3217 896 3278 domi
922 3239 1090 3280 remanere
1117 3218 1281 3291 licuisset,
1318 3259 1324 3268 .

144 3295 217 3355 clun
235 3296 285 3356 illi
310 3297 345 3357 in
368 3297 494 3360 hostem
518 3298 566 3360 ire
600 3323 666 3362 non
693 3301 872 3378 deberent,
901 3302 978 3384 quia
1008 3304 1072 3361 iam
1096 3301 1192 3363 sociis
1216 3302 1282 3361 suis

143 3380 357 3442 constitutum
373 3381 390 3441 h
409 3382 502 3444 uobis
521 3382 719 3446 adiutorium
735 3383 908 3446 dederuut.
950 3387 1019 3446 Hoc
1035 3384 1091 3445 fiat
1114 3383 1283 3466 investiga-

143 3470 211 3522 tum
229 3472 261 3522 et
277 3463 370 3525 nobis
391 3466 586 3528 nuntiatum.
1093 3476 1096 3480 ’

225 3577 300 3640 VII.
342 3577 504 3643 Volumus
520 3591 556 3642 ut
572 3581 626 3644 isti
639 3581 727 3644 Missi
742 3581 842 3643 nostri
859 3583 916 3664 qui
937 3581 997 3643 lule
1010 3584 1173 3667 legatione
1186 3585 1281 3666 fungi

144 3657 282 3736 debent,
305 3661 344 3720 ab
362 3662 412 3724 his
426 3663 612 3728 hominibus
627 3665 812 3729 coniectum
833 3664 993 3748 accipiant
1014 3667 1072 3749 qui
1093 3668 1126 3727 in
1153 3667 1280 3728 hostem

142 3762 276 3822 pergere
289 3743 491 3824 debuerunt,
510 3757 542 3808 et
558 3771 624 3810 non
639 3759 865 3832 perrexerunt.
895 3749 1054 3812 Similiter
1072 3751 1136 3812 etia
1154 3748 1279 3811 Comite

145 3824 197 3884 vel
213 3824 362 3918 Ismario,
384 3829 437 3890 vel
452 3831 665 3909 Centenario,
687 3831 745 3914 qui
766 3832 889 3894 adhoc
912 3842 1151 3895 consenserunt
1173 3842 1210 3893 ut
1229 3834 1280 3892 illi

144 3907 231 4000 glomi
253 3911 491 3972 remansissent.
530 3915 665 3976 Necnon
687 3925 719 3975 et
741 3914 779 3973 ab
808 3915 957 3979 omnibus
974 3916 1177 4001 praedictum
1200 3938 1281 3978 con-

144 3999 265 4084 iectum
283 3991 444 4074 accipiant
458 3994 514 4076 qui
530 4019 615 4058 anno
632 3997 808 4079 praeterito
824 3999 1031 4061 constitutam
1049 3999 1173 4061 anobis
1190 4020 1282 4061 exer-

145 4071 249 4134 cltulis
264 4073 390 4136 itineris
406 4075 584 4139 iussionem
601 4080 723 4140 irritam
740 4081 899 4142 fecerunt.

226 4189 314 4250 VIII.
358 4187 453 4252 Istius
473 4191 667 4274 Capitularis
688 4195 884 4276 exemplaria
907 4208 1047 4280 quatuor
1072 4199 1224 4261 volumus
1246 4210 1282 4259 ut

144 4270 343 4360 scribantur,
367 4284 398 4336 et
423 4297 526 4336 unum
548 4277 687 4338 habeant
704 4279 791 4338 Missi
808 4280 926 4359 nostri,
950 4283 1089 4346 alterurn
1107 4284 1221 4343 Comes
1246 4285 1279 4342 in
