2920 4972
187 320 238 397 60
406 334 442 394 Α.
472 331 562 390 cun.
669 329 926 388 corrrunsnm
1031 330 1096 395 rar.

359 473 409 536 De
434 473 604 536 stabilitate
621 469 852 556 Episcoporum
877 473 925 534 vei
958 471 1163 536 Clericorum.

585 581 927 646 Sscaanorraus.

268 691 388 786 XXIII,
432 689 513 784 Item
529 685 563 783 in
583 687 699 750 eodem
717 687 868 754 Concilio
893 689 979 751 infra
999 690 1064 751 dua
1078 688 1231 787 capitula,
1247 707 1330 754 nec·

187 796 253 848 non
274 784 308 836 et
322 795 357 833 1n
373 771 569 848 Sardrcenu,
586 780 624 830 ut
641 793 703 832 nec
721 771 902 854 Episcopus
923 794 985 836 nec
1000 772 1124 836 Clerici
1142 794 1209 836 non
1227 782 1330 836 unns-

185 861 368 942 migrentur
392 853 577 916 decivitate
597 853 631 912 in
648 853 825 918 civitatem.

118 1035 120 1042 ¹
206 968 307 1028 Cone.
325 962 436 1026 Chalc.
453 982 524 1022 can.
539 959 568 1024 5.
610 960 660 1019 De
677 959 846 1043 Episcopis
865 971 898 1022 et
920 961 1059 1024 Cleriei's
1079 963 1138 1044 qui
1165 983 1199 1026 se
1218 963 1259 1026 de
1277 963 1328 1024 ci-

266 1047 368 1122 uitate
384 1045 418 1104 in
435 1043 599 1105 civitatem
623 1042 837 1122 transferunt,
859 1044 984 1126 placuit
1008 1054 1043 1105 ut
1065 1065 1207 1108 canones
1226 1047 1285 1128 qni
1308 1049 1328 1110 it

267 1127 386 1274 punctis
408 1126 559 1190 Patribus
572 1126 613 1188 dc
630 1123 681 1184 his
696 1123 773 1208 ipsis
789 1127 958 1190 constituti
977 1135 1066 1205 suut,
1083 1150 1173 1190 suam
1186 1128 1328 1190 habeant

292 1221 459 1274 rmrtatem.

131 1351 132 1354 ,
205 1299 306 1360 Cone.
323 1294 446 1355 Sardic.
460 1313 529 1352 can.
548 1311 573 1353 ι.
615 1289 732 1351 Hosius
744 1290 925 1374 Episcopus
942 1291 1046 1353 dixit:
1068 1295 1112 1354 Ut
1130 1293 1170 1354 de
1192 1293 1326 1358 civitate

269 1379 303 1438 in
325 1378 490 1440 civitatem
507 1373 679 1456 quisquam
705 1373 731 1434 si
751 1373 951 1455 migraverit,
978 1384 1034 1436 aut
1059 1375 1240 1462 Episcopus
1269 1384 1327 1438 aut

268 1460 428 1537 Clericus,
447 1456 742 1520 excommunicatus
756 1466 931 1518 remaneat.

390 1576 442 1636 De
459 1571 661 1649 Presbyteris
679 1591 742 1631 non
759 1571 899 1632 absoluti
916 1570 1119 1638 ordinandis.

635 1679 664 1740 0
684 1700 707 1740 n
727 1701 770 1742 nr
788 1701 803 1740 a
820 1699 878 1742 us.

266 1793 387 1858 XXIV.
429 1791 512 1852 Item
532 1787 567 1848 in
583 1785 698 1850 eadem
719 1788 855 1872 synodo,
880 1787 992 1849 nullus
1020 1788 1167 1852 absolute
1189 1789 1325 1854 ordine-

182 1889 248 1958 tur,
264 1888 298 1942 et
316 1875 387 1942 sine
403 1871 669 1958 pronuntiatione
695 1880 728 1933 et
754 1870 929 1934 stabilitate
953 1870 1019 1934 loci
1043 1871 1084 1934 ad
1107 1893 1206 1956 quem
1233 1874 1324 1938 ordi-

185 1971 293 2030 natur.

199 2068 304 2132 Cone.
321 2064 518 2127 Chalaeon.
538 2058 569 2123 6.
611 2058 747 2122 Nullum
764 2057 910 2120 absolute
930 2057 1085 2137 ordinari,
1101 2080 1209 2142 neque
1226 2063 1324 2127 Pres-

264 2152 426 2238 byterum,
464 2163 572 2228 neque
602 2143 795 2219 Diaconum,
831 2163 938 2224 neque
968 2141 1099 2224 penitus
1125 2164 1324 2228 quemquam

266 2253 380 2296 eornm
397 2228 454 2314 qui
478 2227 612 2290 suntin
641 2223 861 2287 eeclesiastico
890 2223 1016 2302 ordine,
1048 2223 1112 2286 nisi
1136 2228 1324 2308 specialiter

265 2312 432 2378 Ecclesiae
447 2308 598 2388 civitatis,
615 2309 669 2371 vel
688 2309 753 2374 rici
770 2307 823 2370 rel
846 2306 1004 2389 martyrii,
1033 2307 1091 2390 qui
1118 2308 1321 2374 ordinandus

266 2409 313 2460 est
333 2395 434 2457 luerit
448 2394 638 2456 declaratus.
680 2391 804 2452 Horum
824 2399 932 2450 autem
947 2387 1187 2452 ordinationem
1211 2393 1325 2457 huius-

265 2479 364 2556 modi,
381 2477 439 2560 qui
454 2473 599 2538 absolute
618 2473 823 2552 ordinantur,
850 2471 1018 2534 constituit
1050 2481 1159 2534 sancta
1180 2477 1323 2559 synodus

266 2562 466 2623 inefficacem
488 2580 568 2636 esse,
600 2565 632 2620 et
650 2576 811 2640 nusquam
836 2555 992 2639 possead
1021 2553 1201 2619 ordinantis
1231 2558 1321 2622 iniu-

266 2646 348 2708 riam
366 2642 566 2728 praevalere.
1297 2647 1308 2664 ⁸

238 2771 241 2780 ’
353 2771 356 2776 '
369 2761 422 2821 De
432 2759 602 2845 proposito
618 2752 850 2818 Menaenorum
865 2765 896 2813 et
911 2751 1116 2816 clericorum.

537 2866 962 2928 Sacranorrsus

265 2966 368 3043 XXV.
409 2977 491 3039 ltem
510 2975 545 3036 in
564 2973 679 3036 eodem
706 2969 868 3048 Concilio,
897 2977 934 3029 ut
962 2966 1086 3030 Clerici
1108 2977 1142 3031 et
1170 2951 1324 3032 Monachi

183 3062 217 3122 in
244 3085 303 3125 sno
322 3061 487 3146 proposito
508 3066 541 3120 et
556 3065 633 3121 voto
655 3054 747 3138 quod·
759 3055 830 3115 Deo
856 3050 1085 3135 promiserunt,
1103 3063 1323 3134 permaneant.

204 3167 501 3229 Conc.Chalc.can.
513 3186 541 3246 7.
570 3162 638 3240 Qui
655 3159 760 3223 semel
769 3167 845 3238 sunt
860 3157 1014 3236 ordinati,
1031 3165 1086 3217 aut
1097 3157 1154 3238 qni
1169 3155 1323 3222 Monaehi
1398 3225 1401 3230 ,

264 3245 339 3312 facti
360 3257 446 3326 sunt,
461 3245 687 3308 constituimus
710 3263 816 3324 neque
842 3240 880 3300 ad
904 3240 1053 3300 militiam
1078 3259 1186 3320 neque
1211 3242 1252 3303 ad
1274 3263 1324 3305 se·

267 3333 412 3393 calorem
430 3329 620 3414 dignitatem
639 3325 763 3389 venire.
808 3323 890 3384 Clam
907 3322 985 3385 verb
998 3361 1005 3407 2
1017 3319 1080 3382 hoc
1112 3321 1321 3404 arripuerint,

267 3415 328 3476 nisi
342 3413 546 3498 poenitentes
562 3411 602 3472 ad
625 3410 687 3469 hoe
707 3413 915 3470 revertantur
939 3400 1029 3486 quod
1056 3409 1189 3488 propter
1215 3406 1323 3468 Deum

264 3497 441 3582 elegerant,
460 3493 781 3556 anathematizentur.

348 3614 399 3674 De
415 3605 581 3674 Monac'tis
595 3610 651 3694 qni
673 3605 718 3666 ad
732 3603 915 3668 clericatum
926 3601 1157 3686 provehuntur.

626 3716 879 3778 Quassus.

265 3827 383 3892 XXVI.
424 3826 505 3888 Item
525 3823 559 3884 in
576 3819 714 3884 decretis
729 3813 914 3878 Innocentii
938 3815 1044 3898 Papae
1068 3811 1108 3874 de
1132 3811 1247 3874 eadem
1271 3835 1320 3892 re,

183 3924 219 3975 nt
243 3908 432 3986 Monachus,
453 3908 479 3970 si
499 3907 540 3968 ad
560 3905 750 3966 clericatum
771 3897 981 3984 provehatur,
994 3895 1196 3982 propositum
1211 3917 1320 3957 mona·

183 3997 294 4060 chicae
309 3990 519 4077 professionis
540 4009 606 4049 non
631 3987 763 4047 amittat.

204 4107 317 4168 innoc.
336 4123 363 4162 c.
390 4120 434 4180 17.
455 4099 505 4158 De
528 4093 696 4157 Monaehis
715 4089 773 4176 qui
791 4088 847 4151 dia
867 4095 1028 4150 morantes
1048 4084 1082 4144 in
1101 4081 1319 4162 monasteriis,
1382 4149 1384 4156 ¹

264 4183 375 4270 postet
393 4181 434 4242 ad
454 4177 627 4242 clericatus
643 4175 793 4238 ordinem
813 4169 1023 4256 perveniunt,
1041 4189 1108 4228 non
1126 4167 1245 4229 debere
1264 4186 1319 4226 eos

265 4271 283 4331 a
308 4265 416 4353 priore
435 4261 599 4350 proposito
617 4258 759 4325 deviare.
801 4255 867 4318 Aut
885 4254 972 4322 enim
991 4252 1076 4318 sicut
1091 4251 1126 4313 in
1146 4257 1319 4314 *monaste-
