2952 4988
193 362 201 367 ·
306 348 449 428 acam.
534 322 950 426 'aaouuraaucoauu
1054 366 1117 427 eu.
1215 349 1287 456 267

214 501 410 574 'XXXV1L
454 511 488 572 si
508 511 581 592 quis
599 511 639 572 ad
658 520 792 595 pontem
807 509 975 593 publicum
993 508 1147 570 bannitus
1167 509 1287 587 fuerit,

151 603 184 658 et
202 595 247 656 ibi
263 615 327 654 non
345 593 488 669 venerit,
512 594 631 655 solidos
648 606 786 677 quatuor
799 594 832 654 in
846 593 939 654 fredo
956 599 1137 676 componat.

233 673 429 740 XXXVIII.
473 678 505 738 Si
528 677 600 758 quis
625 679 740 738 Comes
762 677 802 737 ad
820 676 982 758 placitum
1005 697 1099 736 suum
1122 673 1289 736 hominem

148 759 282 836 haunit,
301 769 332 821 et
345 759 390 819 ibi
407 782 472 820 nou
492 759 637 836 venerit,
661 760 695 819 in
709 759 802 820 fredo
818 758 939 820 solidos
954 769 1095 840 quatuor
1106 766 1287 839 componat.

231 841 392 904 XXXIX.
436 841 470 902 si
487 842 559 922 quis
578 842 661 902 viam
679 841 843 924 publicam
864 840 1037 920 clauserit,
1061 841 1095 900 in
1112 839 1205 902 fredo
1228 838 1288 918 do-

149 923 270 986 minico
291 925 409 986 solidos
427 935 565 1004 quatuor
579 935 758 1005 componat.
1080 953 1082 960 v
1254 973 1256 982 ,
1346 941 1348 950 ¹

231 1009 297 1068 XL.
340 1009 374 1068 Si
395 1008 467 1089 quis
483 1009 627 1068 Francus
639 1007 737 1068 homo
752 1006 903 1068 habuerit
918 1005 1002 1068 filios
1019 1005 1110 1082 duos,
1129 1003 1289 1066 heredita-

149 1101 215 1154 tem
234 1111 323 1151 suam
346 1091 385 1152 de
407 1091 498 1172 sylva
521 1099 552 1150 et
573 1089 612 1150 de
633 1099 716 1152 terra
739 1090 785 1150 eis
808 1090 967 1167 dimittat,
991 1097 1025 1150 et
1045 1088 1084 1148 de
1101 1087 1288 1168 mancipiis,

150 1183 182 1236 et
197 1173 236 1234 de
252 1171 393 1252 peculio.
419 1175 467 1232 De
482 1181 627 1233 materna
642 1171 821 1234 hereditate
840 1173 991 1234 similiter
1005 1171 1039 1230 in
1054 1169 1154 1230 filiam
1169 1169 1289 1230 veniat.

231 1257 313 1316 XLI.
354 1259 403 1316 De
425 1254 577 1336 ingenuis
597 1254 806 1334 hominibus,
828 1255 991 1339 quomodb
1011 1263 1065 1313 aut
1083 1251 1224 1334 qualiter
1248 1253 1289 1314 ad

148 1337 304 1422 placitum
325 1359 386 1422 per
401 1338 545 1398 bannum
569 1337 707 1400 debeant
723 1339 846 1410 venire,
888 1340 1072 1420 Ingenuus,
1095 1335 1121 1397 si
1145 1355 1205 1418 pet·
1223 1335 1288 1396 Co-

149 1422 261 1482 mitem
276 1431 331 1482 aut
344 1442 403 1503 per
414 1421 546 1482 Missum
562 1443 656 1482 suum
669 1421 823 1482 bannitus
835 1421 935 1483 fu'erit
949 1421 1033 1480 infra
1047 1419 1232 1480 comitatum
1248 1418 1288 1478 de

149 1503 287 1564 maxima
306 1525 419 1580 causa,
441 1525 539 1583 super
553 1513 665 1566 noctes
680 1505 927 1584 quatuordecim
942 1504 982 1564 ad
999 1501 1155 1584 placitum
1169 1499 1289 1561 veniat.

150 1587 186 1656 Si
197 1587 304 1648 minor
317 1608 411 1647 causa
424 1579 580 1665 extiterit,
592 1609 689 1668 super
700 1597 811 1648 noctes
826 1596 948 1670 septem
957 1586 997 1647 ad
1008 1583 1288 1668 placitumveniut.

232 1669 330 1728 XLII.
374 1669 407 1729 Si
428 1669 502 1749 quis
523 1669 562 1729 de
580 1670 648 1732 lido
666 1691 723 1731 suo
739 1692 799 1751 pro
816 1669 924 1752 aliqua
942 1691 1036 1729 causa
1059 1677 1090 1741 e)
1111 1666 1288 1726 iuratione

125 1751 250 1813 „fuerit
266 1751 438 1827 inventus,
461 1773 560 1833 super
578 1761 688 1814 noctes
714 1752 959 1834 quatuordecim
989 1751 1094 1833 ipsum
1119 1749 1224 1810 lidum
1247 1749 1289 1809 ad

149 1834 304 1918 placitum
322 1834 479 1912 adducat,
503 1835 528 1895 si
549 1835 666 1896 Senior
689 1857 764 1896 suus
785 1837 818 1894 in
837 1835 906 1916 ipso
921 1833 1074 1896 comitatu
1097 1842 1154 1894 est.
1197 1831 1232 1894 si
1252 1832 1291 1918 iu⁵

150 1917 214 1978 alio
235 1917 389 1976 comitatu
410 1925 472 1993 est,
495 1917 563 1998 ipse
580 1917 666 1980 lidus
685 1940 778 1978 suum
795 1918 965 1980 Seniorem
989 1917 1029 1977 ad
1050 1916 1206 2000 placitum
1230 1915 1288 1976 ad-

150 2000 247 2060 ducat
268 2019 365 2080 super
381 2009 491 2061 noctes
509 1998 628 2080 viginti
647 2000 805 2084 quinque.
838 2001 872 2061 si
891 2001 924 2060 in
942 1999 1038 2062 tertio
1054 1999 1208 2060 comitatu
1228 2007 1287 2074 est,

149 2104 247 2166 super
268 2091 379 2143 noctes
399 2083 612 2164 quadraginta
634 2084 721 2146 duas·
765 2083 799 2144 si
821 2083 854 2142 in
879 2083 943 2145 alio
963 2084 1081 2145 ducatu
1099 2092 1168 2157 est,
1192 2102 1289 2163 super

58 2197 62 2206 ¹
149 2165 470 2247 noetesuoctuagiuta·
490 2175 630 2248 quatuor
652 2187 727 2228 cum
748 2187 806 2228 suo
826 2165 962 2228 Seniore
986 2165 1097 2228 veniat
1116 2165 1157 2226 ad
1182 2164 1289 2248 ipsum

172 2249 313 2309 laeitum.

147 2271 180 2393 P.
230 2332 343 2392 XLIII.
386 2332 434 2391 De
468 2342 571 2416 raptu.
616 2333 650 2394 si
674 2332 746 2415 quis
769 2335 931 2416 ingenuus
957 2355 1030 2394 cum
1057 2331 1132 2392 lidis
1160 2339 1288 2414 raptum

150 2415 284 2489 fecerit,
307 2435 380 2476 cum
403 2435 470 2475 uno
485 2416 589 2476 wadio
610 2425 642 2476 et
661 2438 727 2476 una
747 2439 846 2476 manu
863 2416 1034 2476 emendare
1053 2413 1188 2476 studeat.

228 2497 342 2556 XLIV.
385 2495 419 2556 Si
438 2497 510 2578 quis
525 2497 691 2559 hominem
708 2499 741 2559 in
762 2499 891 2560 mordro
907 2497 1077 2573 occiderit,
1099 2507 1178 2557 tunc
1194 2493 1288 2556 exe‘at

148 2577 188 2638 ed
207 2577 382 2649 iudicium,
405 2590 459 2649 aut
474 2582 685 2658 suusSenior
697 2603 756 2664 per
773 2589 1007 2644 sacramentum
1025 2602 1099 2640 eum
1117 2579 1245 2640 liberet.
1298 2618 1301 2624 -

228 2661 326 2723 XLV.
369 2659 403 2720 Si
421 2663 514 2725 cuius
534 2665 678 2746 puellam
698 2675 879 2747 sponsatam
895 2659 1141 2746 alius'priserit,
1166 2661 1287 2724 solidos

147 2741 312 2804 ducentos
324 2764 518 2821 componere
535 2745 649 2822 faciat,
673 2747 706 2808 in
723 2748 816 2808 fredo
832 2748 952 2809 solidos
966 2741 1141 2826 sexaginta.

229 2827 344 2888 XLVI.
386 2826 420 2887 Si
445 2829 499 2888 fur
520 2829 559 2890 de
578 2837 701 2912 septem
722 2829 903 2892 latrociniis
921 2829 1145 2911 comprobatus
1164 2824 1286 2902 fuerit,

147 2905 234 2966 exiet
250 2907 291 2968 ad
310 2908 478 2971 iudicium.
510 2912 543 2972 Si
565 2911 610 2972 ihi
627 2913 828 2992 incenderit,
850 2913 980 2974 tradant
996 2911 1125 2972 eumad
1140 2918 1286 2970 mortem.

144 2988 189 3048 Et
203 2993 412 3072 posteaquem
425 2995 466 3054 ad
480 2993 636 3054 iudicium
649 2995 877 3074 ambulaverit,
900 2996 926 3058 si
941 2993 986 3054 ibi
1005 3015 1071 3062 non
1089 2989 1285 3068 incenderit,

145 3073 223 3137 tunc
245 3073 344 3154 liceat
361 3095 419 3136 suo
436 3075 565 3137 Seniori
585 3077 689 3139 wadio
709 3101 767 3140 suo
784 3079 878 3140 illum
893 3077 1096 3155 adhramire,
1122 3083 1155 3136 et
1166 3095 1226 3158 pro
1246 3091 1285 3133 eo

145 3155 320 3220 emendare
340 3179 376 3218 ac
396 3157 436 3220 de
455 3169 558 3221 morte
573 3159 724 3222 liberare.

603 3267 830 3329 Examina.
925 3281 929 3290 ⁴

256 3452 526 3517 calaronam.
567 3455 735 3518 anaunia
769 3454 943 3518 luceam
978 3415 1093 3523 ¹autu.
1125 3453 1173 3536 s)

147 3675 150 3682 ⁴
230 3637 258 3703 Ῑ·
292 3607 355 3725 Ut
371 3688 483 3728 corum
497 3667 554 3752 qui
570 3668 610 3729 ad
624 3665 841 3728 ordinandum
858 3665 1115 3745 veniunt,fides
1129 3675 1160 3728 et
1174 3666 1239 3726 vita
1253 3675 1286 3728 et

145 3747 282 3810 selentia
302 3747 393 3833 prius
413 3751 452 3811 ab
470 3751 631 3836 Episcopo
650 3748 873 3812 discutiantur.

145 3883 374 3898 m—

176 3984 211 4044 e)
229 3976 263 4031 al.
282 3993 331 4028 ms.
349 3977 380 4028 Si
395 3979 457 4051 quis
471 3991 586 4048 propter
600 3978 688 4034 lidum
843 3977 963 4046 debent;
978 3978 1166 4050 sedquoniam
1176 3979 1284 4050 assequi

244 4065 321 4098 suum
328 4065 380 4116 per
387 4049 499 4120 aliquas
511 4065 619 4110 causas,
636 4059 690 4102 etc.
843 4049 1003 4102 coniectura
1020 4067 1076 4100 non
1091 4049 1230 4119 potuimus
1249 4049 1285 4101 ad

172 4117 210 4183 f)
235 4117 402 4186 capitularia
419 4117 543 4188 quinque
559 4137 630 4190 quae
645 4137 688 4172 se·
842 4137 925 4191 quem
946 4136 1074 4190 quaeque
1094 4135 1197 4172 annum
1214 4119 1284 4172 rese·

244 4196 385 4258 quuntur,
400 4189 584 4258 suntquidem
594 4189 688 4241 Karoli
841 4190 927 4242 rende
953 4195 1061 4254 essent,
1089 4190 1124 4243 ad
1148 4197 1284 4260 postrema

244 4257 351 4322 Magni,
371 4257 496 4329 adeoque
511 4259 583 4312 inter
596 4269 689 4311 caete·
842 4259 935 4312 Karoli
943 4268 1064 4332 tempore
1076 4259 1283 4316 retulimuslla·

245 4345 285 4382 ras
302 4327 359 4383 eius
369 4329 585 4387 Constitutiones
595 4329 687 4388 referri
850 4331 946 4386 lunius.
