2928 4986
201 271 277 352 328
450 292 486 355 a,
510 289 599 350 can.
703 287 961 352 carnuntum
1064 287 1119 348 sn

200 433 328 520 scriptis
348 431 505 498 videlieet
523 434 669 513 urbibus,
683 432 876 518 provinciis,
896 429 1093 508 civitatibus,
1112 431 1262 516 oppidis,
1283 451 1366 494 οεο-

200 518 270 599 tris,
299 517 429 595 viculis,
466 518 592 597 insulis,
612 517 794 596 territoriis,
818 526 915 596 atque
933 515 1146 598 patrimoniis,
1166 538 1311 579 necnon
1328 527 1364 579 et

197 599 411 686 pensionibus
429 609 526 682 etque
547 601 712 672 censibus;
736 601 779 660 ita
796 608 834 661 ut
852 617 960 679 neque
973 618 1030 660 nos
1050 619 1087 660 ea
1103 599 1360 676 subtrahamus,

199 705 307 766 neque
323 683 523 766 quibuslibet
547 682 738 744 subtrahere
775 680 963 746 volentibus
989 683 1259 754 consentiamns;
1295 685 1358 745 sed

150 789 156 798 ·
197 767 305 851 potius
327 765 435 827 omnia
447 787 531 847 quae
546 767 696 849 superius
719 767 884 848 leguntur,
902 763 936 825 id
956 772 1014 840 est,
1031 765 1229 847 provincias,
1263 767 1355 829 eivi-

197 859 290 924 tates,
310 849 418 924 urbes,
436 847 564 930 oppidu,
587 849 729 924 castella,
745 845 919 922 territoria,
933 846 1138 930 patrimonia,
1165 857 1268 930 atque
1295 849 1353 910 in-

197 933 296 1004 sulas,
315 952 443 1006 census,
465 952 502 992 ac
516 933 689 1012 pensiones
708 930 875 993 Ecclesiae
896 928 982 990 beati
1005 929 1093 991 Petri
1116 930 1283 1012 Apostoli,
1317 941 1354 994 et

196 1013 409 1078 Pontificibus
435 1013 695 1076 insacratissima
716 1014 806 1075 illius
825 1013 900 1076 sede
920 1013 953 1072 in
976 1023 1173 1094 perpetuum
1193 1015 1351 1077 residen-

196 1097 294 1174 tibus,
312 1097 521 1180 inquantum
540 1119 720 1180 possumus,
751 1095 930 1158 defendere
954 1116 1013 1158 nos
1040 1095 1273 1178 promittimus,
1306 1099 1350 1159 ad

196 1180 261 1243 boc
280 1189 316 1240 ut
333 1179 440 1241 omnia
461 1201 499 1240 ca
523 1179 555 1238 in
577 1180 667 1242 illins
681 1177 806 1241 ditione
820 1177 861 1238 ad
877 1177 1079 1240 utendumet
1098 1178 1281 1240 fruendum
1300 1191 1351 1242 at·

195 1285 260 1348 que
275 1262 513 1346 disponendum
535 1262 671 1324 tirmiter
689 1261 797 1324 valeat
819 1260 982 1332 obtinerc;
1005 1261 1196 1343 nullamque
1229 1264 1268 1322 in
1296 1265 1348 1325 eis

194 1343 289 1408 nobis
309 1354 433 1428 partem
450 1354 505 1404 aut
525 1353 717 1427 potestatem
740 1343 934 1428 disponendi
951 1353 1005 1404 aut
1026 1343 1196 1406 iudicandi
1209 1346 1347 1408 subtra-

194 1427 339 1492 hendive
361 1437 419 1488 ant
439 1427 622 1488 minorandi
646 1428 865 1504 vendicamus,
888 1425 949 1486 nisi
969 1427 1100 1510 quando
1115 1427 1154 1491 ab
1172 1429 1286 1511 ecqui
1304 1429 1348 1488 il·

195 1511 229 1572 lo
246 1519 393 1592 ternpore
414 1508 513 1571 huius
530 1520 659 1571 sarrctae
683 1510 851 1572 Ecclesiae
880 1509 1026 1591 regimen
1049 1510 1204 1584 tenuerit,
1230 1513 1343 1594 rogati

193 1593 361 1655 fuerimus.
402 1593 484 1653 Etsi
510 1593 650 1674 quilibet
676 1593 773 1654 bomo
800 1593 840 1654 de
867 1591 1059 1674 supradictis
1082 1593 1271 1655 civitatibus
1298 1596 1342 1655 ad

194 1685 334 1738 vestram
355 1675 790 1758 Ecclesiampertineutibus
819 1674 859 1736 ad
890 1697 949 1736 nos
978 1676 1117 1753 venerit,
1141 1675 1339 1738 subtr-abere

193 1779 226 1822 se
244 1757 358 1820 volens
377 1759 417 1820 de
445 1767 550 1819 vestra
566 1757 788 1820 iurisdictione
805 1757 855 1818 vel
880 1765 1048 1840 potestate,
1076 1759 1130 1820 vel
1154 1759 1341 1842 quamlibet

194 1839 449 1924 aliaminiquarn
467 1839 739 1902 machinationem
757 1849 915 1918 metucns,
944 1849 999 1900 aut
1027 1841 1157 1922 culpam
1181 1844 1341 1905 commis-

193 1945 258 1987 sam
274 1923 414 2006 fugiens,
433 1925 526 1984 nullo
545 1923 640 1986 modo
654 1945 729 1984 eum
751 1923 847 1986 aliter
867 1916 1060 2005 recipiemus
1079 1923 1142 1985 nisi
1157 1925 1198 1985 ad
1216 1926 1338 1986 iustam

193 2028 251 2090 pro
269 2027 308 2069 eo
323 2006 504 2068 l'aciendarn
527 2007 804 2083 intercessionem,
826 2005 870 2066 ita
891 2005 1048 2068 duntaxat
1061 2006 1089 2067 si
1113 2007 1209 2089 culpa
1232 2029 1338 2089 quam

193 2089 364 2168 commisit,
393 2089 531 2152 venialis
547 2089 647 2150 fuerit
673 2090 823 2161 inventa,
846 2088 895 2148 sin
926 2087 1032 2164 aliter,
1061 2089 1336 2172 comprehensum

192 2181 316 2235 restrae
336 2173 483 2254 potestati
506 2193 581 2232 eum
603 2171 783 2234 trademus:
806 2171 949 2253 exceptis
980 2172 1031 2232 his
1060 2173 1117 2254 qni
1140 2171 1336 2232 violentiam

191 2257 243 2318 vel
265 2255 506 2338 oppressionem
522 2253 814 2338 potentiumpassi,
834 2253 908 2314 ideo
933 2253 973 2314 ad
995 2277 1052 2316 nos
1069 2255 1205 2316 venient
1223 2264 1260 2314 ut
1273 2277 1341 2337 per

191 2348 332 2400 nostram
351 2337 615 2401 intercessionem
632 2337 786 2398 iustitiam
803 2335 950 2418 accipere
963 2347 1163 2407 mereantur;
1187 2359 1335 2418 qnorum

190 2421 291 2482 altera
306 2421 451 2482 conditio
474 2429 532 2498 est,
547 2428 579 2482 et
596 2418 847 2504 isuperioribus
867 2418 961 2480 valde
976 2419 1145 2481 disiuncta.
1165 2421 1208 2480 Et
1226 2442 1332 2501 quan-

190 2503 232 2564 do
255 2503 365 2564 divina
385 2506 552 2566 vocatione
569 2502 666 2564 huius
684 2502 912 2565 sacratissimae
928 2501 1013 2563 sedis
1030 2503 1183 2563 Pontifex
1206 2502 1245 2563 dc
1262 2503 1329 2565 hoc

188 2587 312 2646 mundo
336 2585 532 2667 migraverit,
554 2586 664 2646 nullus
685 2593 726 2646 ex‘
754 2605 856 2666 regno
880 2594 1000 2661 nostro,
1024 2595 1080 2645 aut
1103 2587 1246 2648 Francus
1272 2597 1332 2647 aut

187 2667 431 2751 Longobardus‚
454 2680 509 2730 arnt
526 2669 566 2728 de
583 2669 729 2750 qualibet
752 2675 847 2749 gente
863 2665 959 2728 bomo
982 2668 1040 2727 sub
1059 2677 1167 2730 nostra
1188 2677 1330 2748 potesta-

187 2761 219 2812 te
238 2751 442 2828 constitutus,
460 2751 626 2813 licentiam
653 2751 769 2812 habeat
791 2758 903 2811 contra
928 2751 1087 2812 Romanos
1116 2758 1172 2810 aut
1193 2751 1342 2831 publice.

187 2843 243 2894 aut
261 2833 414 2916 privatim
429 2833 593 2910 veniendi,
612 2843 667 2893 aut
686 2833 880 2894 electionem
897 2833 1058 2904 faciendi;
1082 2833 1260 2913 nullusque
1290 2834 1326 2894 in

187 2915 370 2978 civitatibus
389 2917 443 2978 vel
465 2915 636 2977 territoriis
660 2917 699 2976 ad
714 2915 894 2976 Ecclesiam
909 2913 994 2976 beati
1018 2915 1109 2977 Petri
1126 2918 1329 3000 pertinenti-

185 2999 244 3062 bus
265 2999 398 3083 aliquod
413 2999 533 3072 malurn
555 3009 688 3082 propter
702 2997 764 3058 boc
780 3000 887 3058 facere
911 3008 1101 3080 praesumat.
1143 2997 1207 3062 Sed
1226 2999 1326 3062 liceat

185 3083 337 3143 Romanis
357 3103 431 3144 eum
453 3083 542 3143 omni
558 3079 779 3158 veneratione,
800 3089 832 3142 et
852 3079 922 3141 sine
941 3080 1049 3162 aliqua
1065 3081 1324 3163 perturbatione,

185 3163 397 3225 honorificam
413 3187 471 3226 suo
486 3163 639 3226 Pontifici
657 3163 812 3224 exhibere
838 3163 1050 3244 sepulturam,
1076 3174 1109 3224 et
1129 3188 1203 3226 eum
1225 3189 1324 3250 quem

185 3247 294 3308 divina
310 3247 533 3330 inspiratione,
550 3257 583 3307 et
604 3246 689 3306 beati
703 3245 792 3306 Petri
816 3245 1059 3323 intercessione,
1077 3269 1187 3311 omnes
1204 3253 1324 3310 Roma-

184 3329 218 3389 ni
243 3351 312 3389 nno
332 3330 469 3390 consilio
485 3339 581 3412 atque
601 3329 786 3406 concordia,
805 3328 875 3390 sine
901 3329 1010 3410 aliqua
1035 3332 1257 3410 promissione,
1282 3333 1323 3393 ad

183 3412 390 3494 pontificatus
411 3411 560 3473 ordinem
581 3412 751 3493 clegerint,
767 3411 836 3472 sine
852 3410 961 3492 aliqua
975 3412 1180 3494 ambiguitate
1201 3425 1233 3476 et
1247 3437 1326 3475 con-

183 3495 376 3556 tradictione
410 3515 498 3555 more
526 3495 686 3556 canonico
712 3493 905 3555 consecrari.
947 3495 1085 3554 Etcum
1116 3507 1321 3559 consecratus

184 3579 292 3654 fuerit,
313 3577 416 3660 ,legati
434 3577 472 3637 ad
489 3599 547 3638 nos
568 3577 621 3639 vel
643 3577 683 3638 ad
704 3597 904 3637 successores
926 3585 1051 3638 nostros
1064 3578 1167 3660 Reges
1181 3581 1325 3642 Franco-

181 3682 254 3720 rum
274 3660 469 3743 dirigantur,
489 3660 545 3742 qui
563 3659 722 3720 internos
748 3669 779 3719 et
801 3660 895 3718 illum
912 3658 1085 3720 amicitiam
1102 3671 1132 3722 et
1153 3663 1322 3723 caritatem

181 3765 218 3804 ac
234 3765 347 3825 pacem
361 3742 497 3816 socient,
521 3743 603 3803 sicut
629 3741 827 3823 temporibus
850 3741 922 3822 piae
949 3742 1182 3804 recordationis
1200 3745 1321 3805 Domni

84 3897 87 3902 .
179 3827 292 3888 Karoli
309 3825 392 3887 atavi
416 3826 528 3902 nostri,
543 3826 611 3885 sive
625 3825 744 3885 Domni
759 3823 891 3907 Pippini
913 3825 964 3884 avi
981 3825 1095 3900 nostri,
1123 3826 1174 3886 vel
1194 3835 1226 3886 et
1251 3829 1319 3888 Ka-

178 3909 240 3968 roli
259 3907 464 3991 Imperatoris
486 3908 652 3990 genitoris,
669 3907 870 3968 consuetudo
892 3917 959 3967 erat
980 3907 1131 3968 faciendi.
1175 3911 1242 3969 Hoc
1266 3930 1321 3968 an-

178 3999 243 4050 tem
262 3999 298 4050 ut
318 3991 357 4052 ab
374 3989 523 4050 omnibus
547 3991 698 4050 fidelibus
721 3998 848 4050 sanctae
866 3989 928 4049 Dei
956 3989 1122 4050 Ecclesiae
1148 3999 1181 4050 et
1202 3991 1321 4051 nostris

178 4073 305 4132 firmum
321 4094 388 4133 esse
420 4073 582 4140 credatur,
603 4073 790 4152 firmiusque
809 4092 867 4154 per
889 4073 1015 4134 futuras
1036 4072 1261 4154 generationes
1286 4083 1319 4135 et

178 4156 286 4218 secula
302 4155 437 4216 ventura
454 4155 665 4230 custodiatur,
681 4154 829 4236 propriae
843 4155 956 4216 mansis
974 4155 1152 4238 signaculo,
1171 4164 1204 4215 et
1221 4176 1318 4217 vene·

177 4237 330 4300 rabilium
350 4237 584 4322 Episcoporum
607 4233 703 4321 atque
719 4237 888 4315 Abbatum,
905 4237 959 4300 sel
979 4237 1179 4324 optimatum
1195 4247 1320 4301 nostro·
