2928 4986
270 251 449 350 asans
507 282 645 344 annun
668 279 906 337 trancosum
1012 280 1076 338 sao.
1184 255 1257 330 ³83

383 431 427 494 Ut
448 446 590 488 nummos
612 424 710 500 bonos
732 421 837 482 nullus
858 432 995 504 respuat.
1066 491 1068 496 χ

203 539 295 611 VIII.
336 545 385 604 De
404 535 498 598 honis
512 532 658 594 denariis
671 551 752 612 quos
769 530 911 613 populus
926 529 1071 612 recipere
1089 543 1154 588 non
1168 525 1267 602 nult,

120 633 269 697 Volumus
287 635 324 686 ut
342 625 403 686 hoc
422 620 613 681 observetur
629 623 662 674 et
675 623 825 674 teneatur
846 613 934 694 quod
954 613 991 672 in¹
1010 611 1112 695 priori
1131 609 1262 688 Capitu-

121 716 182 776 lari
199 721 307 772 nostro
323 705 533 769 constitutum
552 707 616 776 est,
631 697 673 780 id
690 704 752 772 est,
774 695 808 754 in
828 693 912 764 libro
930 697 986 758 IV.
1003 695 1145 776 capitulo
1160 693 1262 754 XXX.

132 789 308 875 ¹uicunque
331 789 413 860 liber
430 777 522 844 ltomo
545 773 599 840 uel
623 781 658 839 in
684 779 839 862 emptione
862 779 966 838 celin
984 778 1083 838 debiti
1105 777 1263 837 solutione
1325 789 1326 792 ’

123 799 290 938 denarium
308 889 427 932 merum
446 877 476 926 et
492 865 566 926 lene
587 873 769 946 pensantem
787 863 928 946 recipere
946 861 1103 932 noluerit,
1126 860 1264 920 bannum

123 973 284 1034 nostrum,
311 944 349 1014 id
369 963 433 1028 est,
462 948 630 1025 sexaginta
651 935 772 1002 solia'os
796 955 971 1027 componat.
1013 943 1051 1002 Si
1076 939 1264 1008 nerdsernt'

123 1033 330 1103 ecclesiastici
353 1046 408 1094 aut
423 1021 573 1115 fiscalini
591 1027 708 1102 nostri,
733 1031 787 1084 aut
804 1025 959 1094 ¹Comittun
978 1037 1032 1085 aut
1053 1017 1265 1084 vassallorum

123 1137 316 1200 nostrorum,
341 1117 518 1198 nonfacere
533 1109 822 1194 praesumpserint,
841 1109 1009 1188 sexaginta
1026 1107 1140 1166 ictibus
1160 1125 1265 1188 uapu-

124 1208 199 1267 lent.
241 1203 285 1265 Et
307 1203 474 1260 tinctores
491 1193 594 1255 nostri
615 1202 669 1250 aut
682 1190 818 1249 aliorum
836 1191 891 1250 vel
914 1190 1065 1251 aduocati
1081 1209 1134 1248 eos
1154 1187 1265 1248 Missis

20 1355 22 1360 ,
124 1289 243 1350 nostris
266 1284 321 1346 vel
343 1279 515 1342 Comitibus
537 1276 616 1334 iussi
631 1285 835 1356 praesentare
861 1273 1042 1344 noluerint,
1065 1270 1267 1355 praedictum

126 1375 276 1439 bannum,
304 1363 342 1424 id
364 1374 431 1434 est,
462 1359 629 1436 sexaginta
650 1354 771 1416 solidos
794 1367 990 1438 componant.
1038 1353 1081 1414 Et
1111 1352 1150 1412 ad
1180 1350 1267 1410 hane

128 1447 402 1516 constitutionem
426 1450 569 1503 nostram
599 1436 839 1519 adimplendam
869 1436 1022 1520 Episcopi
1056 1445 1088 1516 et
1110 1433 1267 1510 Abbates,
1294 1462 1295 1465 ¹

129 1535 197 1598 sive
220 1528 343 1610 reliqui
357 1525 415 1610 qui
429 1521 589 1585 beneficia
609 1529 716 1581 nostra
733 1518 872 1596 habent,
895 1519 1049 1581 adiuvent
1069 1519 1211 1580 Comites
1232 1515 1267 1576 in

128 1617 195 1678 suis
221 1611 407 1674 hominibus
433 1601 674 1686 distringendis.
715 1601 758 1662 Et
786 1603 812 1662 si
841 1601 979 1663 Comites
1011 1601 1096 1662 hanc
1127 1609 1269 1661 nostram

129 1692 402 1761 Constitutionem
415 1685 640 1780 neglexerim,
655 1683 718 1746 hoc
728 1705 789 1768 per
800 1685 912 1748 Missos
929 1693 1053 1748 nostros
1071 1683 1111 1746 ad
1127 1691 1269 1744 nostram

129 1779 280 1842 notitiam
296 1777 489 1862 perferatur.

405 1880 454 1941 De
475 1879 567 1940 malis
588 1897 668 1960 quae
689 1877 709 1936 d
720 1865 884 1959 fiscalinis
896 1874 997 1961 fiunt.
1047 1953 1050 1965 Ι

212 1995 273 2061 IX»
314 1996 364 2057 De
385 1987 569 2052 homicidiis
596 1983 650 2046 vel
683 1984 753 2045 aliis
778 1979 1051 2065 iniustitiis'qnue
1078 1983 1096 2042 d
1117 1978 1271 2042 fiscalinis

131 2081 249 2144 nostris
268 2078 368 2155 liunt,
390 2074 468 2158 quia
496 2069 635 2152 impune,
649 2089 682 2130 se
697 2089 734 2128 eu
747 2063 946 2127 committere
961 2087 1052 2150 posse
1068 2064 1271 2142 existimant,

46 2173 49 2179 ’
131 2183 190 2226 nos
209 2161 370 2224 actoribus
389 2155 506 2218 nostris
525 2150 793 2237 praecipiendum
813 2167 880 2210 esse
898 2146 1105 2210 decernimus
1122 2169 1164 2208 ne
1185 2147 1273 2208 ultri

131 2245 265 2329 impune
292 2240 465 2320 fiant-,·--ita
490 2245 527 2297 ut
557 2233 745 2316 ubicunque
769 2233 854 2292 faeta
882 2230 1021 2310 fuerint,
1051 2231 1176 2293 solvere
1199 2250 1273 2290 eum
1343 2245 1345 2253 ’

133 2327 307 2412 disciplina
329 2323 572 2409 praecipiamus.

316 2435 365 2492 De
387 2431 527 2493 collectis
547 2427 638 2487 malis
660 2421 848 2486 omnimodis
866 2419 1085 2515 prohibendis.

203 2537 259 2600 'Xs
301 2537 464 2599 Collectae
485 2533 525 2594 ad
545 2531 816 2598 malesacIendum
839 2531 878 2607 n)
900 2526 971 2594 fieri
990 2527 1183 2592 omnimodis
1197 2551 1276 2614 pro·

135 2617 319 2686 Itibeautur.
359 2621 402 2680 Et
429 2617 615 2698 ubicunque
647 2613 833 2674 huiusmodi
864 2611 1142 2694 praesumptiones
1171 2617 1276 2678 factae

136 2705 278 2781 fuerint,
295 2703 392 2782 digne
408 2700 634 2762 emendatione
653 2695 867 2778 corrigantur.
909 2696 952 2756 Et
973 2695 1000 2756 si
1025 2711 1086 2776 per
1110 2697 1279 2782 negligen-

136 2793 216 2850 tiam
240 2785 374 2847 Comitis
396 2785 449 2846 vel
471 2785 573 2844 factae
598 2788 675 2842 sunt
698 2779 752 2839 vel
783 2777 1006 2839 inemendatae
1031 2791 1277 2860 remanserunt,

137 2873 201 2935 hoc
232 2869 273 2929 ad
302 2875 443 2928 nostram
469 2864 617 2926 notitiam
642 2864 834 2945 perferatur.
876 2859 1000 2922 Auctor
1024 2861 1101 2922 verb
1129 2861 1226 2943 sactI,
1251 2866 1279 2926 si

140 2951 240 3014 tuerit
259 2949 485 3031 Praepositae,
507 2947 559 3009 tel
571 2947 772 3022 Adsecutus,
795 2943 862 3006 site
879 2943 1113 3020 Centenarius,
1132 2943 1185 3008 vel
1203 2949 1280 3030 quti-

141 3037 222 3096 lihet
236 3033 298 3092 alit
314 3031 469 3114 dignitate
487 3029 633 3112 praedita
645 3027 747 3088 libera
760 3047 913 3108 persona,
928 3034 1001 3108 post
1015 3025 1152 3107 legalem
1167 3048 1280 3090 emen-

142 3117 307 3178 dationem
323 3115 356 3174 in
371 3115 444 3176 loco
456 3115 588 3189 factam,
604 3112 663 3188 sul)
679 3109 922 3172 fideiussoribus
933 3109 972 3170 a'd
983 3119 1122 3192 nostram
1130 3133 1281 3192 praesen-

142 3201 220 3259 tiam
233 3197 352 3259 vestiat.
376 3196 553 3257 Multitudo
572 3215 667 3272 vero,
690 3193 755 3255 sive
775 3192 814 3252 de
832 3191 935 3255 sertis
949 3191 1018 3255 sire
1033 3191 1073 3253 de
1092 3184 1204 3258 liberis
1221 3197 1280 3277 sit,

46 3319 50 3333 ι
144 3279 286 3364 legitimd
305 3279 529 3340 emendatione
546 3277 712 3337 multetur.

192 3389 233 3450 Ut
244 3401 357 3472 pontes
369 3386 491 3472 publici
501 3389 556 3471 qui
570 3384 722 3446 destructi
727 3369 874 3466 fuerint,
898 3381 1012 3444 iterim
1025 3392 1240 3446 exstruantur.

225 3495 286 3555 XI.
328 3498 378 3556 Do
401 3493 553 3576 pontibus
577 3491 718 3576 puhlicis
744 3492 915 3553 destructis
932 3491 1055 3572 placuit
1074 3487 1167 3554 nobis
1188 3501 1225 3552 ut
1247 3491 1303 3553 hi¹

147 3573 205 3658 qni
223 3575 398 3638 iussionem
421 3586 562 3638 nostram
579 3577 612 3635 in
630 3575 817 3656 reparandis
835 3574 988 3657 pontibus
1002 3584 1284 3658 contempserunt,

148 3658 299 3718 volumus
317 3679 354 3716 ac
373 3659 520 3720 iubemus
535 3669 572 3718 ut
589 3677 699 3720 omues
718 3656 866 3719 homines
889 3657 991 3718 nostri
1015 3657 1048 3718 in
1067 3667 1209 3719 nostram
1226 3675 1284 3721 te·
1317 3694 1321 3702 ν

149 3739 242 3799 niant
256 3741 470 3822 praesentiam
487 3743 629 3802 rationes
648 3739 785 3800 reddere
800 3761 859 3800 cur
876 3749 1016 3801 nostram
1030 3739 1206 3802 iussionem
1217 3739 1286 3802 ausi

94 3835 95 3838 ’
150 3830 224 3882 sunt
247 3830 464 3884 contemnere.
506 3825 647 3884 Comites
667 3830 775 3896 autem
789 3823 928 3883 reddant
947 3823 1105 3884 rationem
1120 3823 1159 3884 de
1174 3845 1286 3886 eorum

150 3903 367 3988 pagensibus,
384 3921 442 3964 cur
463 3925 517 3966 eos
538 3913 594 3964 aut
618 3925 683 3965 non
711 3905 965 3966 constrinxerint
983 3915 1020 3964 ut
1040 3903 1104 3965 hoo
1122 3906 1286 3986 facerent,

73 4047 76 4066 ¹
152 3995 209 4046 aut
225 3987 317 4048 nobis
340 3987 493 4050 nuntiare
516 3988 740 4072 neglexerunt.
781 3987 940 4050 Similiter
967 3996 1000 4050 et
1023 3987 1062 4051 de
1090 3987 1219 4054 iniustis
1241 3999 1288 4054 te·

184 4245 231 4301 u)
245 4238 279 4292 sl.
294 4255 357 4296 mss.
374 4240 476 4297 malum
483 4237 651 4317 sacicldmt
665 4263 677 4312 ,·
695 4233 921 4315 maleficiendum.
