2920 4972
294 326 330 383 a
351 325 437 391 can.
521 331 684 390 aranu
703 329 942 396 rmueonnu
1025 337 1087 400 tao.
1236 321 1284 392 69

145 469 198 554 78.
218 467 268 530 De
290 483 385 566 contu
416 471 555 534 Romano
582 475 692 538 tMo-
824 442 1197 542 diebusdominicisnon
1213 495 1285 543 sunt

230 554 338 615 nachao
351 553 544 637 peragendo.
742 611 746 620 ,
824 561 955 642 agendo.
998 646 1007 659 ·
1062 645 1069 659 ·
1209 646 1215 658 ι

148 715 198 780 79.
219 695 268 756 Dc
280 695 691 782 operibusseroilibusquoe
741 647 791 711 θα
814 643 1286 815 ssoerahhahili’artiiilsstefciiitcai.

271 895 435 958 lucremur
457 915 632 958 resumere
656 899 817 963 Castrum
848 915 887 957 er
909 913 1017 956 eonon
1040 913 1167 955 rannus.
1191 979 1195 989 1

229 1037 280 1098 Dc
308 1038 357 1096 lais
385 1039 441 1119 qut
469 1038 508 1099 ab
530 1035 690 1122 Episcopo
715 1037 850 1122 proprio
880 1034 1203 1097 excommunicantur.

586 1147 855 1209 Onustus.

247 1249 272 1310 l.
295 1249 379 1311 Sunt
396 1249 484 1312 enim
508 1251 611 1334 aliqui
632 1252 689 1336 qui
711 1251 815 1336 culpis
838 1249 1043 1335 exigentibus
1066 1250 1105 1312 ab
1125 1251 1289 1336 Episcopo

148 1332 282 1418 proprio
301 1332 640 1414 excommunicantur,
671 1345 703 1396 et
722 1335 761 1396 ab
785 1335 856 1396 aliis
876 1334 1101 1398 ecclesiasticis
1121 1337 1174 1396 vel
1196 1335 1290 1398 laicis

147 1416 402 1500 praesumptiose
434 1417 467 1476 in
495 1419 756 1480 communionem
779 1419 1000 1500 accipiuntur:
1037 1417 1139 1500 quod¹
1155 1419 1289 1480 omninb

149 1508 297 1580 sanctum
316 1499 493 1561 Nicaenum
514 1502 711 1580 Concilium,
733 1502 876 1563 simulet
897 1501 1177 1579 Chalcedonense,
1208 1523 1288 1562 noc-

151 1603 219 1664 nou
238 1582 480 1645 Antiochenam
499 1594 597 1666 atque
614 1585 806 1648 sardicense
824 1591 882 1662 aa),
905 1583 976 1644 fieri
994 1583 1179 1668 prohibent.

173 1689 274 1750 Conc.
294 1689 364 1752 Nic.
382 1713 453 1751 can.
471 1691 499 1754 5.
520 1694 569 1754 De
584 1692 635 1754 his
649 1691 707 1774 qui
725 1689 1067 1766 excommunicantur,
1096 1691 1164 1752 sive
1186 1691 1290 1754 Cleri·

129 1819 134 1827 .
194 1841 196 1848 .
234 1772 277 1850 ci,
303 1771 374 1836 sive
393 1773 486 1852 laici,
507 1775 546 1834 ab
566 1775 734 1859 Episcopis
756 1796 816 1856 per
843 1795 915 1834 suas
936 1773 1082 1856 quasque
1108 1773 1288 1858 parochias,

234 1867 383 1918 serretur
404 1857 464 1918 ista
480 1858 660 1936 sententia,
690 1867 726 1918 ut
748 1855 771 1916 ii
788 1857 846 1940 qui
863 1857 901 1916 ab
922 1856 993 1917 aliis
1008 1857 1291 1918 excommunican-

233 1947 299 2017 tur,
322 1940 361 2000 ab
386 1940 457 2000 aliis
480 1963 546 2002 non
569 1940 797 2024 recipiantur*
820 1939 1018 2022 Requiratur
1038 1940 1114 2002 sane
1142 1961 1183 2000 ne
1206 1939 1289 2000 forte

233 2041 293 2104 pro
317 2021 426 2104 aliqua
445 2023 671 2106 indignatione
689 2023 788 2082 animi
809 2031 864 2084 aut
888 2021 1115 2099 contentione,
1143 2031 1199 2082 aut
1212 2043 1290 2104 qua·

234 2105 317 2166 libet
336 2107 393 2166 tali
409 2107 623 2168 commotione
642 2105 871 2168 stomachantis
887 2105 1053 2187 Episcopi,
1080 2103 1198 2166 abiecti
1214 2105 1288 2164 sint.

233 2190 278 2248 Ut
295 2207 371 2270 ergo
389 2189 470 2250 haec
490 2189 587 2272 digna
605 2189 728 2272 possint
743 2187 980 2250 examinatione
996 2187 1145 2270 perquiri
1163 2197 1290 2250 rectum

237 2292 303 2332 esse
326 2272 431 2334 visum
454 2281 501 2332 cst
521 2294 581 2355 per
601 2271 747 2354 singulos
767 2294 868 2332 annos
886 2270 919 2329 in
947 2270 1084 2350 singulis
1103 2269 1288 2352 quibusque

235 2355 415 2436 provinciis
430 2355 479 2416 bis
499 2355 532 2414 in
554 2377 640 2416 anno
660 2355 893 2437 Episcoporum
914 2352 1062 2414 Concilio
1082 2353 1164 2431 lieri,
1187 2363 1223 2413 ut
1244 2353 1289 2414 si-

236 2437 304 2496 mul
319 2459 430 2500 omnes
447 2438 480 2497 in
506 2459 609 2500 uuum
627 2437 859 2510 convenientes
875 2457 915 2497 ex
935 2436 1087 2498 universa
1106 2435 1288 2519 provincia,

236 2519 394 2582 eiusmodi
423 2521 610 2582 examinent
632 2519 853 2602 quaestionem
870 2529 923 2580 ut
950 2520 994 2584 ito
1022 2519 1151 2580 demum
1170 2519 1227 2601 qui
1246 2521 1288 2581 oh
1351 2565 1352 2570 κ

238 2603 348 2685 culpas
366 2625 437 2664 suas
458 2603 694 2687 Episcoporum
712 2625 844 2664 snorum
857 2602 1009 2666 offensam
1025 2603 1141 2664 merito
1164 2612 1292 2664 eontra:

235 2695 371 2762 xerunt,
402 2685 499 2770 digne
524 2685 621 2747 etiam
646 2685 819 2748 bcaeteris
846 2686 1116 2747 exeommunicati
1137 2685 1289 2746 similiter

235 2767 432 2846 habeantur,
462 2771 633 2868 usquequo
655 2769 709 2831 vel
730 2769 763 2828 in
789 2788 959 2830 commune
982 2769 1131 2829 omnibus
1149 2770 1203 2830 vel
1227 2767 1289 2852 ipsi

198 2883 206 2900 e
234 2851 394 2934 Episcopo
416 2875 475 2915 suo
497 2854 600 2914 fuerrt
618 2853 723 2916 visum
744 2851 969 2914 humaniorem
994 2852 1078 2913 circa
1102 2873 1156 2912 eos
1175 2860 1289 2910 tenere

237 2934 440 2996 sententiam.
480 2935 628 3023 Agantur
642 2944 751 2996 autem
767 2935 925 3012 Concilio,
944 2935 1044 2996 semel
1063 2934 1195 3015 quidem
1213 2943 1289 2992 ante

218 3015 306 3101 ,dies
324 3019 612 3102 Quadragesimae3
636 3028 672 3078 ut
691 3017 850 3094 omnibus,
867 3018 893 3078 si
913 3038 996 3099 quae
1017 3025 1103 3093 sunt,
1121 3015 1290 3076 simultati-

237 3097 299 3160 bus
321 3103 502 3184 amputatis,
518 3103 677 3178 mundum
694 3102 764 3161 Deo
777 3101 920 3161 solemne
936 3121 1054 3161 munus
1076 3098 1175 3181 possit
1192 3099 1288 3160 offer-

239 3183 277 3242 ri.
318 3184 470 3246 Secundo
491 3185 569 3247 verb
590 3193 727 3266 agantur
747 3182 832 3243 eirea
854 3184 1002 3244 autumni
1024 3191 1158 3264 tempus.

178 3265 279 3325 Cone.
296 3264 445 3328 Antioch.
471 3291 542 3329 can.
564 3289 592 3328 a.
618 3269 690 3328 Non
720 3277 828 3328 autem
848 3265 945 3326 liceat
972 3264 1208 3334 communicare
1231 3285 1290 3324 ex-

241 3350 494 3430 communicatis,
514 3355 621 3432 n'eque
637 3369 696 3432 per
709 3349 818 3410 domos
838 3348 977 3430 ingredi,
997 3358 1028 3408 et
1045 3367 1119 3408 cum
1136 3347 1182 3410 eis
1199 3367 1291 3408 orare

238 3430 295 3513 qui
315 3425 480 3494 Ecclesiae
502 3455 567 3494 non
588 3431 798 3516 participant,
830 3451 937 3512 neque
958 3431 991 3489 in
1019 3430 1154 3491 alteram
1173 3429 1291 3490 Eccle-

240 3513 320 3575 siam
338 3515 441 3597 recipi
460 3517 518 3597 qui
541 3516 581 3577 ab
602 3515 664 3576 alia
684 3523 902 3597 segregantur.
945 3513 1043 3589 Quod
1066 3511 1093 3572 si
1115 3511 1199 3572 visus
1218 3513 1293 3571 fue·
1374 3527 1378 3535 ·

238 3597 282 3658 rit
297 3596 438 3680 quilibet
450 3599 685 3682 Episcoporum
702 3599 754 3659 vel
768 3597 1044 3678 Presbyterorum,
1062 3603 1117 3653 aut
1135 3595 1294 3656 Diacono-

223 3680 324 3756 'rum,
351 3681 404 3741 vel
425 3682 521 3742 etiam
534 3681 606 3764 quis
624 3682 658 3740 in
682 3702 806 3741 canone
822 3679 984 3752 detentus,
1007 3678 1293 3756 exconnnunicatis

242 3763 493 3842 communicare,
506 3774 548 3836 ¹et
566 3763 655 3825 huno
680 3756 806 3847 oportet
822 3761 1050 3822 communione
1068 3759 1200 3843 privari,
1220 3770 1293 3819 tan-

241 3867 338 3927 quam
356 3847 522 3908 Ecclesiae
536 3848 664 3930 regulas
682 3844 951 3908 confundentem.¹

179 3928 262 3988 lbid.
279 3949 349 3988 can.
364 3929 393 3988 6.
416 3930 451 3990 Si
466 3929 539 4011 quis
557 3929 574 3988 a
595 3930 727 4011 proprio
748 3929 909 4010 Epi-scopo
926 3923 1221 3986 excommunicatus
1236 3932 1295 4000 est,

245 4031 310 4070 non
338 4017 412 4072 eum
436 4012 527 4094 prius
545 4013 591 4092 ab.
605 4008 676 4073 aliis
700 4011 818 4073 debere
839 4009 970 4092 suscipi,
1002 4009 1064 4070 nisi
1086 4008 1103 4066 al
1122 4028 1180 4066 suo
1197 4006 1297 4067 fuerit

241 4105 391 4177 receptus
409 4095 582 4179 Episcopo,
607 4107 663 4160 aut
678 4093 826 4158 Concilio
851 4095 935 4156 facto
955 4100 1102 4155 occurrat
1117 4099 1148 4154 et
1166 4109 1299 4173 respon-

166 4231 392 4256 ‘n--r——m

189 4304 237 4362 w)
255 4297 354 4356 ahma.
374 4267 558 4358 Saraouene.
