2920 4972
259 361 396 417 seua.
502 355 897 416 aanuurmuconuu
1003 355 1063 420 ur.
1208 337 1232 412 5

122 527 178 566 nus
192 503 251 564 illis
266 523 320 583 pro
337 500 450 564 tliirinn¹
469 521 577 562 amore
594 497 780 561 reverentia
801 499 905 557 maior
922 497 1128 579 impenditur,
1158 511 1232 562 tan·

121 586 390 649 tumeonrenitut
420 582 525 646 aerius
555 593 753 648 resecentur,
784 580 947 659 Quoniam
966 579 1233 666 sisenetipasto·

120 693 184 744 res,
206 677 253 728 aut
270 666 402 733 instituti
424 666 558 742 iudices,
582 665 670 748 quod
697 667 787 724 ncl'as
818 672 881 740 est,
904 662 1124 724 subiectorum
1162 687 1234 726 suo-

118 775 185 813 ram
203 751 313 812 scelera
331 749 439 830 potius
455 750 619 809 occultare
645 768 742 829 quum
775 767 920 806 resecare
948 748 1168 823 tentaverint,
1198 768 1231 808 se

119 857 155 896 ex
177 835 231 894 hoc
252 833 386 914 amplius
406 853 478 893 reos
498 853 565 892 csse
593 832 646 891 vel
672 832 785 890 noxios
812 849 877 887 non
904 828 1065 910 ignorant.
1109 832 1234 891 Cuncta

119 939 185 1000 ergo
199 935 273 997 qaae
289 915 387 978 baius
406 914 503 976 edicti
528 923 642 976 tenore
669 911 892 987 decrevimus,
914 911 1150 992 perpetualiter
1176 933 1235 972 vo·

115 1002 209 1059 lamus
228 997 399 1068 custodiri,
422 996 499 1078 quia
532 997 566 1056 in
603 1003 711 1056 sancta
739 992 862 1076 synodo
893 993 1122 1056 Matisconensi
1154 992 1235 1056 hace
1326 1035 1334 1048 ·

55 1079 61 1090 '
112 1081 227 1157 omnia,
248 1078 332 1140 sieut
350 1080 473 1157 nostis,
495 1077 675 1140 studuimus
697 1076 846 1152 delinire,
869 1097 951 1157 quae
970 1077 1135 1156 praesenti
1156 1097 1235 1137 auc·

111 1165 228 1225 toritate
258 1163 439 1243 rulgemus.
487 1160 686 1243 Subscriptio
726 1161 843 1220 Domni
880 1158 1091 1220 Gtrntlrramni
1129 1159 1234 1238 Regis.

108 1249 266 1306 Perrunas.
306 1247 390 1306 Data
412 1244 472 1306 sab
494 1244 546 1306 die
568 1245 624 1306 tv.
639 1242 714 1303 ldus
734 1239 890 1304 Novemb.
911 1240 1124 1306 annoXXlV.
1138 1242 1233 1325 regui

109 1327 304 1412 suprascripti
326 1327 433 1411 Regis.

242 1585 582 1649 'CONVENTUS
617 1585 749 1647 APUD
783 1581 1067 1648 subeuntur

109 1721 257 1810 Quando
284 1721 385 1792 inter
414 1720 688 1792 Guntramnum
724 1731 758 1790 et
787 1717 1059 1792 childebertum
1084 1715 1228 1808 Reges,

105 1821 376 1914 Episcoporum
414 1821 689 1912 Procerumpue
726 1821 904 1905 consiliu,
932 1841 1019 1911 pax
1040 1815 1229 1908 firmata,

104 1921 279 2016 mutuique
298 1920 472 2014 joederis
493 1919 624 2013 pactio
651 1921 868 2013 conscripta
886 1931 939 1988 est
963 1940 1063 1989 anno
1092 1913 1230 1986 Christi

512 2017 807 2089 DLXXXVII·

314 2183 1012 2251 ExeurnanPacrrorrs.

106 2345 200 2458 Cum
226 2397 257 2456 in
285 2393 408 2458 Christi
430 2393 561 2454 nomine
583 2393 882 2477 praecellentissimi
906 2394 1036 2456 Domini
1054 2397 1230 2458 Guntram-

102 2500 158 2540 nus
177 2491 207 2540 et
222 2477 455 2540 Childebertus
474 2478 601 2557 Reges,
623 2486 656 2537 et
688 2477 914 2558 gloriosissima
940 2480 1079 2539 Domina
1109 2482 1230 2541 Bruui-

12 2607 14 2620 ,
103 2563 212 2624 ehildis
231 2559 375 2642 Regina,
399 2559 581 2620 Andelaum
602 2559 741 2620 caritatis
771 2560 877 2621 studio
909 2561 1161 2641 convenissent,
1192 2573 1230 2624 ut

101 2645 200 2704 omnia
218 2663 305 2726 quae
323 2643 543 2720 undecunque
559 2641 644 2702 inter
660 2641 744 2724 ipsos
761 2643 949 2718 scandalum
964 2653 1112 2726 poterant
1132 2668 1229 2728 gene-

101 2749 186 2804 rare,
208 2725 355 2809 pleniori
375 2725 513 2785 consilio
534 2723 729 2800 definirent,
753 2724 786 2784 id
810 2727 897 2786 inter
922 2748 977 2786 eos
1012 2729 1229 2790 mediantibus

99 2808 323 2872 Sacerdotibus
345 2816 440 2887 atque
454 2807 665 2881 Proceribus,
682 2809 752 2867 Deo
767 2808 884 2885 medio,
906 2809 1045 2870 caritatis
1062 2812 1169 2872 studio
1184 2832 1231 2870 se·

99 2892 153 2970 dit,
172 2891 379 2974 complacuit,
396 2900 492 2970 atque
517 2889 682 2966 convenit,
697 2898 733 2948 ut
746 2891 892 2971 quandiu
911 2914 965 2952 eos
982 2895 1069 2953 Deus
1085 2893 1230 2971 omnipo·

100 2983 166 3036 tens
184 2977 217 3034 iu
238 2973 404 3056 praesenti
422 2973 551 3034 saeculo
568 2973 917 3052 superesseroluerit,
941 2975 1035 3034 fidem
1059 2984 1092 3032 et
1112 2975 1228 3034 carita·

95 3067 161 3120 tem
180 3078 296 3140 param
312 3066 344 3116 et
361 3055 540 3136 simplicem
559 3055 620 3115 sibi
649 3055 788 3114 debeant
811 3077 1011 3116 conservare.
1072 3055 1230 3117 Similiter

99 3141 172 3221 quia
187 3143 336 3200 Domnus
350 3137 606 3213 Gunthramnus,
619 3138 707 3196 iuxta
727 3137 919 3218 pactionem,
935 3159 1030 3220 qnam
1043 3139 1228 3200 cambucae

99 3223 408 3286 memoriaeDomno
424 3219 585 3300 Sigiberto
607 3221 734 3296 inierat,
754 3219 910 3302 integram
925 3221 1120 3302 portionem,
1143 3245 1227 3305 quae

101 3314 148 3366 est
167 3306 206 3366 de
221 3324 324 3384 regno
349 3303 554 3380 Chariberti,
578 3303 643 3363 illis
656 3304 762 3362 fuerat
786 3314 997 3381 consecutus,
1025 3305 1086 3364 sibi
1106 3305 1230 3366 diceret

99 3385 131 3446 in
148 3387 314 3468 integrum
330 3386 511 3462 redhiberi,
536 3395 568 3447 et
586 3407 657 3466 pars
670 3385 788 3446 Domni
809 3386 1010 3447 Childeberti
1028 3407 1065 3447 ea
1080 3409 1163 3469 quae
1178 3411 1230 3468 pa..

99 3480 147 3531 ter
168 3493 248 3530 suus
268 3469 453 3551 possederat
465 3471 504 3529 ad
529 3491 563 3530 se
584 3469 684 3528 vellet
709 3490 749 3528 cx
765 3469 913 3530 omnibus
932 3491 1096 3547 revocare,
1122 3471 1156 3529 id
1176 3473 1231 3530 in-

100 3562 147 3614 ter
161 3554 247 3634 ipsos
263 3561 385 3613 constat
405 3552 468 3612 fixa
490 3551 724 3612 deliberatione
741 3551 879 3628 finitum,
891 3561 927 3611 ut
943 3553 977 3612 in
994 3553 1083 3612 illam
1101 3553 1231 3614 tertiam

98 3637 283 3716 portionem
301 3635 340 3694 de
354 3634 529 3695 Parisiensi
542 3634 689 3710 civitate,
712 3655 786 3694 cum
803 3635 949 3695 terminis
969 3645 999 3696 et
1023 3633 1145 3717 populo
1159 3657 1230 3712 suo,

99 3739 180 3799 quae
196 3718 238 3778 ad
256 3720 422 3776 Domuum
440 3717 636 3800 sigibertum
650 3717 690 3777 de
714 3738 817 3799 regno
840 3717 1022 3779 Chariberti
1050 3719 1234 3800 conscripta

97 3801 249 3881 practicae
280 3811 489 3880 pervenerat,
511 3821 585 3860 cum
614 3799 753 3862 castellis
781 3802 879 3860 Duno
906 3810 940 3860 et
963 3799 1170 3878 vindocino,
1199 3813 1233 3862 et

99 3883 263 3964 quidquid
282 3883 322 3942 de
342 3903 422 3963 pago
439 3883 619 3965 Stampensi
634 3884 689 3943 vel
706 3885 892 3943 Carnuteno
913 3882 947 3941 in
968 3881 1081 3964 pervio
1101 3882 1160 3941 illo
1178 3905 1233 3943 an-

98 3966 305 4025 tefatusRex
325 3987 400 4024 cnm
419 3965 567 4026 terminis
582 3975 615 4026 et
636 3965 758 4046 populo
786 3987 843 4026 suo
865 3974 1071 4046 perceperat,
1100 3963 1135 4021 in
1161 3965 1233 4028 iure

102 4042 132 4105 et
149 4047 369 4108 dominatione
393 4051 513 4119 Domui
538 4047 781 4121 Gunthramni,
804 4069 878 4108 eum
894 4047 1034 4127 eoquod
1061 4049 1231 4124 superstite

100 4129 227 4190 Domno
250 4131 411 4209 Sigiherto
433 4131 473 4192 de
489 4152 590 4213 regno
611 4129 792 4190 Chariberti
822 4139 917 4190 antea
944 4131 1069 4206 tenuit,
1094 4129 1233 4195 debeant

100 4213 332 4294 perpetualiter
347 4235 548 4296 permanere.
589 4213 662 4274 Pari
678 4213 865 4274 conditione
884 4213 1030 4274 civitates
1044 4211 1234 4273 Meldonens

102 4313 171 4372 ees,
205 4304 235 4357 et
263 4295 535 4380 duasportiones
570 4296 610 4360 de
639 4295 849 4374 Silvanectis,
872 4297 1039 4375 Turonos,
1061 4292 1236 4378 Pictaros,
