2958 4986
183 321 253 392 172
411 337 448 394 A.
468 335 556 394 CER.
664 337 923 398 carlmannus
1030 339 1092 398 803.

179 477 404 564 gravissimum
432 488 602 564 peccatum
629 479 692 544 boc
726 505 795 545 esse
829 481 1034 560 dinoscitur,
1061 491 1199 547 testante
1233 485 1330 544 sacra

179 562 351 645 scriptura,
371 583 455 646 quae
477 562 541 622 ait:
565 566 629 648 Qui
646 568 814 630 abstulerit
828 568 955 646 aliquid
967 567 1057 650 patri
1075 567 1129 627 uel
1151 568 1262 637 matri,
1296 579 1330 626 et

179 645 260 708 dicit
281 647 340 708 leot
360 666 424 706 non
446 665 513 706 esse
557 662 709 722 escotum,
743 649 910 712 homicidii
930 651 1090 734 particeps
1123 662 1180 709 est.
1225 649 1331 710 Pater

179 737 290 792 noster
311 727 382 790 sine
400 727 500 790 dubio
526 669 615 792 Deus
644 741 703 810 est,
732 733 789 816 qui
825 753 884 792 nos
905 732 1038 794 creavit.
1079 733 1184 795 Mater
1213 741 1330 792 nostra

178 811 337 890 Ecclesia,
360 832 444 908 quae
460 833 518 873 nos
535 813 569 872 in
584 811 742 896 baptismo
760 813 951 898 spiritaliter
976 814 1192 898 regeneravit.
1235 814 1330 896 Ergo

178 895 235 977 qui
260 894 383 958 chrisa
398 895 554 978 pecunias
568 905 601 958 et
616 899 783 960 Ecclesiae
802 897 931 958 fraudat
949 898 1003 960 vel
1022 898 1118 980 rapit,
1134 897 1202 958 sive
1222 907 1330 958 vastat

178 978 233 1040 rel
259 978 392 1060 alienat,
410 977 573 1040 homicida
594 991 668 1042 ante
684 989 894 1066 conspectam
919 981 995 1043 iusti
1027 981 1148 1042 Iudicis
1172 1001 1241 1041 esse
1272 981 1330 1040 de-

177 1060 358 1144 putabitur,
399 1063 450 1124 De
463 1083 531 1145 quo
550 1064 684 1146 quidam
703 1064 900 1148 sapientium
919 1063 1015 1126 dicit:
1039 1063 1103 1148 Qui
1128 1063 1213 1144 rapit
1230 1083 1330 1146 pecuf

179 1147 265 1206 niam
279 1147 428 1229 proximi
441 1147 505 1216 sui,
523 1146 722 1228 iniquitatem
734 1147 843 1229 facit.-
874 1149 938 1233 Qui
951 1159 1055 1210 autem
1073 1147 1243 1231 perseniam
1265 1145 1330 1206 Ec·

180 1227 295 1290 etesiae
312 1227 491 1304 abstulerit,
519 1231 719 1311 sacrilegium
729 1229 827 1314 sarit.
1245 1245 1248 1250 “

265 1359 315 1420 De
338 1355 643 1445 chorepiscoporum
666 1362 889 1446 superstitione
912 1373 1004 1446 atque
1027 1360 1241 1421 damnatione.

220 1489 279 1554 IV.
295 1485 600 1560 ,Omnibussanctae
611 1490 674 1552 Dei
685 1489 851 1553 Ecclesiae
866 1489 1016 1553 fidelibus
1031 1497 1063 1551 et
1080 1490 1196 1552 nostris
1210 1498 1328 1552 notum

181 1593 248 1634 esse
269 1572 420 1632 volumus
433 1573 510 1655 quia
524 1595 589 1634 non
611 1594 710 1657 parva
724 1572 872 1656 quaestio
883 1574 923 1635 de
939 1571 1255 1657 chorepiscoporum
1270 1595 1328 1634 su-

179 1654 370 1738 perstitione
382 1655 422 1716 ad
434 1677 492 1718 nos
506 1678 572 1718 non
587 1657 687 1719 semel
702 1667 757 1717 aut
767 1657 816 1718 bis
826 1667 881 1718 aut
894 1667 945 1718 ter
955 1665 1098 1733 venerat,
1118 1655 1330 1738 sedsaepissi-

179 1759 231 1799 me
249 1737 368 1800 nostris
382 1738 514 1802 auribus
535 1740 713 1802 molestiam
724 1740 894 1801 intulerat:
918 1739 986 1822 ipsu
999 1739 1087 1800 enim
1099 1739 1246 1822 quaestio
1258 1760 1326 1798 non

180 1821 286 1884 solum
299 1822 386 1882 inter
396 1821 552 1900 Clericus,
564 1824 727 1885 sedetiam
737 1821 1085 1885 interlaicoserebrius
1098 1821 1327 1884 ventilabatur.

179 1903 342 1967 Dicebant
357 1921 434 1986 ergo
450 1905 647 1989 Presbyteri,
658 1906 808 1982 Diaconi,
823 1915 855 1967 et
872 1905 1070 1966 subdiaconi
1086 1906 1104 1966 d
1122 1904 1328 1988 regularibus

179 1987 348 2070 Episcopis
367 1987 522 2066 ordinati,
541 2011 606 2049 non
633 2011 701 2051 esse
716 2011 771 2050 eos
785 1988 995 2072 Presbyteros
1017 1987 1070 2050 vel
1091 1988 1253 2048 Diaconos
1269 1996 1329 2046 aut

181 2071 415 2147 Subdiaconos,
447 2071 504 2154 qui
535 2071 827 2155 dCborepiscopis
854 2071 1050 2133 videbantur
1080 2070 1172 2152 quasi
1197 2070 1327 2146 sacrati,

181 2175 241 2216 nec
260 2153 457 2216 sacerdotale
477 2175 531 2216 eos
550 2155 668 2218 debere
690 2173 845 2238 peragere
868 2154 1021 2231 officium,
1034 2151 1096 2212 nisi
1118 2153 1226 2212 forent
1242 2151 1259 2210 d
1277 2175 1330 2212 ea-

181 2237 301 2298 nonice
325 2235 481 2298 ordinatis
496 2237 664 2320 Episcopis
687 2238 908 2299 consummati.
951 2237 1123 2296 Sumentes
1138 2255 1269 2316 quoque
1285 2236 1328 2294 de

181 2320 338 2382 canonica
368 2319 559 2382 auctoritate
582 2321 795 2398 sanctionem,
817 2319 1050 2380 affirmabantd
1074 2316 1325 2399 Chorepiscopis

182 2402 358 2478 ordinatos,
375 2402 582 2464 vulneratum
598 2404 706 2486 potius
726 2425 824 2486 quam
839 2401 1067 2487 episcopaliter
1079 2401 1326 2477 sanctificatum,

179 2507 240 2570 per
260 2485 351 2546 illam
367 2505 481 2547 manus
504 2486 743 2570 impositionem
760 2487 879 2546 haltere
900 2494 1006 2570 caput.
1049 2483 1112 2544 Ubi
1131 2494 1238 2544 sautem
1256 2484 1330 2544 vul-

182 2591 243 2630 nus
259 2569 398 2629 infixum
419 2579 477 2646 est,
497 2570 659 2632 medicina
677 2579 725 2632 est
745 2569 940 2647 adhibenda,
964 2569 1027 2651 qud
1053 2566 1153 2648 possit
1177 2565 1329 2648 recipere

181 2649 360 2714 sanitatem.
404 2651 564 2714 Similiter
592 2663 625 2714 et
645 2653 720 2714 laici
737 2652 890 2713 dicebant
910 2652 999 2734 quod
1019 2649 1135 2710 talium
1157 2649 1330 2711 Ministro-

181 2755 255 2796 rum
269 2735 322 2796 vel
345 2736 569 2806 Sacerdotem,
592 2736 627 2796 id
650 2745 709 2813 est,
734 2735 791 2817 qui
814 2733 1099 2817 istorcpiscopis
1121 2741 1214 2794 erunt
1234 2731 1329 2814 quusi

182 2817 334 2896 ordinati,
352 2817 455 2878 officia
484 2819 597 2880 audire
624 2819 762 2896 nollent,
788 2839 849 2879 nec
874 2839 988 2879 eorum
1015 2817 1157 2877 infantes
1189 2815 1330 2874 maiores

184 2902 235 2963 vel
256 2903 411 2976 minores,
442 2911 498 2961 aut
527 2901 683 2961 familiam
707 2923 830 2979 eorum,
854 2923 914 2984 per
943 2901 1058 2961 manias
1085 2897 1330 2982 impositionem

183 2983 367 3066 consignari
390 2983 443 3045 vel
463 2984 646 3046 confirmari
679 3007 815 3068 usquam
845 2982 983 3060 vellent,
1008 3005 1050 3044 ne
1081 2981 1181 3063 magis
1204 2979 1329 3042 vulnus

182 3089 279 3150 quum
294 3067 559 3129 benedictionem
576 3068 769 3152 acciperent.
812 3067 910 3145 Quod
937 3066 1081 3148 iurgium
1102 3087 1177 3126 eum
1196 3061 1329 3123 eniacle-

183 3150 266 3214 atius
285 3151 445 3212 discutere
464 3150 689 3230 voiuissemus,
709 3149 833 3234 placuit
852 3149 944 3210 nobis
967 3171 1009 3209 ex
1034 3148 1097 3209 hoe
1118 3144 1330 3230 apostolicam

183 3233 301 3294 Sedem
315 3233 499 3310 consulere,
521 3235 653 3294 iubente
671 3234 827 3294 canonic-t
843 3231 1033 3293 auctoritate
1058 3241 1156 3313 atque
1177 3228 1328 3289 dicente:

183 3315 221 3376 Si
236 3319 371 3378 maiores
392 3337 504 3377 causae
520 3320 554 3377 ia
568 3317 675 3378 medio
687 3315 817 3397 fiterint
836 3313 1020 3387 devolutae,
1037 3315 1083 3374 ad
1104 3312 1221 3373 Sedem
1247 3329 1329 3389 apo-

183 3399 340 3471 stolicam,
357 3411 391 3458 ut
407 3399 671 3478 sanctasynodus
688 3400 798 3458 statuit
819 3410 849 3457 et
871 3398 963 3458 beata
989 3393 1185 3458 consuetudo
1210 3391 1327 3469 exigit,

182 3483 402 3542 incunctanter
416 3480 584 3561 reseratur.
626 3483 833 3564 Quapropter
852 3478 1018 3542 Arnonem
1037 3477 1331 3560 Archiepiscopum

183 3564 224 3626 ad
240 3566 383 3626 Leonem
409 3564 632 3646 Apostolicum
653 3563 809 3641 misimus,
825 3572 861 3623 ut
881 3563 967 3624 inter
989 3571 1115 3623 caetera
1141 3579 1224 3641 quae
1245 3558 1333 3650 fcre-

182 3648 248 3722 bat,
280 3647 378 3708 etiam
402 3664 477 3708 eum
497 3669 537 3708 ex
559 3648 622 3708 boc
645 3646 879 3729 interrogarem
904 3655 940 3706 ut
966 3643 1128 3727 quicquid
1150 3661 1249 3723 super
1277 3639 1331 3698 has

183 3729 407 3793 deliniendum
440 3741 534 3807 esset,
562 3729 737 3813 apostolica
758 3729 986 3790 auetoritated
1011 3726 1128 3789 nostris
1158 3721 1331 3806 Episcopis

183 3813 378 3896 regulariter
397 3815 569 3895 sopiretur.
611 3811 677 3892 Qui
695 3813 788 3874 nobis
810 3811 918 3875 verbis
938 3820 970 3872 et
989 3809 1116 3892 seriptis
1142 3808 1181 3867 ab
1210 3827 1249 3866 eo
1275 3825 1334 3864 re-

184 3895 338 3958 nuntians
353 3895 434 3958 bace
457 3919 522 3956 non
541 3917 609 3958 csse
630 3917 761 3957 necesse
777 3897 894 3956 iterare
915 3894 970 3955 vel
990 3891 1139 3969 delinire,
1162 3889 1241 3970 quia
1265 3907 1334 3949 sae·

183 3979 346 4064 pissimed
366 3979 431 4040 suis
454 3978 753 4060 praedecessoribus
786 3979 857 4039 etd
885 3977 996 4038 multis
1016 3974 1135 4036 sanctis
1157 3969 1332 4054 Episcopis

184 4076 281 4146 atque
295 4057 504 4145 synodalibus
519 4058 744 4124 sanctionibus
762 4083 816 4123 eos
837 4083 904 4122 esse
921 4059 1101 4143 prohibitos
1120 4067 1217 4138 atque
1240 4055 1334 4115 dam-

185 4155 290 4216 natos;
314 4154 346 4206 et
365 4145 440 4205 ideo
461 4167 525 4205 non
546 4167 615 4206 esse
635 4166 766 4206 necesse
788 4144 959 4219 ventilare,
981 4142 1037 4202 sed
1051 4140 1184 4201 delinita
1203 4147 1332 4202 tenere.

184 4229 276 4290 Dixit
297 4228 386 4289 enirn
402 4228 529 4288 nullum
549 4230 618 4289 fore
638 4229 868 4310 Presbyterum
888 4227 941 4287 vel
963 4225 1157 4297 Diaconum,
1178 4229 1233 4278 aut
1246 4219 1333 4278 Sab-

186 4312 370 4391 diaconum,
394 4312 432 4372 ab
455 4311 501 4374 eis
518 4311 713 4391 ordinatum,
734 4333 794 4374 nec
811 4309 990 4373 Ecclesiam
1011 4308 1049 4368 ab
1071 4305 1117 4368 eis
1139 4302 1332 4380 dedicatam,
