2920 4972
185 298 235 373 60
416 323 450 376 n.
473 324 561 383 cnr.
667 328 924 388 carnotena
1038 333 1101 406 779.
1168 299 1169 308 Ν

181 463 233 524 tab
250 479 315 522 non
331 464 493 538 exierunt
515 467 664 534 similiter
684 471 808 536 decima
827 485 859 536 et
873 496 958 536 nona
974 493 1049 554 oum
1065 475 1138 559 ipso
1158 499 1260 542 censu
1277 477 1319 542 sit

131 577 138 603 t
179 547 419 644 solatatatque
435 549 475 610 de
498 553 609 616 casatis
626 553 875 640 quinquaginta,
892 557 1015 620 solidus
1032 581 1134 632 unus;
1158 572 1191 624 et
1208 564 1248 625 de
1268 585 1323 624 ear

179 639 255 692 sans
274 640 419 728 triginta,
440 633 595 699 dimidius
619 637 753 718 solidus,
774 649 807 700 et
829 641 869 704 de
892 641 1022 724 viginti,
1048 643 1202 708 tremissis
1222 667 1317 707 unus.

178 709 406 810 Etpreearrae
435 717 491 778 ubi
512 721 608 784 modo
630 731 725 800 sunt,
753 734 969 800 renoventur,
999 734 1032 787 et
1057 725 1115 788 ubi
1137 750 1203 790 non
1229 738 1317 807 sunt,

177 797 390 862 scrrbantur..
412 800 455 862 Et
478 801 533 863 sitx
546 803 698 868 discretio
725 804 813 867 inter
831 807 993 890 precarias
1017 809 1058 871 de
1082 813 1185 884 aerbo
1206 819 1316 873 nostro

177 882 303 978 factas,
325 891 358 943 et
380 882 543 981 intereas
568 908 648 970 quas
671 893 847 971 spontanea
867 892 1036 954 voluntate
1058 893 1098 955 de
1120 895 1196 982 ipsis
1219 893 1317 956 rebus

177 961 553 1035 Ecclesrarmnfacaunt.
816 994 831 1024 ο

301 1119 309 1128 .
396 1117 398 1122 -
497 1068 566 1139 'De
596 1091 695 1140 truste
719 1079 969 1163 nonfacienda.

220 1207 226 1226 ·
261 1179 349 1246 XIV.
369 1185 418 1246 De
439 1192 544 1250 truste¹
562 1185 711 1250 facienda
731 1208 829 1264 nemo
845 1200 1036 1272 praesumat.

399 1363 400 1368 η
497 1293 546 1354 De
569 1296 744 1356 tributariis
768 1290 994 1359 Ecclesinrum.

261 1398 332 1488 xl·
353 1401 402 1463 De
426 1399 557 1465 'cerariIs
584 1411 617 1462 et
639 1401 806 1468 tabulariis
831 1413 928 1488 atque
952 1403 1168 1485 chartulariis,
1196 1404 1317 1469 sicuti

179 1481 278 1581 longo
293 1489 436 1567 tempore
457 1483 530 1564 fuit,
554 1485 754 1556 observetur.
1039 1505 1043 1514 ⁴

391 1615 434 1680 Ut
458 1631 685 1680 sacromentum
702 1641 763 1704 pro
784 1619 930 1700 gildonia
950 1641 1013 1682 non
1029 1619 1108 1704 fiat.

263 1722 349 1786 XVI.
370 1727 419 1786 De
435 1727 644 1788 sacramentis
658 1749 719 1810 pro
739 1727 885 1810 gildonia
906 1727 1102 1802 blinviosm
1119 1727 1317 1790 coniuranti-

178 1807 251 1886 bus,
277 1816 314 1867 ut
332 1830 429 1870 nemo
444 1811 554 1874 facere
574 1821 767 1892 praesumat.
816 1811 892 1872 Alio
917 1813 998 1873 verb
1017 1809 1112 1873 modo
1141 1813 1181 1874 de
1204 1833 1317 1874 eorum

169 1891 404 1988 eleemosynis,
423 1903 479 1954 aut
499 1894 538 1955 de
563 1893 728 1970 incendio,
747 1903 803 1955 aut
818 1895 857 1955 de
877 1894 1058 1977 naufragio,
1079 1895 1225 1977 quamvis
1243 1916 1319 1958 cou-

179 1974 379 2038 venientram
400 1976 531 2054 faciant,
554 1996 649 2038 nemo
660 1975 704 2037 ¹in
723 1974 787 2037 hoo
805 1975 913 2038 iurare
931 1987 1122 2060 praesumat.

333 2107 383 2174 Ut
402 2111 621 2173 itinerantibus
645 2110 750 2172 nullus
769 2109 1028 2197 impedimentum
1045 2108 1161 2192 sociat.

188 2283 195 2290 ,
260 2218 364 2280 XVII.
388 2221 438 2280 De
462 2217 689 2286 itinerantibus
710 2220 767 2302 qni
795 2220 839 2281 ad
857 2218 1016 2302 palatium
1038 2227 1093 2278 aut
1118 2214 1221 2278 aliubi
1239 2237 1317 2300 per-

179 2311 271 2387 gunt,
292 2312 329 2362 nt
348 2323 403 2365 eos
420 2324 495 2364 cum
511 2303 647 2370 colleota
666 2324 762 2364 nemo
784 2303 829 2364 sit
844 2322 942 2368 arrsus
958 2300 1117 2366 absallire.
1159 2301 1202 2362 Et
1222 2321 1319 2360 nemo

178 2383 312 2448 alterius
332 2385 468 2456 herbam
482 2383 682 2462 defensionis
695 2395 838 2470 tempore
859 2383 976 2446 tollere
988 2391 1181 2466 praesumat,
1203 2381 1266 2443 nisi
1283 2381 1317 2440 in

177 2467 269 2530 hoste
289 2467 473 2552 pergendo,
507 2477 562 2530 aut
582 2469 697 2530 Missus
723 2476 833 2530 noster
857 2466 909 2528 sit.
951 2465 994 2528 Et
1011 2464 1070 2549 qui
1090 2464 1186 2528 aliter
1209 2466 1318 2526 facere

179 2551 441 2635 praesumpserit,
469 2553 632 2618 emendet.

534 2661 583 2720 De
604 2659 736 2734 teloneis
757 2657 968 2740 forbannitis.

258 2765 377 2829 xvllt.
409 2767 458 2827 De
483 2767 624 2828 teloneis
641 2767 698 2848 qui
722 2765 784 2826 iam
805 2767 900 2828 antei
917 2765 1097 2828 forbanniti
1116 2767 1252 2829 luerunt
1267 2787 1323 2828 ne·

180 2866 233 2912 mo
255 2847 359 2927 tollat,
381 2849 445 2910 nisi
467 2846 511 2910 ibi
535 2849 591 2910 ubi
609 2849 746 2932 antiquo
760 2859 908 2933 tempore
928 2847 1074 2912 luerunt.

371 2981 414 3045 Ut
436 2985 594 3068 mancipio
613 3005 677 3046 non
705 2987 775 3046 sine
797 2985 927 3046 testibus
952 2981 1144 3044 venduntur.

263 3092 350 3152 xlx.
388 3081 633 3172 De‘mancipiis
662 3113 746 3173 quae
774 3093 982 3170 renduntur,
1010 3100 1046 3150 ut
1080 3090 1114 3150 in
1142 3087 1324 3171 praesentia

180 3155 333 3259 lipiscopi
351 3173 405 3236 vel
426 3173 559 3234 Comitis
581 3173 639 3250 sit,
664 3175 774 3235 autin
797 3171 979 3260 praesentia
1003 3171 1242 3248 Archidiaconi‚
1268 3179 1323 3230 aut

181 3255 382 3332 Centenarii,
400 3255 505 3316 autin
522 3257 705 3338 praesentia
722 3253 942 3328 vicedomini,
965 3262 1020 3313 ant
1041 3253 1158 3314 iudicis
1176 3253 1323 3330 Comitis,

181 3348 333 3402 nutante
362 3337 445 3400 ben'e
476 3349 551 3398 nota
572 3337 765 3401 testimonia.
815 3340 857 3399 Et
882 3335 968 3397 foris
996 3335 1159 3396 maroham
1179 3338 1204 3410 i)
1226 3356 1323 3395 nemo

170 3422 381 3506 ¹mancipium
397 3419 526 3483 vendat.
569 3422 636 3499 Qui
661 3423 793 3498 fecerit,
821 3430 924 3481 tantas
947 3415 1205 3480 vicesbannum
1222 3417 1325 3479 solvat

132 3511 133 3514 ’
181 3513 303 3590 quanta
320 3503 480 3586 mancipia
504 3497 663 3566 iendidit.
705 3505 747 3565 Et
761 3503 788 3566 si
807 3497 988 3563 nonhabet
1007 3501 1159 3584 pretinm,
1181 3499 1214 3560 in
1230 3499 1325 3561 vadio

180 3611 239 3673 pro
261 3609 354 3731 servlo
378 3587 587 3670 semetipsum
610 3589 709 3649 donet
727 3586 865 3664 Comiti,
889 3601 993 3664 nsque
1019 3584 1096 3645 dum
1119 3585 1225 3668 ipsum
1244 3581 1326 3643 ban-

185 3694 265 3732 num
290 3692 323 3732 so
342 3679 402 3733 vat.

370 3777 552 3860 Defloricis
578 3789 672 3838 extro
705 3798 834 3856 regnum
859 3797 923 3837 non
952 3773 1143 3838 vendendis.

266 3886 336 3948 XX.
371 3888 414 3946 Ut
438 3883 549 3946 nullus
574 3885 706 3946 brunias
736 3884 769 3960 t)
800 3883 885 3945 foras
915 3893 1025 3945 nostro
1045 3902 1148 3964 regno
1188 3878 1329 3943 vendere

187 3991 252 4032 non
276 3977 467 4053 praesumat.
1021 3988 1024 3993 ¹

193 4114 438 4131 ...ι--υ-

221 4197 253 4264 h)
271 4195 305 4252 al.
320 4211 382 4244 mss.
405 4189 549 4261 geldonie,
575 4190 732 4263 gildonioe,
781 4241 796 4254 ,,
819 4195 845 4257 i)
863 4192 896 4243 al.
914 4209 959 4243 ms.
970 4192 1055 4262 soros
1074 4204 1204 4244 mercato.

290 4259 462 4336 ghilduniee.
819 4262 851 4329 l)
869 4263 903 4316 al.
919 4279 977 4315 mss.
996 4264 1122 4332 przutios.
