2920 4972
338 331 376 390 n.
397 327 486 388 cnr.
591 283 728 384 nacon
746 323 980 383 nnnnconun
1086 324 1148 386 nn
1264 311 1311 384 77

227 507 231 523 ·
286 545 289 552 ⁴
388 474 450 539 ,Dc
465 465 663 542 mulieribus,
685 485 725 528 ne
742 463 788 526 osi
809 466 909 530 altare
931 463 1093 530 accedant.

420 580 664 641 Cunascrs
697 595 752 636 ar
779 573 1069 652 Nannenus.

257 685 363 755 XVII.
404 685 488 746 Item
509 682 544 742 in
567 679 682 743 eodem
704 675 867 758 Concilio,
883 679 973 764 quod
991 700 1057 741 uon
1081 685 1226 764 oporteat
1241 700 1315 740 mu-

171 771 274 833 lieres
296 765 428 854 ingredi
446 767 486 828 ad
504 765 614 826 altare.

193 873 434 955 ConcLaodic.
449 871 580 950 canii.
607 869 681 931 Non
697 875 825 953 oportet
837 867 993 930 mulieres
1008 867 1136 952 ingredi
1151 865 1192 932 acl
1206 867 1315 932 altare.

437 981 487 1042 De
522 975 690 1062 maleficis,
716 975 771 1038 ccl
797 975 1056 1036 incantatoribus.

535 1086 965 1156 An.Sscrnnornu

261 1199 383 1266 XVIII.
425 1194 561 1258 iteruin
583 1191 697 1254 eodem
719 1191 881 1268 Concilio,
911 1196 948 1249 ut
972 1187 1137 1267 cocleariI,
1165 1187 1317 1268 malefici,

178 1283 410 1364 incantatores,
435 1289 468 1342 et
482 1277 711 1338 incantatrices
738 1275 810 1338 lieri
830 1293 897 1336 uon
923 1272 1142 1346 sisennius)

202 1391 309 1454 Cone.
327 1385 458 1448 Laudic.
481 1405 550 1446 cau.
569 1383 620 1446 36.
664 1382 828 1462 Quoniam
842 1403 909 1442 uon
932 1389 1061 1464 oportet
1084 1379 1247 1441 ministros
1268 1378 1317 1439 al-

261 1471 350 1548 taris,
369 1470 424 1534 rel
449 1467 609 1546 Clericos,
640 1487 748 1549 magos
770 1474 825 1526 aut
843 1465 1061 1526 incantatores
1083 1483 1162 1542 esse,
1184 1471 1240 1522 aut
1268 1462 1318 1522 fa-

184 1609 188 1614 .
262 1575 336 1616 cere
366 1571 450 1634 quae
476 1549 633 1612 dicuntur
660 1547 873 1634 phylacteria,
891 1569 974 1632 quae
992 1557 1069 1609 sunt
1089 1567 1205 1630 magna
1238 1544 1319 1605 obli-

260 1644 410 1720 gamentu
431 1633 621 1694 animarum.
662 1635 728 1696 Hos
751 1640 871 1710 autem,
893 1629 952 1714 qui
973 1629 1089 1692 talibus
1106 1631 1203 1692 rebus
1219 1635 1318 1690 utnu-

262 1731 335 1799 tur,
361 1715 480 1802 proiici
504 1715 542 1775 ab
558 1714 707 1778 Ecclesia
728 1713 889 1778 iussimus.

345 1825 395 1886 De
411 1821 594 1906 Episcopis,
613 1821 670 1884 ubi
680 1843 745 1884 non
761 1833 906 1906 oporteat
922 1841 974 1883 eos
996 1821 1154 1882 constitui.
1207 1877 1221 1903 5

614 1930 653 1990 Ὀ
670 1953 693 1990 n
710 1951 731 1992 n
746 1952 787 1992 rr
804 1951 827 1992 u
847 1951 871 1992 s.

265 2039 352 2100 xlx.
394 2035 523 2098 iteruin
546 2035 662 2097 codem
675 2037 838 2116 Concilio,
854 2059 983 2102 necnon
1007 2048 1040 2102 et
1063 2039 1097 2100 in
1121 2036 1319 2115 sardicensI,

180 2122 273 2207 qubd
291 2143 358 2184 aon
375 2127 523 2208 oporteat
550 2119 584 2180 in
605 2119 731 2183 villulis
751 2121 804 2186 rel
825 2121 859 2206 ip
882 2123 966 2208 agris
992 2123 1171 2210 Episcopus
1202 2121 1322 2184 consti·

179 2219 288 2268 tuere.
412 2227 415 2233 ’
558 2233 562 2241 ’

203 2313 305 2377 Conc'.
326 2312 448 2375 Sardio.
465 2335 535 2377 cau.
553 2311 584 2374 6.
624 2313 697 2374 Non
717 2323 844 2398 oportet
862 2313 897 2374 iu
913 2314 994 2377 vicis
1013 2324 1045 2375 et
1071 2313 1106 2374 in
1125 2309 1251 2375 villisE
1276 2307 1320 2370 is-

266 2417 385 2480 copum
402 2395 558 2474 ordinari,
583 2395 640 2456 sed
667 2418 722 2459 eos
747 2397 805 2480 qui
828 2397 1027 2460 circumeant
1052 2394 1216 2458 constitui.
1287 2411 1322 2454 os

266 2488 375 2541 autem
396 2479 455 2562 qui
475 2478 554 2540 hinc
575 2477 714 2541 ordinati
736 2491 823 2558 sunt,
847 2481 932 2542 nihil
949 2503 1042 2564 agere
1064 2481 1133 2542 sine
1148 2474 1322 2539 conscicn-

185 2597 194 2611 κ
234 2601 238 2612 ·
266 2564 314 2626 tiu
347 2561 500 2646 Episcopi
532 2560 683 2624 civitatis.
726 2563 883 2625 slmiliter
915 2564 1012 2626 ctiam
1039 2563 1214 2646 Presbyter
1237 2557 1322 2618 nihil

267 2647 339 2710 sine
357 2653 529 2728 praecepto
544 2643 701 2728 Episcopi
723 2657 755 2707 et
770 2645 907 2708 consilio
922 2657 1002 2732 agat.
1044 2647 1079 2709 Si
1105 2646 1192 2706 enim
1214 2639 1321 2706 subitb

181 2792 185 2804 ,
265 2739 325 2791 aut
344 2729 437 2790 ricus
456 2727 575 2810 aliquis
601 2737 658 2788 aut
678 2729 806 2791 modica
829 2729 951 2810 civitas,
976 2729 1030 2792 cui
1055 2729 1129 2792 satis
1163 2736 1210 2790 cst
1237 2743 1323 2786 unus

268 2811 454 2896 Presbyter,
473 2809 618 2874 voluerit
631 2809 693 2872 sibi
718 2811 917 2896 Episcopum
945 2811 1101 2892 ordinari,
1127 2819 1164 2874 ut
1187 2808 1324 2873 vilescat
1437 2836 1439 2846 ·

270 2915 390 2957 nomeu
412 2893 566 2977 Episcopi
595 2901 628 2954 et
652 2895 850 2974 auctoritas,
865 2917 930 2956 non
954 2897 1074 2958 debent
1106 2895 1157 2954 illi
1185 2913 1226 2954 ex
1260 2888 1325 2948 alia

269 2974 588 3062 provinciainvitati
608 2977 715 3038 facere
730 2977 938 3062 Episcopum,
956 2979 1019 3041 nisi
1039 2987 1094 3040 ant
1107 2977 1142 3038 in
1173 2973 1225 3035 his
1246 2971 1325 3033 civi·

269 3059 387 3122 tatibus
441 3079 502 3120 uae
527 3057 704 3142 Episcopus
724 3059 910 3139 habuerint,
944 3071 1001 3122 aut
1023 3061 1051 3122 si
1075 3081 1140 3143 qna
1171 3055 1245 3118 talis
1271 3063 1326 3115 ant

181 3207 186 3216 ,
268 3079 504 3238 tempoptllosa
530 3150 578 3204 est
602 3163 687 3224 quae
701 3153 864 3206 mereatur
886 3141 1005 3206 habere
1020 3144 1229 3228 Episcopum.
1256 3138 1326 3200 Hoc
1363 3169 1367 3181 ·

266 3224 419 3289 omuibus
437 3225 570 3309 placet?
597 3224 748 3308 synodus
761 3226 947 3310 respondit:
968 3227 1091 3290 Placet.

585 3329 634 3389 Dc
654 3331 762 3392 Libris
776 3332 946 3398 canonicis.

558 3435 977 3500 Sscannorrnus

226 3525 229 3538 ¹
269 3543 341 3604 XX.
381 3543 464 3603 Item
480 3540 645 3604 incudem
663 3541 825 3622 Concilio,
847 3552 885 3604 ut
906 3542 1064 3607 Canonici
1090 3543 1180 3606 Libri
1202 3542 1328 3606 tantbm

185 3633 341 3712 legantur
358 3624 393 3685 in
416 3623 574 3686 Ecclesia.

208 3738 312 3799 Conc.
332 3730 464 3796 Laudic.
487 3753 557 3792 can.
579 3731 629 3814 59.
670 3732 742 3794 Non
759 3742 888 3817 oportet
908 3735 947 3796 ab
962 3734 1071 3798 idiotis
1088 3735 1227 3820 psalmos
1244 3755 1329 3795 com-

271 3815 392 3900 positos
426 3823 459 3876 et
482 3815 632 3898 vulgares
660 3815 725 3878 dici
748 3815 783 3876 in
812 3818 979 3896 Ecclesiis‚
1008 3834 1116 3900 neque
1143 3819 1244 3880 libros
1271 3816 1328 3897 qui

185 3917 191 3975 ι
273 3908 349 3960 sunt
378 3907 469 3958 extra
489 3919 647 3958 canonem
663 3898 785 3982 legere,
804 3898 868 3962 nisi
886 3903 970 3965 solos
994 3899 1168 3964 canonicos
1193 3898 1271 3961 novi
1297 3908 1329 3960 et

274 3981 393 4048 veteris
413 3981 606 4048 testamenti.
649 3983 742 4060 Quae
761 3991 869 4044 autem
892 3993 1038 4070 oporteat
1061 3983 1129 4078 legi
1154 3991 1186 4045 et
1209 3982 1244 4042 in
1271 4003 1340 4068 anf

225 4193 262 4255 a)
279 4187 316 4242 al.
333 4204 379 4238 ms.
394 4184 466 4238 Item
479 4185 511 4236 in
525 4181 618 4238 eodem
639 4185 777 4247 Concilio,
798 4198 828 4240 ut
854 4187 1047 4244 ecclesiasticis
1069 4187 1225 4260 disciplinis
1244 4183 1337 4242 dediti
1397 4240 1399 4247 Α

296 4254 429 4330 mainfici,
452 4257 653 4322 incantatores,
675 4257 723 4312 vel
746 4258 945 4314 incantatrices
954 4259 1098 4334 fierinon
1113 4264 1261 4330 ¹sinuntur.
1303 4275 1304 4280 ¹
