2952 4988
205 273 279 352 tto
463 297 496 354 s.
517 297 606 358 cas.
713 295 974 358 cnrttutntua
1074 299 1139 358 sn

530 438 580 500 De
597 439 752 504 mendicis
763 437 1025 514 discurrentibus.

289 543 329 604 x.
371 545 420 606 Dc
443 543 601 606 mendicis
625 547 683 627 qui
706 567 766 630 per
782 544 901 628 patrias
916 543 1124 621 discurrunt,
1147 541 1304 606 volumus
1325 553 1359 606 nt

206 625 431 710 unusquisque
455 625 603 688 lidelium
624 637 810 692 nostrorum
826 649 921 690 suum
936 649 1113 712 pauperem
1129 627 1171 688 de
1192 626 1355 690 beneficio

205 721 261 772 aut
273 711 312 772 de
325 731 384 792 pro
409 709 455 770 ria
469 709 592 772 familia
606 711 747 792 nutriat,
765 721 797 774 et
811 733 877 772 non
894 712 1060 795 permittat
1077 709 1183 772 aliubi
1199 709 1250 771 ire
1265 732 1356 772 men-

206 793 356 857 dicando.
426 801 437 852 t
458 791 513 854 ubi
530 793 611 856 tales
629 795 755 858 inventi
776 795 918 873 suerint,
941 795 1003 858 nisi
1016 794 1168 856 manibus
1184 791 1353 872 laborent,

207 877 319 940 trullus
344 874 376 937 ei
392 875 571 960 quicquam
587 877 731 940 tribuere
748 887 941 962 praesumat.

550 983 599 1046 De
617 985 750 1048 teloneis
771 998 802 1048 et
817 987 1013 1072 cispitaticis.

290 1089 349 1155 xl.
390 1091 440 1156 De
454 1091 594 1154 teloneis
620 1101 653 1154 et
675 1091 884 1176 cispitaticis,
906 1092 991 1155 sicut
1017 1091 1052 1153 in
1080 1089 1145 1153 alio
1170 1090 1354 1174 capitulari

206 1175 448 1254 ordinavimus,
470 1185 618 1248 teneant3
641 1175 675 1238 id
694 1185 760 1256 est,
782 1186 819 1238 ut
835 1176 891 1238 ubi
904 1175 1039 1260 antiqua
1056 1175 1265 1239 consuetudo
1280 1175 1353 1254 fuit,

209 1260 396 1346 exigantum
420 1267 452 1322 et
473 1257 530 1320 ubi
550 1280 633 1322 nova
652 1259 777 1322 suerint
794 1260 945 1339 inventa,
967 1259 1185 1348 destruantur.

696 1368 746 1430 De
766 1387 872 1429 nsnra.

289 1472 366 1538 ΧΠ.
409 1476 513 1538 Usura
545 1481 594 1536 est
621 1473 677 1534 ubi
712 1473 851 1558 amplius
887 1469 1069 1557 requiritur
1106 1471 1205 1556 quiam
1235 1473 1351 1546 datum

208 1556 299 1620 verbi
315 1557 432 1640 gratid,
454 1559 481 1622 si
499 1557 628 1621 dederis
651 1555 771 1618 solidos
788 1557 921 1634 decem,
941 1565 974 1618 et
992 1554 1129 1637 ampliits
1142 1556 1352 1637 requisieris:

207 1641 262 1736 vel
280 1639 307 1702 si
325 1639 459 1736 'dederit
479 1641 624 1705 modium
641 1661 744 1702 unum
758 1639 914 1702 frumenti
924 1682 935 1718 ,
957 1637 1127 1702 etiterum
1147 1659 1247 1723 super
1261 1639 1353 1702 aliud

209 1743 261 1788 ext
286 1743 359 1786 eras.
844 1777 849 1784 .

265 1745 284 1808 g
498 1831 547 1892 De
561 1827 734 1915 cupiditate
748 1830 783 1890 in
802 1827 914 1892 tonan
926 1839 1061 1914 partem.

292 1933 393 2000 XIII.
435 1935 605 2020 Cupiditas
637 1935 672 1996 in
704 1934 824 1996 honam
847 1943 971 2016 partem
994 1943 1100 2018 potest
1120 1933 1242 2020 accipi,
1268 1936 1353 1998 etin

209 2021 336 2083 malam.
379 2020 415 2080 ln
440 2019 559 2082 lionam
585 2019 675 2080 iuxta
704 2015 920 2102 Apostolum:
947 2015 1048 2102 Cupio
1072 2015 1212 2080 dissolvi
1234 2032 1266 2079 et
1284 2039 1352 2080 esse

208 2126 281 2166 cunt
298 2104 435 2166 Christo.
475 2103 519 2166 Et
541 2102 575 2163 iu
595 2101 719 2186 psalmo
740 2127 747 2162 ι
769 2101 960 2186 Cottcupivit
984 2101 1091 2162 anima
1117 2122 1187 2162 mea
1209 2104 1245 2162 in
1265 2103 1354 2164 atria

209 2187 349 2252 Domini.

437 2293 518 2354 Item
536 2291 578 2352 cle
598 2289 773 2375 cupiditate
794 2292 828 2350 in
850 2287 967 2350 ntalem
983 2301 1120 2372 partem.

293 2395 384 2460 XlV.
426 2395 596 2480 Cupiditas
618 2395 697 2490 verb
722 2395 756 2456 in
783 2395 900 2456 mulam
926 2403 1051 2478 partem
1078 2394 1258 2492 accipitur,
1293 2397 1352 2478 qui

210 2503 307 2564 supra
330 2480 462 2542 modum
481 2501 532 2540 res
549 2477 713 2560 quoslihet
731 2477 850 2540 iniuste
865 2487 1017 2562 appetere
1038 2479 1125 2558 vult,
1148 2489 1240 2540 auxta
1257 2479 1354 2541 Salo-

211 2587 341 2628 monem
360 2589 367 2624 :
389 2563 469 2626 Post
488 2563 757 2648 concupiscentias
774 2575 842 2624 tuas
855 2583 919 2626 non
936 2582 1000 2624 eas.

683 2669 734 2730 De
757 2671 905 2731 evantio.

294 2780 368 2842 XV.
407 2775 553 2838 Avaritia
577 2784 626 2838 est
649 2773 771 2838 alienas
792 2797 844 2838 res
860 2785 1033 2862 appetere,
1055 2787 1088 2840 et
1114 2777 1244 2861 adeptas
1268 2777 1357 2838 nulli

210 2863 333 2946 largiri.
374 2859 422 2924 Et
434 2861 525 2923 iuxta
539 2858 732 2942 Apostolum
748 2858 828 2922 haec
846 2870 895 2924 est
910 2861 1005 2924 radix
1020 2861 1167 2923 omnium
1182 2861 1356 2922 malorum.

617 2963 667 3025 De
680 2967 825 3050 turpibus
839 2967 947 3030 literis.

291 3075 382 3138 XVI.
423 3073 534 3154 Turpe
558 3070 687 3132 lucrum
706 3084 863 3136 exercent
884 3075 942 3157 qui
958 3097 1018 3160 per
1030 3075 1133 3138 varias
1151 3073 1357 3135 circumven-

210 3159 335 3236 tiones,
358 3157 509 3220 lucrandi
534 3155 657 3234 causat,
684 3155 856 3222 inhoneste
885 3179 937 3221 res
964 3158 1128 3242 quaslibet
1153 3176 1355 3239 congregare

150 3275 160 3296 ·
211 3243 388 3306 decertant.
453 3251 456 3258 ‘
537 3255 539 3260 ’
859 3289 866 3304 .

677 3322 727 3382 De
741 3320 888 3404 foenore.

291 3432 397 3498 XVII.
438 3431 571 3493 Faenus
595 3429 723 3524 estqui
748 3429 875 3513 aliquid
899 3439 1047 3514 praestat.
1089 3429 1214 3492 lustum
1234 3427 1354 3490 foenus

210 3516 332 3599 estqui
353 3513 492 3599 amplius
506 3535 572 3576 nou
586 3512 728 3596 requtrit
741 3511 803 3576 nisi
820 3515 979 3597 quantiam
994 3513 1163 3598 praestitit.

208 3619 266 3687 De
285 3625 441 3708 emptione
456 3634 596 3720 tempore
613 3619 747 3692 messis,
772 3618 869 3682 causei
885 3619 1072 3706 cupiditatis
1088 3633 1119 3680 et
1135 3619 1238 3704 turpis
1258 3617 1355 3679 lucri.

290 3727 413 3790 XVlll.
455 3721 654 3807 Quicunque
668 3724 757 3786 enim
771 3733 917 3808 tempore
936 3725 1046 3789 messis
1069 3725 1124 3789 vel
1146 3723 1354 3801 vindemiae,

209 3831 277 3874 non
299 3808 510 3888 necessitate,
533 3808 590 3870 sed
603 3810 738 3891 propter
754 3807 982 3890 cupiditatem,
1006 3817 1169 3892 comparat
1188 3827 1356 3867 annonam
1445 3863 1446 3880 ,

209 3905 265 3956 aut
283 3895 417 3972 vitrum,
440 3891 532 3955 verbi
551 3891 653 3973 gratiis
674 3891 714 3952 de
731 3889 857 3952 duobus
872 3891 1014 3957 denariis
1031 3899 1194 3976 comparat
1206 3889 1354 3950 modium

209 4000 332 4055 unum,
357 3988 390 4040 et
412 3983 641 4056 servatusque
664 3973 742 4036 dum
770 3975 888 4036 iteritm
909 3975 1093 4038 venundari
1113 3973 1213 4058 possit
1240 3981 1356 4034 contra

209 4059 360 4122 denarios
377 4067 518 4142 quatuor
533 4066 589 4118 aut
604 4078 679 4134 sex,
702 4077 760 4119 seu
779 4057 934 4142 amplius,
957 4057 1020 4118 hoe
1038 4067 1133 4142 turpe
1152 4058 1282 4118 lucrum
1300 4054 1355 4114 di·

209 4145 320 4204 cimus.
343 4145 376 4204 Si
392 4151 500 4200 autem
514 4147 650 4224 propter
662 4140 885 4202 necessitatem
903 4146 1085 4226 comparat,
1108 4140 1217 4205 utsihi
1235 4137 1354 4203 habeat

179 4305 185 4321 .
208 4235 241 4288 et
257 4224 329 4286 aliis
352 4216 491 4301 tribuni,
515 4221 684 4306 negotium
705 4223 851 4286 dicimus.
