2952 4988
184 316 260 394 280
438 338 476 394 a.
496 307 623 402 cans
695 339 970 401 causamme·
1057 343 1120 404 aar.

415 481 475 558 (De
497 481 670 543 liberorum
691 483 850 544 hominnm
868 484 1102 568 possibilitate.)

267 587 341 652 Vll.
383 589 432 650 De
450 588 628 650 liberorum
643 588 812 650 hominum
832 589 1058 674 possibilitate,
1083 601 1119 654 nt
1136 593 1228 656 iuxta
1250 615 1338 678 qna-

185 671 312 734 litatem
329 669 537 754 proprietatis
557 671 736 734 exencitare
754 671 903 735 debcant.

290 777 357 856 (De
379 799 442 838 non
459 777 675 864 permittendo
704 781 769 841 sais
798 782 977 846 bonrinilus
1006 757 1229 864 malefacere.)

268 887 356 950 vl11.
399 889 441 948 Ut
456 887 567 948 nullus
586 887 769 950 consentiat
783 888 849 949 suia
863 887 1108 950 hominibusad
1122 889 1338 954 malefacien-

93 997 99 1010 ·
185 969 264 1036 dum
287 969 372 1030 infra
394 971 531 1052 patriam
557 969 598 1032 de
625 991 665 1032 eo
689 970 779 1052 quod
806 971 919 1032 dicunt
942 993 976 1036 se
1003 993 1069 1034 non
1093 993 1185 1054 posse
1208 972 1334 1038 habere

183 1051 332 1116 homines
356 1052 397 1116 ad
418 1051 581 1114 marcham
596 1053 846 1132 defendendam,
869 1055 897 1118 si
918 1076 973 1117 eos
992 1053 1077 1117 bene
1096 1053 1317 1140 distringunt.

558 1161 627 1237 (De
644 1162 747 1220 nassis
768 1161 952 1242 regalibus.)

267 1267 323 1330 IX.
365 1270 414 1332 De
431 1267 531 1330 vassis
547 1265 727 1348 regalibus,
756 1268 965 1342 uthonorem
980 1266 1132 1347 babeant,
1164 1278 1199 1332 et
1217 1291 1282 1355 per
1299 1291 1333 1332 se

149 1423 158 1432 ‚
185 1359 239 1418 unt
262 1349 303 1420 ad
319 1371 377 1420 uos
394 1361 449 1416 aut
468 1351 508 1412 ad
536 1349 640 1411 filium
662 1360 808 1412 nostrum
835 1361 933 1436 capnt
957 1360 1099 1414 teneant.

616 1457 688 1534 (De
710 1456 873 1520 obsidibus
892 1464 902 1536 )

265 1565 306 1628 X.
347 1564 400 1626 De
415 1561 602 1644 obsidibus,
626 1564 714 1648 quod
734 1565 819 1628 bene
841 1589 908 1629 non
931 1565 1145 1645 custodiunt,
1167 1577 1204 1636 et
1221 1569 1264 1630 ab
1285 1570 1333 1632 eis

182 1649 327 1734 fugiunt.

430 1728 502 1805 (ne
522 1734 725 1816 oppressione
747 1733 851 1794 nands
871 1736 1075 1818 potentium.)

266 1837 323 1898 xl.
364 1837 413 1906 De
435 1834 501 1908 illis
515 1837 574 1919 qui
595 1839 820 1901 necessitatem
832 1841 1014 1923 patiuntur,
1033 1848 1070 1901 ut
1086 1839 1266 1910 meliorem¹
1277 1841 1333 1912 ba-

181 1921 280 1986 beant
302 1917 559 1991 consolationem
587 1921 627 1982 ad
651 1943 765 1986 eornm
787 1923 953 1985 iustitiam.

355 2026 424 2102 (De
446 2025 625 2086 bominibus
655 2030 689 2088 in
707 2029 826 2112 placito
848 2051 912 2090 non
933 2029 1153 2109 banniendis.)

265 2133 338 2196 XII.
381 2134 424 2193 Ut
442 2156 502 2216 per
520 2135 639 2230 placita
659 2156 725 2197 non
745 2135 823 2196 fiant
844 2136 970 2197 banniti
994 2135 1160 2209 bomines;
1190 2150 1331 2223 excepto

182 2216 209 2278 si
224 2217 337 2300 aliqua
354 2216 564 2300 proclamatio
579 2239 678 2300 super
695 2219 839 2300 aliquem
859 2219 999 2296 venerit,
1024 2229 1078 2279 aut
1095 2219 1183 2281 certe
1203 2222 1229 2282 si
1247 2224 1331 2284 Sca-

180 2295 279 2363 bious
303 2308 358 2370 aut
373 2299 477 2360 Iudex
501 2321 571 2376 noa⁴
588 2300 704 2374 fuerin
731 2311 764 2364 et
786 2324 846 2386 pro
869 2301 932 2364 boc
951 2303 1160 2365 condemnati
1178 2301 1229 2363 illi
1249 2329 1335 2391 pau«
1452 2317 1455 2338 ¹

179 2382 326 2469 periotes
351 2403 417 2442 non
442 2381 529 2442 fiant.

608 2493 673 2570 (De
695 2496 899 2572 liari'banno.)

263 2599 353 2660 xtlt.
398 2599 441 2658 Ut
460 2596 678 2662 haribannum
700 2612 756 2662 aut
769 2601 903 2682 aliquod
924 2601 1100 2664 collectum
1119 2626 1178 2687 pro
1196 2605 1329 2667 exerci-

180 2681 238 2744 tali
263 2703 358 2742 causa
384 2681 525 2740 Comites
544 2682 584 2742 de
613 2684 724 2746 liberis
748 2684 935 2748 homiuibus
966 2687 1114 2768 recipere
1138 2697 1193 2747 aut
1212 2689 1329 2770 inqui·
1443 2690 1450 2734 ‘.

180 2786 255 2832 rere
282 2786 352 2834 aon
376 2773 595 2846 praesumant3
627 2777 763 2848 excepto
791 2767 817 2828 si
846 2767 886 2833 de
912 2769 1031 2849 palatio
1053 2778 1163 2830 nostro
1185 2780 1241 2832 aut
1265 2769 1329 2832 filii

181 2847 285 2915 nostri
304 2848 420 2910 Missus
437 2845 558 2924 veniat,
587 2850 645 2932 qui
668 2850 763 2911 illum
789 2849 1006 2911 haribannum
1026 2851 1181 2933 requirat.

334 3055 601 3122 CAPITULARE
630 3054 827 3135 QUINTUM
848 3055 1028 3117 ,INGERTI
1058 3058 1178 3135 ANNI,

280 3174 365 3246 Sive
403 3177 614 3270 Capitulare
649 3173 909 3250 admonitionis
944 3177 992 3244 ed
1025 3178 1222 3270 episcopos.

182 3352 306 3433 Ga1³⁶1·
332 3318 455 3441 primo
477 3379 840 3440 omnium.admonendi
860 3389 937 3440 sunt
958 3378 997 3439 de
1023 3379 1220 3440 rectitudine
1245 3377 1323 3440 fidei

181 3479 275 3535 suae,
302 3469 339 3520 nt
353 3483 423 3520 eam
442 3472 475 3522 et
497 3463 557 3546 ipsi
574 3473 709 3525 teneant
732 3473 763 3522 et
788 3462 990 3543 intelligant,
1024 3471 1057 3522 et
1083 3463 1145 3523 sibi
1168 3461 1325 3523 subiectis

204 3541 311 3622 opulis
334 3544 410 3606 vivo
433 3553 580 3608 'sermone
598 3545 810 3608 annuntient.
851 3546 894 3606 Et
915 3545 1140 3626 unusquisqne
1161 3567 1216 3606 eos
1240 3567 1324 3626 quos

179 3567 279 3686 liabet
300 3625 333 3688 in
351 3649 409 3688 suo
429 3628 610 3690 ministerio
625 3637 808 3710 cognoscat,
829 3629 897 3688 sire
916 3628 1011 3702 viros,
1027 3627 1095 3688 sive
1114 3628 1263 3704 feminas,
1286 3636 1324 3686 nt

180 3707 311 3776 noverit
332 3709 535 3792 singulorum
553 3711 775 3778 confessiones
790 3721 822 3770 et
838 3709 1120 3778 conversationem
1128 3738 1141 3789 ⁷,
1165 3709 1243 3793 quia
1262 3730 1323 3792 pro

180 3789 330 3861 omnibns
347 3795 535 3854 redditurus
552 3804 599 3854 est
615 3794 776 3860 rationem
794 3795 873 3858 Deo.
1228 3847 1230 3858 ⁴

262 3873 307 3935 ll.
349 3876 520 3952 Secundo,
553 3887 589 3935 ut
615 3877 673 3960 ipsi
700 3876 889 3936 Sacerdotes
913 3873 1011 3934 talem
1036 3875 1209 3936 ostendant
1231 3895 1322 3935 snam

180 3956 461 4024 conversationem
479 3959 631 4022 subiectis
645 3959 703 4023 sihi
718 3959 846 4041 populis
864 3979 947 4039 quae
970 3957 1135 4019 imitabilis
1157 3957 1208 4033 sit,
1234 3956 1322 4018 vide·

179 4040 269 4115 lieet,
287 4039 372 4099 sicut
390 4042 563 4124 Apostolus
580 4037 673 4116 dixit,
698 4041 730 4099 in
751 4041 907 4117 castitate,
931 4041 964 4098 in
989 4041 1173 4117 sobrietate,
1199 4048 1320 4112 utnon

181 4121 364 4182 deserviant
384 4125 478 4205 gulae
505 4135 537 4185 et
559 4123 790 4208 cupiditatibus
811 4123 908 4184 huius
925 4125 1046 4202 seculi,
1079 4134 1114 4184 ut
1132 4122 1222 4206 quod
1239 4123 1322 4182 alios

178 4214 314 4263 monent
331 4205 514 4282 observare,
531 4208 612 4268 inse
629 4208 705 4290 ipsis
719 4207 900 4281 ostendant,
922 4215 958 4266 ut
978 4217 1113 4268 caveant
1126 4229 1159 4266 se
1177 4205 1217 4277 ab
1231 4204 1321 4274 omni

179 4284 313 4344 avaritia
342 4297 374 4345 et
394 4290 588 4372 cupiditate;
620 4291 698 4380 quia
719 4290 815 4360 multi
846 4289 898 4360 die
925 4299 1090 4382 noctuque
1114 4289 1263 4361 laborant
1284 4296 1322 4354 nt
