2920 4972
288 327 324 380 s.
343 323 431 382 can.
516 291 673 380 'nsoun
697 313 935 379 rnaaconun
1040 318 1100 381 ua
1214 311 1263 381 23

180 467 224 530 Ut
238 459 293 552 qui
303 485 444 550 paganas
460 464 696 528 observationes
712 466 747 524 in
764 463 872 546 aliqua
886 483 920 523 re
933 459 1064 546 fecerit,
1083 463 1263 547 quindecim

257 547 368 610 solidis
384 547 543 607 multetur.
732 561 735 570 “

193 679 195 688 ·
216 663 270 727 IV.
298 647 524 726 'haereamus
537 663 681 746 qnoque,
705 662 794 746 quod
811 671 844 725 et
858 671 950 746 pater
966 683 1057 724 meus
1072 663 1146 724 ante
1171 686 1265 746 prae·

99 819 102 824 ¹
133 747 283 830 cipiehat,
307 749 343 805 tit
369 745 427 828 qui
456 768 595 828 paganas
621 745 861 808 ohservationes
884 745 918 804 in
941 744 1049 830 aliqua
1070 766 1105 807 rc
1138 746 1264 826 fecerit,

132 830 289 890 multetur
302 837 335 890 et
351 829 522 890 damnetur
540 827 729 910 quindecim
751 826 863 889 solidis
883 835 923 900 e).

149 1014 178 1072 I.
220 1011 461 1072 Aba-enuntiatio
483 1009 605 1072 diaboli
624 1028 812 1094 operumque
829 1010 895 1068 eius
917 1020 948 1070 et
965 1010 1230 1094 superstitionum.

127 1149 618 1314 ...satanan
635 1147 1262 1315 aa·,anastasiana{a

127 1316 179 1376 de.
221 1314 297 1374 End
315 1315 414 1375 allum
435 1313 578 1376 dioboles
593 1313 761 1372 wercum?
782 1313 872 1395 Resp.
887 1311 961 1373 End
982 1334 1019 1374 ec
1043 1312 1190 1374 forsacho
1216 1313 1261 1374 al-

126 1399 199 1458 lum
215 1395 361 1458 dioboles
383 1417 535 1470 wercum,
552 1395 619 1454 und
641 1395 796 1474 wordum,
816 1394 917 1456 thuna
946 1414 1022 1456 eren
1052 1395 1257 1478 dequoden

127 1480 213 1540 ende
236 1489 381 1556 sannote,
400 1479 482 1539 ende
502 1478 597 1537 allem
620 1476 707 1536 them
734 1475 927 1554 unholdum,
950 1477 1004 1538 the
1032 1475 1104 1556 hira
1130 1487 1261 1559 genotas

125 1561 202 1622 sint.
246 1561 413 1622 Gelobistu
438 1560 472 1620 in
496 1569 549 1642 got
572 1558 765 1642 almehtigan
792 1559 924 1621 fadaer?
951 1559 1042 1642 Hesp.
1076 1561 1123 1642 Ec
1145 1561 1260 1642 'gelobo

125 1643 163 1784 l
183 1642 594 1786 ildimilllilildlil'
623 1639 808 1784 nillil
836 1637 1258 1786 assuritana
1330 1651 1333 1660 ’

127 1747 220 1891 giiii
235 1749 326 1892 Resyi.
343 1809 396 1870 Ec'
413 1806 527 1890 gelobo
546 1806 579 1866 i'n
600 1745 736 1887 halogan
757 1768 833 1888 gast.
1193 1747 1212 1807 g

250 1998 307 2059 ¹11.
333 1993 495 2058 Indiculus
522 1993 799 2076 superstititionum
825 2003 856 2050 et
877 1993 1092 2073 paganiarum.

228 2148 276 2206 De
292 2144 461 2226 sacrilegio
481 2141 521 2203 ad
534 2140 704 2224 sepulchra
730 2150 938 2200 mortuorum.

229 2230 278 2288 De
299 2227 468 2307 sacrilegio
489 2219 585 2305 super
600 2225 781 2301 defunctos,
798 2223 832 2284 id
848 2232 906 2304 est,
921 2222 1077 2286 dadsisas.

230 2311 279 2368 De
299 2309 499 2392 spurcalibus
521 2307 554 2366 in
574 2306 667 2366 Febr.
717 2343 720 2348 -

231 2393 280 2452 De
303 2392 429 2466 casulis,
450 2391 484 2450 id
501 2399 558 2465 est,
567 2385 668 2466 furnis.

232 2477 281 2535 De
301 2473 476 2556 sacrilegiis
497 2493 556 2554 per
567 2471 737 2532 Ecclesias.

163 2599 166 2606 ,
231 2559 279 2617 De
296 2555 392 2618 sacris
404 2557 576 2638 sylvarum,
596 2573 678 2634 quae
695 2552 840 2614 Nimidas
855 2563 979 2616 vocant.
1013 2567 1018 2584 ⁸

232 2639 280 2701 De
299 2639 350 2700 his
369 2659 451 2719 quae
468 2636 591 2698 faciunt
610 2657 707 2718 super
719 2646 835 2732 petras.

230 2723 280 2784 De
302 2721 398 2782 sacris
414 2718 568 2781 Mercurii
588 2717 641 2780 vel
657 2719 752 2782 Iovis.

230 2807 280 2865 De
300 2803 455 2866 sacrificio
476 2801 565 2883 quod
580 2799 616 2859 fit
629 2801 726 2862 alicui
750 2809 942 2866 sanctorum.

231 2887 280 2948 De
300 2885 508 2968 phylacteriis
530 2893 562 2944 et
582 2882 736 2964 ligaturis.
810 2919 813 2926 ·

231 2971 280 3030 De
291 3035 293 3040 ,
303 2968 445 3028 fontibus
466 2963 704 3028 sacrificiorum.

232 3052 281 3112 De
306 3049 588 3111 incantationibus.
1223 3123 1227 3132 ‚

231 3135 280 3193 De
291 3133 447 3216 auguriis,
467 3133 520 3195 vel
539 3130 646 3192 avium
661 3132 714 3191 vel
735 3153 892 3213 equorum
905 3132 958 3196 vel
969 3133 1089 3198 bovum
1102 3140 1255 3213 stercore,

273 3215 328 3280 vel
348 3215 582 3276 sternutatione

233 3299 283 3360 De
294 3297 424 3359 divinis
440 3297 492 3358 vel
508 3293 678 3376 so1tilegis,
721 3313 724 3320 '

233 3382 283 3440 De
306 3379 380 3462 igne
396 3377 511 3440 fricato
527 3380 566 3439 de
588 3379 690 3460 ligno,
714 3377 748 3440 id
767 3388 828 3458 est,
839 3378 970 3462 nodfyr.

234 3463 282 3522 De
298 3461 430 3522 cerebro
449 3461 644 3522 animalium.

235 3547 283 3604 De
296 3544 524 3685 lobservatione
546 3565 667 3627 pagana
696 3542 730 3602 in
757 3545 829 3606 foco
848 3546 901 3608 vel
931 3545 964 3606 in
982 3547 1185 3612 inchoatione
1206 3552 1255 3613 rei

277 3649 423 3688 arculus.

137 3813 381 3826 ——uu—

172 3953 200 4010 a)
218 3951 249 3998 In
276 3957 384 3998 vetusto
411 3948 513 4000 Codice
548 3949 675 4002 Palatino
804 3950 884 4003 bolao
904 3967 964 4002 cum
990 3951 1114 4004 indiculo
1132 3952 1258 4022 supersti-

218 4017 403 4070 Bibliotbecae
421 4019 577 4071 ‘Vaticanae
613 4030 674 4089 post
807 4023 912 4078 tionum
950 4021 1125 4088 aganicarum.
1160 4023 1259 4093 ltaque

222 4088 368 4142 concilium
387 4087 423 4138 ad
449 4089 568 4158 Liptinas
596 4089 674 4142 habi«-
807 4090 877 4143 haec
911 4040 948 4142 ad)
976 4091 1074 4156 synodi
1099 4093 1172 4144 illius
1197 4103 1258 4146 acta

220 4167 288 4225 tum,
307 4157 675 4224 subiungiturtestehuca
757 4219 759 4224 .
809 4159 1067 4232 pertineredubium
1081 4163 1259 4221 nouridetur.
1304 4201 1305 4204 =

223 4227 363 4288 llolstenio
390 4227 591 4300 abrenuntiatio
619 4231 676 4284 dia-
