2920 4972
210 285 257 356 10
467 304 502 362 a,
521 303 608 362 cau.
712 306 968 366 carrruaaau
1077 311 1140 374 sos.

207 453 278 506 ceat
298 441 503 509 forbattutns.
545 443 629 508 Etsi
653 446 693 508 ad
710 447 889 510 Ecclesiam
905 449 1095 534 confugium
1112 453 1241 532 fecerit,
1263 457 1339 520 red-

207 527 303 588 datur
319 526 358 586 ab
380 525 553 609 Episcopo,
575 537 608 588 et
632 529 703 592 sine
724 529 793 591 ulla
818 533 1002 614 precatione
1023 533 1142 598 exindo
1162 547 1340 620 separetur.

204 613 302 671 Certe
317 609 343 670 si
359 605 427 691 ipsu
441 610 562 671 mulier
574 621 683 694 postea
697 613 817 694 raptori
828 615 1038 694 consenserit,
1054 617 1147 678 ambo
1165 619 1288 701 pariter
1306 623 1340 682 in

205 691 306 754 exilio
323 690 592 753 transmittantur.
633 695 676 758 Et
694 695 720 756 si
734 697 818 836 l'pras
832 696 1010 758 Ecclesiam
1026 699 1109 782 capti
1126 700 1262 781 fuerint,
1273 725 1341 764 am·

203 775 246 834 bo
262 773 383 857 pariter
397 773 599 852 occidantur,
622 785 655 838 et
674 778 748 840 facn
764 787 841 840 tates
865 780 997 841 illorum
1016 784 1204 864 parentibus
1227 785 1341 872 legiti=

203 855 263 917 mis
279 856 409 934 dentur,
432 863 466 918 et
478 858 568 940 quod
585 859 662 920 lisca
681 871 790 922 nostro
811 861 959 939 debetur,
982 864 1181 946 adquiratur.

285 939 325 1001 V.
366 939 416 1000 De
434 937 619 1002 homicidiis
638 963 717 1004 vero
736 943 780 1003 ita
796 943 945 1005 iussimus
960 945 1134 1026 observari,
1148 957 1184 1009 nt
1196 949 1341 1033 quicun-

202 1043 267 1103 que
284 1043 365 1083 ausu
384 1024 555 1086 temerario
573 1025 673 1086 alium
687 1025 758 1088 sine
779 1049 872 1088 causo
895 1027 1063 1107 occiderit,
1085 1030 1171 1093 vitae
1190 1033 1340 1114 periculo

201 1104 350 1179 feriatur,
374 1115 408 1167 et
423 1105 517 1166 nullo
536 1107 641 1191 pretio
662 1109 894 1194 redemptionis
915 1132 948 1172 se
971 1111 1109 1173 redimat
1131 1121 1187 1174 aut
1206 1137 1341 1199 compo-

201 1197 268 1253 nat.
311 1187 398 1249 Etsi
419 1188 551 1251 forsitan
574 1193 766 1254 convenerit
786 1201 823 1252 ut
842 1190 882 1253 ad
902 1191 1098 1255 solutionem
1109 1197 1251 1278 quisque
1271 1201 1341 1262 des-

203 1269 331 1345 cendat,
355 1269 466 1332 nullus
480 1271 521 1337 de
539 1273 724 1356 parentibus
747 1285 802 1336 aut
818 1273 858 1335 de
875 1275 983 1336 amicis
1003 1276 1033 1336 ei
1050 1299 1224 1360 quicquam
1245 1282 1340 1345 adiu·
1443 1285 1444 1304 ¹

201 1361 265 1416 vet.
306 1352 374 1414 Nisi
395 1352 453 1436 qui
476 1367 727 1439 praesumpserit
741 1379 771 1418 er
783 1357 910 1438 aliquid
927 1358 1093 1434 adiuvare,
1114 1383 1209 1423 sunm
1225 1364 1338 1426 widri-

203 1434 329 1517 gildum
348 1436 482 1498 omuino
498 1449 678 1522 componat.
719 1440 804 1519 Quia
827 1441 945 1501 iustum
957 1447 1053 1504 estut
1070 1443 1127 1526 qni
1148 1443 1269 1509 iniuste
1285 1468 1341 1508 no·

203 1517 252 1580 vit
276 1517 447 1597 occidere,
470 1519 572 1582 discat
592 1521 675 1584 iuste
692 1522 820 1588 morire.

286 1600 345 1664 Vl.
386 1603 436 1664 De
451 1602 586 1668 farsaliis
602 1604 646 1666 ita
662 1605 828 1684 convenit,
843 1604 1076 1690 utquicunque
1090 1607 1122 1668 in
1138 1608 1236 1670 mallo
1250 1629 1341 1690 prae·

203 1681 376 1768 sumpserit
398 1684 562 1747 farfalium
582 1687 719 1763 minare,
741 1687 811 1752 sine
829 1687 928 1749 dubio
951 1711 1045 1750 suum
1066 1690 1288 1774 widrigildum
1308 1697 1339 1777 s)

203 1776 393 1850 componat;
417 1767 495 1851 qnia
516 1771 649 1831 omnino
665 1772 814 1834 volumus
830 1780 867 1832 ut
887 1771 1034 1833 farfalius
1050 1772 1255 1854 reprimatur.
1298 1775 1341 1836 Et

202 1850 230 1912 si
251 1849 399 1927 forsitan,
422 1861 460 1912 ut
480 1852 623 1932 adsolet,
645 1853 744 1916 iudex
765 1853 828 1916 hoo
843 1855 1045 1916 consenserit
1070 1865 1104 1918 et
1126 1857 1258 1917 fortasse
1281 1857 1340 1918 ud·

204 1931 344 2014 quiescit
358 1931 454 1994 istum
473 1935 638 1997 furialium
657 1937 833 2011 custodire,
856 1936 940 1998 vitae
954 1937 1139 2020 periculum
1156 1959 1215 2022 per
1232 1938 1340 2000 omnia

204 2017 372 2078 sustineat.

287 2095 365 2160 Vll.
405 2098 455 2161 De
479 2099 605 2162 furibus
622 2109 655 2162 et
668 2101 925 2165 malefactoribus
946 2101 990 2163 ita
1009 2101 1209 2164 decrevimus
1227 2103 1340 2164 obser-

205 2203 283 2244 vare
307 2180 386 2242 utsi
405 2183 554 2266 quinque
584 2192 640 2244 aut
663 2194 785 2266 septem
812 2185 916 2246 bonae
942 2185 1018 2246 fidei
1046 2184 1192 2247 homiues
1218 2185 1338 2266 absque

206 2263 377 2326 inimicitia
397 2264 585 2349 interposita
600 2266 808 2329 criminosum
824 2289 897 2328 cum
913 2267 1102 2330 sacramenti
1119 2268 1338 2350 interpositio-

207 2369 249 2408 ne
267 2367 336 2408 esse
351 2347 506 2427 dixerint,
527 2350 690 2432 quomodo
712 2349 798 2429 (sine
813 2349 885 2431 lege
902 2349 1068 2426 involavit,
1089 2349 1159 2412 sine
1178 2352 1248 2432 lege
1265 2371 1336 2410 mo-

206 2431 309 2492 riatur
325 2436 370 2502 t).
410 2431 454 2492 Et
471 2432 498 2493 si
513 2432 613 2494 iudex
629 2432 897 2516 eornprelrensum
913 2432 1070 2493 latronem
1088 2433 1252 2494 contrictos
1270 2435 1340 2494 fue.-

206 2512 251 2574 rit
266 2512 438 2586 relaxasse,
460 2514 558 2576 vitam
572 2537 661 2576 suum
678 2515 812 2595 amittat,
834 2513 959 2578 ethaeo
974 2515 1145 2599 disciplina
1159 2515 1193 2575 iu
1215 2517 1337 2600 populo

207 2594 310 2657 modis
329 2595 478 2658 omnihus
496 2599 693 2663 observetur.

288 2677 384 2741 Vlll.
427 2681 585 2742 Similiter
600 2682 667 2741 Cal.
688 2681 780 2747 Mart.
802 2680 939 2743 Colonia
956 2679 1121 2758 convenit,
1144 2678 1236 2741 etita
1255 2677 1338 2737 ban·

201 2759 359 2840 nivimus,
382 2771 418 2822 ut
438 2763 661 2846 unusquisque
683 2763 783 2825 iudex
810 2764 1020 2826 criminosum
1043 2763 1201 2824 latronem
1222 2769 1258 2820 ut
1279 2781 1339 2820 au-

204 2843 313 2921 dierit,
336 2845 375 2906 ad
391 2867 496 2907 casam
513 2869 603 2909 suam
617 2845 770 2925 ambulet,
789 2857 822 2909 et
843 2847 947 2929 ipsum
970 2847 1071 2927 ligare
1090 2843 1209 2915 faciat;
1233 2844 1277 2903 ita
1302 2853 1338 2905 ut

201 2929 228 2987 si
248 2929 394 2992 Francus
417 2929 528 3008 fuerit,
552 2930 592 2990 ad
605 2938 747 2990 nostram
761 2929 975 3012 praesentiam
994 2929 1153 3012 dirigatur
1163 2951 1172 2998 ς
1195 2925 1268 2988 etsi
1283 2926 1338 2988 de-

200 3009 302 3070 bilior
317 3031 455 3092 persoua
478 3012 597 3091 fuerit,
621 3013 655 3072 in
677 3012 750 3073 loco
765 3014 935 3096 pendatur.

284 3091 346 3160 lx.
388 3095 423 3156 si
446 3094 518 3177 quis
535 3095 767 3156 Centenarium
787 3105 843 3157 aut
862 3093 1043 3176 quemlibet
1067 3091 1208 3153 iudicem
1224 3089 1338 3164 nolue-

201 3174 245 3235 rit
262 3197 360 3257 super
371 3177 610 3238 malefactorem
627 3177 669 3239 ad
686 3179 907 3261 prindendum
921 3177 1087 3252 adiuvare,
1099 3173 1265 3257 sexaginta
1281 3195 1336 3234 so·
1445 3239 1446 3252 χ

203 3255 281 3318 lidis
297 3257 431 3320 omuino
451 3261 712 3327 condemnetur..

271 3339 327 3407 .X.
368 3341 411 3402 Et
425 3342 617 3425 quicunque
632 3365 762 3406 servum
782 3339 990 3403 criminosum
1008 3338 1168 3416 habuerit,
1190 3338 1268 3400 etei
1283 3339 1336 3398 iu·

201 3421 266 3482 dex
279 3425 443 3505 rogaverit
462 3424 567 3507 ipsum
587 3436 806 3508 praesentare,
825 3435 858 3486 et
879 3423 1042 3502 noluerit,
1063 3445 1157 3484 suum
1176 3420 1336 3505 widrigil-

203 3504 281 3566 dum
298 3505 432 3566 omnino
457 3516 637 3590 componat.

181 3649 185 3655 .
282 3588 342 3652 Xl.
385 3588 543 3650 Similiter
560 3589 715 3652 convenit
728 3599 764 3650 nt
780 3589 807 3651 si
828 3588 951 3650 furtum
971 3587 1089 3650 factum
1108 3586 1227 3664 fuerit,
1250 3585 1337 3667 capi·

200 3671 264 3732 tale
280 3672 319 3732 de
329 3672 488 3753 praesenti
498 3681 634 3734 centena
643 3672 801 3750 restituat,
815 3681 847 3733 et
858 3681 1004 3735 causator
1022 3669 1252 3733 Centenarium
1261 3689 1336 3731 cum

202 3755 509 3837 centenarequirat.
623 3823 625 3828 ,
975 3773 980 3782 ·

153 3910 157 3919 ¹
283 3837 361 3898 ΧΠ.
403 3837 477 3899 Pari
491 3836 678 3899 conditione
700 3836 854 3898 convenit
872 3847 908 3898 ut
927 3836 954 3898 si
975 3857 1039 3896 una
1062 3841 1200 3897 centena
1215 3831 1249 3892 in
1271 3831 1337 3894 alia

185 3925 339 3981 'centena
354 3920 523 4002 vestigium
539 3929 647 3980 secuta
668 3919 785 3997 fuerit,
808 3929 841 3981 et
861 3918 1044 3997 invenerit,
1067 3917 1119 3978 vel
1138 3915 1172 3974 in
1197 3913 1337 3996 quibus-

200 4025 328 4086 cunque
344 4002 489 4064 lidelium
500 4010 683 4063 nostrorum
696 4003 841 4067 terminis
856 4001 1026 4086 vestigium
1038 3999 1173 4078 miserit,
1181 4007 1214 4059 et
1227 3997 1336 4081 ipsum

234 4193 264 4258 s)
283 4191 317 4244 al.
339 4208 398 4242 insa.
418 4187 606 4259 weregeldum.
878 4191 1062 4260 perpetravit,
1080 4185 1228 4244 secundum
1240 4189 1333 4258 ,legem

239 4267 264 4332 t)
284 4261 317 4316 al.
336 4279 397 4313 mss.
418 4275 516 4314 contra
535 4259 618 4332 legem
628 4259 740 4333 furtum
880 4262 1026 4315 moriatur.
