2920 4972
193 265 244 340 70
448 292 485 348 a.
505 291 616 354 cna.
697 298 955 360 carnotenis
1053 299 1115 364 tn.

277 427 360 524 dent,
399 425 443 491 Et
457 431 490 526 'si
508 435 632 520 synodo
657 443 859 521 satisfecerit,
878 452 913 506 et
926 443 1084 520 statuerit,
1098 439 1158 504 sub
1176 439 1239 502 alia
1257 455 1332 502 seb

278 519 378 572 tenua
397 517 500 598 rectpi
517 531 677 603 oportere.
718 525 816 603 Quod
836 527 932 590 etiam
949 527 1035 589 circe
1053 523 1164 602 laicos,
1186 530 1219 584 et
1237 523 1334 584 Pres-

276 594 405 690 byteros
429 607 461 658 et
477 601 650 686 Diaconos,
672 617 704 670 et
726 609 911 694 omnesqui
929 610 963 671 iu
980 611 1079 674 Clero
1100 614 1189 684 sunt,
1206 624 1333 668 conre-

279 685 329 736 urt
348 677 523 745 observari.

217 785 318 846 Cone.
332 786 456 854 Sardio.
478 812 549 854 can.
574 795 618 856 16.
646 797 763 861 Hosius
780 801 961 884 Episcopus
979 799 1080 862 dixit:
1108 797 1178 858 Hoc
1197 793 1333 890 quoqne

278 870 428 966 omnibns
445 873 582 972 placeat,
605 889 641 940 ut
657 881 726 944 sive
746 885 939 970 Presbyter,
963 884 1031 945 sive
1049 880 1229 956 Diaconos,
1261 897 1332 940 save

278 971 352 1033 quas
368 957 580 1038 Cleracornm,
601 962 641 1024 ab
657 963 817 1051 Episcopo
835 988 894 1032 suo
910 963 1138 1029 communione
1153 961 1253 1024 fuerit
1266 959 1335 1042 pri·

280 1044 385 1118 ratus,
404 1040 491 1102 etad
508 1043 647 1106 alterum
667 1047 865 1134 Episcopum
882 1047 1082 1134 perrexerit,
1112 1055 1145 1107 et
1163 1042 1333 1120 scieritis,
1391 1043 1396 1048 “

279 1117 320 1178 ad
337 1143 436 1204 quem
455 1126 614 1210 confugit,
631 1151 706 1192 eum
727 1133 766 1194 ab
785 1135 946 1231 Episcopo
967 1151 1025 1194 suo
1046 1129 1145 1192 fuisse
1160 1127 1333 1204 abiectum,

277 1221 345 1264 non
365 1215 493 1290 oportet
514 1218 551 1270 ut
569 1211 600 1272 ei
623 1217 885 1280 communionem
904 1215 1080 1299 indulgeat.
1123 1210 1222 1291 Qabd
1239 1208 1267 1270 si
1280 1207 1334 1269 fe-

278 1288 370 1365 cerit,
393 1288 474 1351 sciat
495 1312 529 1354 se
549 1297 736 1360 convocatis
758 1299 925 1386 Episcopis
944 1316 1054 1361 causas
1075 1316 1143 1358 esse
1161 1293 1333 1368 dicturum.

282 1368 433 1434 Universi
454 1371 628 1448 dixerunt;
665 1381 733 1442 Hoc
754 1392 910 1448 statutum
929 1391 963 1448 et
985 1402 1098 1466 pacem
1120 1375 1280 1454 sanabile
1300 1381 1334 1438 il

284 1454 491 1518 concordiam
512 1461 682 1526 custodiet.

440 1589 490 1652 De
511 1592 559 1652 bis
581 1597 638 1678 qui
657 1595 703 1656 ad
721 1595 935 1660 ordinandum
954 1597 1095 1660 oemunt.

591 1699 648 1764 An
680 1705 953 1770 Sacsrnorss

287 1823 747 1930 1131temenimna1>eturin
768 1833 884 1898 eodem
906 1835 1056 1898 Concilio
1078 1845 1114 1895 nt
1137 1855 1251 1930 eorum
1278 1835 1337 1930 qui

204 1906 246 1970 ed
262 1910 479 1977 ordinandum
503 1927 654 1996 veniunt,
677 1917 756 1983 fides
778 1927 811 1980 et
833 1920 898 1982 vita
915 1917 1005 2002 prius
1024 1917 1063 1978 ab
1083 1919 1244 2002 Episcopo
1266 1915 1339 1981 dalr-

203 2000 320 2072 genter
337 1994 540 2076 discutiatur,
562 2001 655 2064 etsie
674 2003 877 2066 ordinentur.

227 2098 328 2161 Cone.
349 2101 419 2164 Nic.
439 2124 509 2164 can.
533 2126 563 2187 9.
598 2107 712 2190 siqui
739 2110 811 2171 sine
831 2109 1070 2172 examinatione
1096 2107 1340 2191 provecli'snnt

284 2184 481 2270 Presbyteri,
500 2196 532 2248 et
552 2192 724 2253 examinati
737 2192 876 2255 confessi
889 2201 965 2254 sunt
981 2200 1112 2274 peccata
1128 2215 1197 2271 sue,
1214 2201 1248 2254 et
1264 2188 1340 2254 clun

289 2269 429 2330 confessi
448 2279 543 2348 sunt,
573 2284 687 2336 contra
705 2299 741 2338 re
765 2276 851 2335 ulam
872 2273 1041 2338 venientes
1060 2273 1209 2337 homiues
1226 2293 1340 2336 manns

289 2350 336 2412 eis
354 2353 474 2414 temere
490 2353 725 2437 imposuerunt,
744 2299 806 2420 isos
818 2357 1055 2421 ecclesiasticus
1072 2359 1152 2420 ordo
1173 2379 1239 2419 non
1258 2355 1341 2418 reoi-

288 2431 346 2514 pit.
390 2433 425 2496 In
445 2437 593 2501 omnibns
610 2442 698 2506 enirn
711 2441 801 2527 qnod
821 2439 1106 2525 irreprehensibile
1121 2450 1168 2503 est
1183 2437 1343 2502 catholica

291 2514 439 2580 defendit
456 2520 612 2586 Ecclesia.

457 2651 661 2716 neotericis
681 2651 833 2738 fugitiuis
861 2667 892 2716 et
910 2656 1096 2738 peregrinis.

642 2761 672 2822 0
694 2784 717 2821 u
738 2783 758 2823 n
780 2783 790 2823 r
811 2783 828 2824 s
850 2783 872 2824 n
894 2783 918 2824 s.

298 2865 355 2930 111.
377 2865 458 2928 Item
477 2866 511 2928 iu
532 2867 648 2931 eodem
666 2867 835 2946 Concilio,
867 2889 996 2930 necnon
1019 2877 1051 2929 et
1073 2868 1106 2928 iu
1127 2865 1344 2944 Antiocheno,

213 2948 309 3013 simul
328 2950 411 3010 etin
430 2949 713 3029 Chalcedonense‚
735 2959 778 3011 nt·
788 2951 920 3035 fugitivi
941 2951 1062 3014 Clerici
1086 2960 1119 3013 et
1142 2948 1307 3046 peregrini
1326 2950 1345 3008 a

213 3032 309 3092 nullo
327 3032 528 3116 recipiantur
548 3057 608 3096 nec
626 3034 820 3096 ordinentur
836 3034 906 3096 sine
926 3032 1194 3098 commendatitiis
1215 3029 1343 3108 litteris,

213 3123 246 3173 et
265 3115 315 3174 sui
330 3116 482 3202 Episcopi
499 3118 552 3180 vel
567 3117 699 3180 abbatis
716 3117 859 3180 licentia.
891 3161 897 3176 .

236 3220 337 3282 Cone.
353 3221 423 3286 Nic.
445 3245 515 3286 can.
535 3223 580 3287 ιθ.
614 3223 648 3286 Si
671 3222 818 3307 quisine
841 3233 992 3306 respectu
1014 3233 1161 3306 agentes,
1196 3231 1228 3284 et
1246 3221 1344 3292 timo-

296 3326 366 3366 rem
384 3306 446 3368 Dei
469 3315 542 3369 unte
565 3307 678 3369 oculos
706 3329 772 3368 nou
794 3305 967 3386 habentes,
999 3327 1106 3387 neque
1128 3301 1345 3378 ecclesiastica

295 3395 411 3448 statuta
437 3388 674 3468 custodientes,
702 3389 895 3450 recesserint
924 3389 963 3449 ab
987 3384 1133 3450 Ecclesia
1167 3411 1244 3468 sua,¹
1260 3387 1344 3448 sive

292 3471 489 3554 Presbyteri,
504 3472 572 3534 sive
587 3471 735 3548 Diaconi,
752 3471 820 3534 sive
839 3471 873 3530 in
891 3491 1088 3553 quocunque
1106 3469 1220 3530 ordine
1236 3469 1345 3530 cccle-

294 3552 422 3619 siastico
440 3555 538 3640 positi
554 3555 695 3632 fuerint,
722 3554 757 3615 hi
777 3575 936 3636 nusquam
953 3553 1071 3636 suscipi
1090 3552 1209 3613 debent
1227 3550 1261 3610 in
1279 3549 1346 3610 alia

292 3637 455 3718 Ecclesia=
478 3638 535 3700 sed
559 3661 633 3700 cum
652 3637 741 3698 omni
762 3637 950 3700 necessitate
972 3645 1129 3718 cogantur
1150 3644 1186 3695 ut
1207 3633 1345 3694 redeant

290 3721 331 3781 ad
338 3721 498 3784 Ecclesiae
511 3744 593 3784 suas.
613 3721 712 3782 Autsi
725 3720 971 3804 permanserint,
982 3717 1276 3780 excommunicatos
1290 3737 1345 3776 eos

294 3823 363 3866 esse
389 3815 524 3887 oportet.
567 3804 602 3866 Si
620 3806 693 3887 quis
708 3813 816 3866 autem
831 3825 926 3866 ausus
943 3802 1044 3864 fuerit
1063 3801 1207 3886 aliquem
1222 3798 1281 3881 qui
1304 3799 1346 3859 ad
1459 3878 1460 3883 η

295 3886 433 3948 alterum
446 3888 600 3971 pertinet,
625 3888 774 3950 ordinare
794 3887 828 3946 in
851 3909 940 3948 suam
960 3884 1157 3963 Ecclesiam,
1183 3885 1257 3946 clim
1278 3902 1345 3946 non
1458 3916 1460 3925 ‹

293 3969 410 4032 habeat
424 3991 617 4032 consensum
638 3969 790 4054 Episcopi
807 3969 898 4032 illius
920 3970 938 4030 a
961 3989 1027 4050 qao
1049 3968 1182 4032 recessit
1198 3965 1346 4028 Clericus

294 4075 382 4130 suus,
405 4053 495 4113 irrita
513 4053 553 4114 sit
571 4053 759 4115 huiusmodi
780 4053 952 4114 ordinatio.
973 4115 975 4120 ,
999 4074 1002 4082 ’

235 4163 334 4224 Cone.
354 4159 503 4222 Antioch.
522 4183 591 4222 cun.
616 4163 644 4221 3.
679 4160 711 4220 Si
734 4161 807 4243 quis
825 4152 1007 4234 Presbyter,
1028 4159 1080 4218 vel
1102 4157 1276 4232 Diaconus,
1292 4154 1345 4215 vel

295 4243 435 4328 quilibet
448 4243 606 4324 Clericus,
622 4245 816 4308 desertasus
830 4231 989 4324 Ecclesia,
1005 4243 1045 4304 ad
1063 4242 1158 4303 aliam
1174 4245 1345 4324 transeun-
1459 4326 1460 4331 η
