2958 4986
198 315 270 390 174
458 325 601 384 nens.
706 325 966 386 correcturus
1059 274 1153 388 coss

195 474 231 537 Si
251 481 357 534 antem
367 469 403 531 hi
417 469 543 554 aliquid
556 491 597 533 ex
607 468 659 530 his
682 489 776 551 agere
789 469 1000 548 tentaverint,
1024 469 1115 532 irrita
1131 482 1232 534 erunt
1255 495 1345 556 quae

195 557 236 618 ab
268 555 313 618 eis
338 563 504 637 gerentur,
526 564 558 618 et
585 552 647 638 ipsi
671 551 760 614 omni
777 552 997 616 ecclesiastico
1025 553 1151 616 honore
1186 557 1346 620 fundiths

194 639 377 725 priventur.

196 747 245 808 De
263 745 311 806 bis
333 745 389 828 qui
404 745 423 805 b
438 743 679 828 chorepiscopis
704 753 776 804 sunt
797 741 941 804 ordinati
962 739 1160 821 Presbyteri,
1182 747 1341 822 Diacom',

320 817 322 834 '
617 826 673 886 cel
698 825 902 886 Subdioconi.

278 909 334 976 Vl.
377 911 420 970 Ut
445 907 480 968 bi
517 909 574 992 qui
599 910 615 969 h
636 907 885 990 chorepiscopis
895 907 1092 991 Presbyteri,
1109 908 1161 970 vel
1183 910 1342 990 Diaconi,

195 1005 251 1058 aut
273 991 469 1055 Subdiaconi
495 1003 571 1054 sunt
587 991 740 1068 ordinati,
755 989 942 1052 nullatenhs
967 991 1000 1050 in
1019 993 1258 1076 presbyteraths
1284 995 1340 1058 vel

196 1075 384 1141 diaconutrls
419 1083 474 1134 aut
495 1073 744 1136 subdiaconatrls
775 1072 880 1134 officio
906 1072 1088 1136 ministrare
1120 1087 1339 1160 praesumant.

196 1159 355 1224 Similiter
370 1157 517 1218 homines
542 1158 598 1240 qui
616 1159 655 1217 ab
675 1156 831 1238 imperitis
854 1155 956 1218 abeis
978 1156 1133 1220 videntur
1159 1181 1227 1221 esse
1253 1183 1340 1222 con-

195 1241 324 1321 firmati,
350 1241 404 1302 vel
423 1241 564 1322 virgines
582 1263 640 1302 seu
653 1239 818 1300 Ecclesiae
840 1249 992 1316 sacratae,
1020 1249 1076 1300 aut
1096 1241 1234 1304 chrisma
1255 1265 1341 1306 ccu-

194 1329 327 1402 fectum,
344 1323 411 1384 sive
434 1323 546 1384 altaria
561 1323 719 1400 dedicata,
740 1344 800 1406 pro
826 1321 1023 1383 confirmatis
1050 1325 1103 1386 vel
1125 1327 1257 1389 sacratis
1281 1335 1341 1388 aut

197 1407 354 1472 dedicatis
375 1407 508 1468 minime
529 1407 725 1478 habeantur;
748 1404 825 1488 quia
852 1426 936 1487 qnae
965 1405 1015 1465 illi
1040 1427 1106 1468 non
1137 1405 1339 1488 habuerunt,

196 1493 272 1554 dare
293 1511 359 1550 non
379 1500 569 1572 potnerunt,
590 1489 745 1572 quoniam
765 1509 805 1548 ex
823 1488 874 1548 his
890 1489 937 1550 eis
952 1488 1128 1570 quicquam
1147 1511 1242 1573 agere
1267 1513 1337 1555 nou

196 1573 293 1636 licet:
317 1593 400 1654 qnae
423 1573 531 1633 omnia
546 1573 676 1634 summis
687 1571 901 1633 Pontificibus
917 1571 1089 1650 debentur,
1104 1583 1136 1634 ct
1152 1595 1216 1634 non
1234 1575 1340 1638 Chor-

197 1655 366 1739 episcopis,
388 1657 445 1738 qui
466 1677 525 1716 nec
544 1657 658 1717 summi
675 1654 851 1718 Pontifices
866 1654 920 1715 vel
939 1653 1091 1738 Episcopi
1107 1657 1252 1736 luerunt,
1273 1677 1338 1724 nec

196 1738 349 1820 deinceps
372 1759 416 1798 un
443 1761 517 1800 uam
538 1739 606 1801 fieri
629 1748 773 1822 possunt.
807 1737 943 1798 Nullum
966 1737 1054 1798 enim
1069 1759 1109 1800 ex
1132 1739 1339 1824 septuaginta

197 1843 237 1884 ex
250 1821 301 1882 his
316 1761 443 1902 aliquid
460 1844 605 1906 unquam
622 1822 736 1884 secisse
755 1820 892 1904 legimus
908 1819 961 1881 vel
981 1819 1115 1892 scimus;
1139 1823 1179 1884 ad
1195 1843 1339 1904 quorum

197 1903 383 1986 exemplum
401 1913 433 1966 et
444 1905 580 1966 formam
591 1907 797 1990 Presbyteros
811 1904 865 1966 vel
880 1902 1146 1986 Chorepiscopos‚
1161 1915 1338 1988 antequam

197 1985 258 2072 ipsi
276 1987 510 2072 Chorepiseopi
526 1987 681 2071 prohibiti
703 1997 820 2064 essent,
834 1985 932 2048 fuisse
954 1985 1155 2069 agnovimus.
1175 1987 1262 2049 Haec
1281 2009 1338 2050 rc·

196 2093 234 2132 ro
253 2069 361 2131 omnia
384 2072 657 2134 tcathedralihus
672 2070 854 2154 Episcopis,
879 2067 937 2150 qui
963 2069 981 2128 h
1006 2069 1336 2151 comprovincialibus

195 2151 366 2237 Episcopis
384 2163 439 2215 ant
455 2155 638 2240 praesentiri
661 2164 717 2214 eut
735 2152 857 2214 iudicio
888 2151 1131 2232 Metropolitani
1156 2153 1335 2214 consecrati

197 2259 265 2298 esse
279 2247 469 2315 noscuntur,
486 2238 611 2322 agenda
622 2247 708 2316 sunt,
723 2246 754 2298 ct
772 2257 839 2298 non
860 2233 1085 2316 hPresbyteris
1097 2235 1150 2296 vel
1165 2235 1336 2319 Chorepis·

196 2319 298 2402 copis,
308 2320 366 2401 qui
387 2320 478 2382 ambo
492 2321 589 2382 unius
602 2321 723 2381 formae
738 2340 806 2380 esse
826 2316 988 2380 videntur.
1019 2319 1109 2394 Quae
1124 2317 1150 2378 si
1168 2319 1206 2378 ab
1220 2319 1266 2380 eis
1280 2325 1337 2383 aut

195 2411 329 2486 propter
341 2401 534 2486 imperitiam
548 2413 603 2464 aut
623 2413 756 2488 propter
769 2398 1064 2484 praesumptionem
1085 2409 1165 2478 acta,
1187 2409 1224 2462 ut
1239 2423 1337 2484 prae·

198 2485 320 2547 dictum
341 2493 398 2562 est,
413 2487 452 2546 ab
471 2486 630 2570 imperitis
649 2507 717 2548 csse
736 2493 903 2566 putantur,
926 2485 945 2544 h
968 2480 1208 2544 cathedralibus
1227 2493 1337 2546 tamen

195 2567 364 2650 Episcopis
378 2569 584 2632 reformanda
602 2569 657 2632 vel
673 2567 856 2652 peragenda
868 2575 959 2637 sunt;
979 2565 1056 2646 quia
1076 2586 1158 2646 qnae
1174 2565 1225 2626 illi
1239 2566 1273 2626 in
1287 2565 1339 2632 bis

196 2671 291 2733 agere
306 2650 697 2736 cogitslrunt,²imperfecta
707 2657 993 2723 remanse1·unt;et,
1008 2656 1044 2707 ut
1054 2647 1117 2710 itm
1124 2649 1341 2730 praelibatum

198 2743 256 2810 est,
267 2733 357 2816 quod
369 2733 417 2793 illi
427 2757 491 2796 non
501 2735 697 2813 habuerunt,
708 2735 783 2796 dare
799 2755 864 2794 non
877 2739 1064 2813 potuerunt.
1084 2729 1238 2814 Episcopi
1252 2753 1341 2796 nem-

197 2837 262 2902 que
280 2837 345 2877 non
367 2817 513 2896 fuerunt,
531 2819 608 2900 quia
630 2841 691 2880 nec
711 2817 844 2880 htribus
862 2812 1041 2898 Episcopis,
1058 2833 1119 2874 nec
1140 2815 1180 2876 ad
1195 2815 1341 2898 aliquam

197 2898 415 2983 episcopalem
437 2901 623 2963 cathedram
640 2901 781 2962 ordinati
800 2901 946 2974 fuerunt,
971 2905 1003 2956 ct
1024 2895 1098 2956 ideo
1120 2917 1161 2958 ex
1180 2895 1230 2958 his
1254 2897 1341 2963 nihit

197 3003 293 3065 agere
309 2989 495 3064 potuerunt.
537 2984 579 3044 Et
601 3005 642 3044 ne
661 2982 759 3044 alicui
779 2982 852 3044 talis
868 2977 1028 3042 ordinatio
1046 2978 1101 3040 vel
1125 2980 1326 3042 confirmatio

197 3075 253 3126 ant
274 3067 484 3146 consecratio,
506 3065 672 3128 reiteratio
694 3087 770 3138 esse,
787 3064 947 3140 videatur,
975 3060 1120 3124 attendat
1141 3062 1226 3124 illud
1248 3025 1340 3146 quod

197 3146 354 3230 scriptum
375 3160 438 3213 est:
472 3150 570 3235 Quod
588 3171 651 3210 non
668 3145 848 3210 ostenditur
861 3159 994 3228 gestum,
1019 3145 1102 3206 ratio
1124 3167 1188 3208 non
1210 3149 1286 3210 sinit
1304 3159 1341 3210 ut

196 3228 347 3290 videatur
367 3237 524 3296 iteratum.
565 3233 608 3294 Et
623 3231 750 3312 reliqua
770 3229 847 3290 talia
870 3248 1048 3310 eorumque
1063 3227 1192 3292 similia.

517 3341 566 3400 De
588 3336 797 3400 Sacerdotem
815 3337 1014 3422 purgatione.

280 3451 354 3516 VII.
386 3447 546 3513 Omnibus
559 3445 651 3508 vobis
671 3444 745 3508 visu
765 3453 820 3506 cut
840 3441 953 3504 auditu
969 3451 1083 3504 notum
1104 3464 1172 3506 esse
1192 3465 1257 3506 non
1276 3441 1341 3506 du·

196 3535 334 3598 bitamus
353 3535 443 3618 quod
455 3528 650 3612 saepissime,
666 3527 820 3590 suadente
838 3525 971 3608 antiquo
985 3523 1089 3604 hoste,
1111 3525 1352 3590 Sacerdotibus

197 3619 325 3681 diversa
340 3617 477 3680 crimina
493 3609 685 3676 obiciantur.
729 3607 970 3692 sedquoniam
995 3607 1138 3690 qualiter
1163 3609 1272 3672 exeis
1300 3609 1341 3670 ab

196 3701 248 3762 his
264 3698 466 3762 rationabilis
483 3693 678 3760 examinatio
697 3701 730 3752 et
747 3689 921 3752 satisfactio
945 3689 1010 3766 liat,
1027 3690 1106 3756 licet
1120 3701 1264 3778 ternpore
1284 3691 1341 3753 bo·

197 3805 258 3844 nae
288 3783 460 3844 memoriae
492 3777 624 3840 Domini
653 3774 808 3858 genitorIs
831 3772 932 3834 nostri
957 3771 1102 3854 Pippini,
1123 3773 1191 3838 sive
1225 3773 1341 3858 priscis

197 3865 397 3946 temporibus
417 3868 434 3926 h
454 3861 570 3927 sanctis
591 3859 737 3942 patribus
765 3867 797 3918 et
824 3857 842 3916 sl
862 3852 999 3937 reliquis
1031 3855 1134 3918 bonae
1158 3856 1341 3922 devotionis

160 4015 161 4018 Ἴ
196 3947 385 4010 hominibus
408 3945 590 4028 saepissime
609 3941 802 4004 ventilatum
820 3937 931 4013 fuerit,
950 3959 1007 3997 nos
1023 3947 1131 4000 tamen
1150 3939 1293 4021 pleniter
1311 3948 1343 4000 et

199 4031 238 4094 ad
267 4031 431 4113 liquidum
453 4026 622 4091 delinitum
652 4021 797 4108 reperire
831 4020 964 4081 minime
992 4020 1166 4103 quivimus.
1217 4023 1343 4084 Nostris

198 4114 319 4198 quippe
337 4113 535 4198 temporibus
555 4109 696 4192 idipsum
716 4108 733 4166 h
750 4105 868 4167 sanctis
889 4103 1059 4186 Episcopis
1078 4114 1111 4164 et
1131 4105 1268 4190 reliquis
1283 4107 1342 4166 Sa·

199 4197 395 4276 cerdotibus,
416 4189 849 4268 etcaeteris'ccclesiasticae
871 4185 1036 4268 dignitatis
1062 4187 1230 4264 Ministris,
1264 4211 1343 4252 nos·

199 4279 257 4340 tris
271 4279 305 4339 in
330 4281 440 4364 regnis
461 4299 520 4364 sen
541 4277 574 4336 in
595 4273 666 4336 aliis
682 4275 753 4334 Deo
769 4269 973 4355 degentibus,
991 4267 1149 4354 nubisque
1177 4271 1244 4356 pul
1268 4293 1342 4336 cum
