2952 4988
179 286 254 364 278
444 307 585 364 aean.
692 310 951 370 carrruesara
1047 307 1109 370 art.

179 449 413 532 scripturarum
432 449 532 514 titulis
550 449 666 514 collata
684 452 808 515 nefarii
828 452 1006 532 calliditate
1028 450 1208 531 abstulerit,
1235 451 1334 512 frau-

181 533 323 610 daverit,
351 533 525 612 invaserit,
553 531 783 612 retentaverit,
810 547 906 619 atque
933 535 1165 621 suppresserit,
1196 544 1230 596 et
1261 533 1333 594 non

180 615 287 678 statim
303 617 321 678 d
342 617 516 679 Sacerdote
537 619 752 682 commonitus
771 621 842 682 Deo
862 619 980 681 collata
999 617 1193 699 reddiderit,
1213 618 1255 680 ab
1269 618 1336 679 Ecs

180 699 299 762 etesiae
321 697 500 762 catholicae
524 702 754 766 commuuione
772 703 925 786 pellatur.

181 832 238 894 De
257 832 306 892 tis
325 851 404 916 petae
427 833 623 917 aprici-idus
636 835 840 916 Principibus
863 839 950 897 circa
968 834 1185 898 Ecclesiamm
1201 834 1332 897 utilita-

107 917 112 924 '
362 927 409 976 tes
429 929 503 996 artat
531 915 703 990 ordinata,
730 931 765 978 ut
784 921 914 980 immota
927 932 1144 1005 permaneant.

265 1019 323 1083 Vl.
364 1019 411 1082 Ea
431 1041 515 1104 quae
535 1023 622 1084 circa
641 1021 835 1088 catholicam
856 1026 962 1107 legem
983 1024 1037 1088 vel
1062 1021 1139 1085 olim
1161 1023 1333 1086 ordinavit

166 1101 368 1186 antiquitas,
389 1103 440 1164 vel
459 1115 630 1188 parentum
644 1117 829 1170 nostrornm
844 1107 1017 1170 auctoritas
1031 1107 1183 1188 religiosa
1201 1107 1332 1168 consti-

182 1186 258 1262 tuit,
282 1187 336 1248 vel
360 1195 469 1248 nostra
489 1190 646 1252 serenitas
659 1191 837 1270 roboravit,
857 1191 989 1254 novellat
1004 1189 1235 1272 superstitione
1254 1191 1333 1251 sub-

183 1269 286 1346 motd,
314 1269 439 1354 integra
459 1279 491 1332 et
517 1272 673 1334 inviolata
694 1275 851 1338 custodiri
874 1273 1102 1358 praecipimus.

188 1375 230 1438 Ut
248 1377 286 1438 ab
301 1374 464 1438 Ecclesiae
482 1381 633 1440 societate
657 1384 798 1443 extorris
811 1383 964 1444 habeatur
979 1380 1156 1464 quicunque
1177 1379 1245 1439 eius
1270 1399 1326 1440 re-

552 1462 608 1524 bus
629 1463 779 1525 damnum
805 1465 960 1525 intulerit.
1362 1481 1365 1486 '

265 1565 338 1628 vll.
381 1567 425 1626 Ut
444 1566 556 1630 nullus
577 1569 824 1654 Episcopornm,
842 1579 897 1630 ant
913 1569 1090 1632 cuiuslibet
1109 1567 1235 1632 ordinis
1252 1569 1331 1630 Cle-

180 1648 280 1724 ricus,
299 1647 350 1710 vel
372 1647 435 1708 alia
455 1671 672 1734 quaecunque
686 1675 824 1738 persona
844 1653 1045 1736 quibuslibet
1069 1651 1328 1730 conditionibus,

183 1731 297 1794 seu-in
321 1753 389 1792 nno
409 1753 531 1814 regno,
563 1756 621 1796 seu
645 1735 680 1796 in
704 1737 769 1796 alio
796 1737 914 1819 positas
936 1736 1070 1798 alterius
1097 1734 1332 1816 cuiuscunque

180 1813 348 1876 Ecclesiae
367 1835 419 1876 res
432 1827 488 1877 ant
504 1825 592 1899 petat
606 1827 661 1880 aut
677 1829 859 1902 praesumat
878 1820 1037 1904 accipere.
1079 1817 1178 1896 Quod
1194 1818 1221 1878 si
1240 1820 1330 1879 fece-

182 1897 237 1974 rit,
263 1897 387 1984 tamdiu
401 1897 603 1962 habeaturd
632 1903 861 1964 communione
883 1903 1011 1979 altaris,
1040 1901 1094 1965 rel
1115 1901 1154 1960 ab
1177 1899 1328 1962 omnium

183 1982 321 2041 fratrum
343 2003 380 2042 ac
408 1981 551 2044 filiorum
572 1985 703 2046 caritate
729 2007 920 2066 suspensus,
943 1987 1049 2046 donec
1069 1983 1136 2070 ipse
1155 1983 1327 2046 Ecclesiae

183 2064 277 2126 cuius
293 2063 417 2126 directo
440 2066 554 2128 ordine
575 2067 655 2130 iuris
677 2078 735 2146 est,
761 2069 866 2130 ablata
884 2069 1042 2130 restituat.

328 2175 382 2234 De
399 2173 580 2256 privilegiis
597 2173 813 2236 Ecclesiarum
838 2173 969 2244 inlibati
997 2173 1175 2242 servandis.

267 2277 356 2342 vllt.
406 2277 585 2360 Privilegia
618 2289 714 2362 atque
747 2289 919 2364 praecepta
943 2279 1168 2344 Ecclesiarnm
1193 2302 1330 2344 manere

184 2382 312 2444 semper
333 2361 520 2443 incorrupta
541 2364 768 2445 praecipimus,
786 2373 819 2425 et
833 2363 991 2446 quicquid
1008 2364 1048 2425 ab
1067 2364 1331 2426 antecessoribus

184 2447 237 2509 vel
258 2445 447 2526 parentibus
464 2445 580 2508 nostris
597 2446 682 2507 circa
702 2456 979 2509 sacrosanctarum
991 2447 1211 2510 Ecclesiarum
1232 2447 1330 2508 utili·

184 2537 265 2590 tates
288 2527 497 2588 constitutum
521 2538 586 2606 est,
609 2531 660 2592 vol
678 2551 761 2612 quae
782 2529 903 2610 singuli
925 2530 1049 2612 quique
1072 2531 1242 2592 Antistites
1265 2551 1329 2612 pro

185 2609 288 2672 causis
310 2610 536 2672 ecclesiasticis
559 2612 782 2694 impetrdrunt,
803 2615 863 2676 sub
879 2635 987 2698 poena
1000 2613 1163 2699 sacrilegii
1185 2612 1255 2696 iugi
1273 2634 1330 2674 so-

185 2693 284 2755 lidata
300 2693 492 2756 aeternitate
509 2705 692 2758 serventur.

185 2829 241 2890 De
259 2826 352 2887 redies
367 2823 527 2886 Ecclesiae
545 2827 564 2885 ia
583 2827 670 2888 nullo
697 2826 814 2888 iniusti
842 2827 1037 2889 retentandis
1051 2827 1107 2888 uel
1122 2825 1329 2911 diripiendis

268 2933 324 2994 lx.
373 2932 420 2994 Ne
443 2931 497 2992 cui
518 2931 616 2994 liceat
644 2954 695 2994 res
717 2934 770 2996 vel
795 2934 966 2996 facultates
992 2934 1150 2996 Ecclesiis
1173 2942 1227 2993 aut
1256 2955 1329 2994 mo-

187 3015 354 3092 nasteriis,
382 3012 435 3076 'vel
462 3015 696 3093 xenodochiis,
720 3039 780 3098 pro
803 3013 1000 3098 quacunque
1022 3018 1228 3099 eleemosyna
1252 3037 1329 3076 cum

185 3101 318 3176 iustitia,
345 3097 517 3179 delegatas,
537 3107 711 3176 retentare,
725 3100 878 3177 alienare,
896 3109 991 3182 atqne
1006 3099 1206 3162 subtrahere.
1228 3099 1330 3176 Quod

185 3185 212 3246 si
235 3183 308 3264 quis
330 3181 456 3258 fecerit,
477 3190 630 3263 tanquam
646 3192 779 3244 necator
796 3205 986 3265 pauperum,
1006 3182 1216 3264 antiquorum
1232 3202 1330 3241 cano·

187 3289 266 3326 num
286 3263 456 3326 sententiis
473 3262 685 3342 constrictus,
710 3265 749 3326 ab
764 3265 929 3327 Ecclesiae
945 3266 1113 3326 liminibus
1133 3263 1330 3327 excludatur

187 3348 336 3432 qnandiu
353 3347 392 3406 ab
411 3344 482 3430 ipso
503 3369 540 3409 ea
559 3370 642 3430 qnae
665 3359 742 3412 sunt
758 3351 861 3410 ablata
878 3357 934 3409 aut
950 3358 1076 3410 retenta
1093 3347 1285 3410 reddantur.

294 3452 337 3514 Ut
360 3454 572 3515 ecclesiastica
599 3456 672 3516 iura
699 3477 823 3538 semper
851 3455 986 3518 inlibata
1010 3465 1227 3540 permaneant.

268 3561 308 3623 X.
350 3561 522 3623 Monemus
549 3569 586 3623 ut
606 3562 677 3623 iura
692 3561 935 3638 Ecclesiarum,
959 3561 1044 3624 sicut
1063 3561 1081 3621 d
1098 3559 1252 3621 Patribus
1276 3559 1327 3621 di-

186 3644 309 3706 vinitus
328 3643 489 3726 inspiratis
516 3653 593 3707 sunt
616 3646 779 3723 ordinata,
801 3645 960 3718 inviolata
975 3651 1193 3727 permaneant.
1235 3643 1329 3706 Nihil

186 3728 332 3789 alienum
346 3727 509 3810 improbus
533 3727 671 3790 ambitus
690 3728 916 3811 concupiscat,
937 3747 999 3789 nec
1013 3747 1074 3811 per
1095 3723 1230 3788 alterius
1252 3725 1329 3786 imi-

186 3809 343 3872 tationem
360 3831 456 3871 snum
479 3810 597 3894 aliquis
614 3823 755 3894 quaerat.
768 3819 987 3895 augmentum.

72 3959 77 3975 .
187 3919 243 3979 De
261 3915 414 3977 Ecclesiis
434 3927 464 3976 et
478 3913 605 3978 dotibus
628 3938 748 3989 earum,
774 3929 808 3976 ut
821 3915 867 3976 ad
875 3915 1031 4002 Episcopi
1046 3937 1170 4002 semper
1185 3914 1329 4000 disposi-

591 4001 708 4060 tionem
724 4001 914 4084 pertineant.

267 4105 323 4166 XI.
366 4105 494 4168 Placuit
516 4115 551 4166 nt
571 4127 681 4167 omnes
697 4103 862 4166 Ecclesiae
878 4127 953 4166 curn
974 4105 1104 4169 dotibus
1120 4116 1153 4168 et
1177 4105 1330 4168 omnibus
1356 4097 1359 4104 ⁴

185 4188 282 4250 rebus
301 4189 368 4249 suis
389 4187 423 4248 in
441 4189 597 4272 Episcopi
621 4190 746 4272 proprii
771 4197 927 4272 potestate
950 4191 1143 4265 consistant,
1168 4199 1266 4270 atque
1281 4190 1330 4251 ad

186 4271 427 4332 ordinationem
448 4273 500 4335 rel
522 4272 767 4356 dispositionem
789 4293 880 4334 snam
898 4293 1026 4358 semper
1047 4275 1245 4357 pertineant.
1310 4282 1319 4291 ’
