2928 4986
896 79 914 115 ‘a

886 129 904 184 Ι.

181 299 257 378 380
417 321 452 380 Α.
473 319 560 378 cun.
665 277 923 382 strumense
1026 323 1088 384 sss.

488 461 536 522 De
557 481 666 524 manso
685 462 736 523 ad·
748 463 924 526 Ecclesiam
944 463 1031 524 dcto.

262 568 320 634 lV.
362 570 410 631 De
438 589 504 630 uno
532 591 642 631 manso
666 570 706 632 ed
733 570 912 633 Ecclesium
942 571 1039 648 dato,
1072 573 1112 634 de
1135 593 1201 656 quo
1223 571 1337 654 aliqui
1451 567 1452 600 ³

178 651 329 718 homines
354 660 469 716 contra
492 653 663 714 Cuuouum
682 654 719 728 t)
743 661 862 716 statuta
886 654 946 716 sihi
972 653 1143 716 servitium
1165 655 1333 738 exigunt,

179 735 369 820 quicunque
391 755 453 818 pro
474 733 535 796 hac
556 755 652 796 ceusu
679 747 846 799 accusatus
866 736 990 811 luerit,
1022 740 1137 800 Comes
1160 739 1215 802 rel
1237 739 1331 801 Missi

177 817 242 886 hoe
256 817 439 964 ‘1¹}⁰‘¹.³¹¹d0
453 817 654 884 subtractum
669 829 735 897 est,
753 820 955 902 Presbyteris
972 841 1047 882 cum
1066 844 1124 883 suu
1140 822 1213 904 lege
1235 821 1334 883 resti„

179 909 276 966 tuere
304 909 419 964 uerunt.
1290 901 1294 912 '

329 1009 378 1070 De
397 1009 447 1068 lu's
461 1009 517 1090 qui
529 1029 629 1070 noscas
648 1021 679 1070 et
700 1009 839 1072 acclinas
861 1009 938 1070 dure
954 1010 1172 1089 negauerant.

261 1119 302 1181 V·
344 1117 393 1178 De
414 1114 466 1177 his
487 1117 545 1199 qui
574 1137 676 1179 nouus
697 1125 730 1178 et
748 1117 888 1180 decimus
911 1117 1049 1200 iamper
1068 1117 1189 1176 multos
1205 1135 1330 1191 annos,

179 1211 236 1264 eut
250 1219 291 1263 ex
311 1209 423 1282 parte,
445 1207 500 1260 sut
516 1221 557 1260 ex
577 1207 665 1278 toto,
684 1197 760 1262 dure
782 1201 1018 1284 neglexerunt,
1039 1201 1190 1260 volumus
1210 1208 1247 1258 ut
1269 1219 1337 1280 per

178 1285 292 1348 Missos
316 1291 440 1347 nostros
461 1282 730 1364 constringuntur
744 1291 781 1344 ut
796 1283 979 1350 secuudum
998 1282 1223 1363 capitularem
1235 1281 1329 1362 prio„

178 1387 248 1430 rem
275 1365 401 1428 solvunt
423 1364 520 1426 unius
541 1367 619 1426 anni
638 1385 757 1426 nonam
777 1375 809 1428 et
824 1365 982 1434 decimam
1001 1387 1078 1426 cum
1092 1387 1150 1426 suu
1176 1365 1272 1446 lege,
1296 1371 1330 1422 et

179 1449 314 1531 iusuper
332 1449 476 1509 bannum
493 1457 649 1510 nostrum.
691 1450 734 1510 Et
746 1449 809 1510 hoc
833 1449 880 1512 eis
895 1449 1127 1525 denuntietur,
1146 1447 1238 1528 quod
1256 1445 1335 1528 qui-t

179 1553 310 1614 cunque
336 1529 421 1591 hisne
444 1530 678 1614 negligentium
699 1531 885 1609 iteraverit,
916 1531 1114 1592 beneficium
1134 1531 1223 1591 unde
1244 1528 1328 1588 hacc

179 1636 266 1677 none
282 1621 315 1674 ct
329 1613 452 1675 decime
471 1613 611 1696 persolvi
630 1614 757 1692 debuit,
780 1615 975 1677 emissurum
988 1635 1022 1675 se
1040 1614 1130 1675 sciet„
1172 1613 1223 1674 lta
1237 1611 1329 1671 enim

143 1759 148 1770 ,
180 1697 372 1761 continetur
399 1697 434 1758 iu
449 1697 634 1778 Cupitulere
658 1698 762 1760 bonae
786 1689 960 1762 memoriae
981 1695 1147 1760 Genitoris
1166 1693 1271 1756 nostri
1291 1695 1331 1754 in

180 1781 266 1846 libro
287 1779 324 1852 l,
349 1801 417 1860 cup.
441 1779 567 1842 CLVII.
614 1779 657 1842 Ut
681 1784 737 1864 qui
762 1781 979 1842 Ecclesicrum
1003 1779 1159 1864 beneficia
1185 1777 1325 1847 liabent,

180 1881 296 1928 aonam
310 1875 340 1922 et
354 1862 508 1924 decimam
523 1882 566 1922 ex
585 1864 631 1922 eis
646 1863 808 1926 Ecclesiae
822 1866 911 1924 cuius
928 1885 978 1924 res
995 1876 1086 1935 suat,
1109 1861 1241 1924 donent.
1282 1859 1327 1918 Et

180 1947 236 2032 qrti
258 1943 321 2004 tale
343 1943 531 2026 beneficium
552 1945 667 2006 tatem
694 1961 728 2006 ut
748 1945 1010 2008 admedietatem
1036 1947 1200 2014 laborent,
1229 1954 1263 2001 ut
1284 1941 1325 2000 cle

181 2047 289 2090 eorum
310 2029 457 2100 portione
473 2029 608 2111 proprio
632 2028 822 2107 Presbytero
846 2029 986 2090 decimas
1012 2027 1141 2090 cloueat.
1184 2027 1265 2086 Item
1289 2025 1327 2084 iu

180 2109 366 2194 Capitulum
390 2119 499 2172 nostro
520 2110 552 2170 ic
573 2109 658 2172 libro
678 2113 723 2188 ll,
746 2135 815 2195 cop.
839 2112 917 2172 xxl
935 2113 973 2186 l)
995 2110 1036 2172 de
1058 2110 1171 2172 eudem
1192 2129 1249 2168 re:
1272 2108 1328 2170 Dc

179 2195 272 2256 corsis
293 2191 421 2273 quidem
445 2207 476 2254 et
501 2191 652 2264 decimus,
675 2195 760 2255 uude
784 2207 816 2254 et
840 2193 974 2256 Genitor
993 2207 1104 2254 uoster
1126 2205 1156 2252 et
1174 2211 1228 2252 nos
1242 2187 1323 2269 fre--

180 2288 313 2360 queuter
336 2289 367 2335 et
391 2277 424 2335 iu
448 2275 586 2336 diuersis
608 2277 735 2346 placitis
759 2275 1007 2338 ammonitionem
1021 2273 1179 2356 fecimus,
1208 2284 1239 2332 et
1262 2291 1329 2354 per

181 2357 379 2440 capitularia
395 2371 504 2419 nostru
525 2357 664 2440 qrseliter
679 2361 754 2421 baec
771 2360 981 2420 observentur
997 2357 1215 2420 ordinavimus
1227 2398 1240 2426 ,
1261 2374 1325 2413 oo-

180 2443 283 2502 lumus
301 2453 394 2512 atque
413 2442 552 2502 iubemus
574 2453 608 2500 ut
629 2438 669 2500 de
686 2443 773 2504 omui
785 2441 1011 2511 conlaborato,
1035 2454 1066 2500 et
1085 2439 1268 2498 deminuet
1285 2435 1324 2494 de

144 2525 148 2534 ’
171 2521 296 2607 soene,
308 2517 461 2606 fideliter
482 2536 515 2582 et
530 2523 670 2602 pleniter
689 2527 728 2587 ab
755 2523 898 2586 omnibus
919 2545 1002 2583 uorsa
1021 2536 1052 2582 et
1069 2521 1193 2581 decima
1203 2517 1333 2601 persol«

182 2618 281 2668 vaur.
324 2603 371 2666 De
396 2605 566 2664 nutrimine
593 2625 675 2666 ceco
694 2605 897 2688 prodecima,
918 2607 1001 2674 sicut
1018 2602 1168 2665 kactenus
1192 2621 1328 2669 consue,-

181 2685 260 2752 sudo
273 2684 363 2764 suit,
385 2689 424 2749 ab
438 2687 581 2748 omuibus
597 2687 793 2750 observetur.
835 2687 873 2747 Si
889 2689 958 2769 quis
974 2700 1077 2746 tanuen
1093 2684 1327 2768 Episcoporum

88 2805 93 2816 ·
171 2769 282 2854 suerit
297 2770 353 2854 qui
364 2781 527 2849 argeutum
544 2789 604 2846 pro
628 2771 686 2834 boc
709 2773 853 2853 accipere
867 2769 972 2841 celis,
995 2771 1029 2828 ia
1044 2789 1101 2828 sua
1125 2777 1251 2826 maneat
1271 2785 1330 2848 po-

184 2863 320 2924 testate,
343 2852 437 2913 iuoeta
462 2849 552 2934 quod
573 2853 604 2912 ei
627 2865 658 2912 et
682 2853 803 2936 illique*
826 2855 884 2914 ltoc
905 2853 1085 2935 persolvere
1109 2849 1229 2925 debet,
1251 2867 1329 2908 coa*

183 2936 318 2996 uenerit

182 3043 234 3108 De
248 3064 291 3106 eo
301 3045 356 3127 qui
376 3041 533 3104 detineam
543 3041 621 3102 dare
638 3044 821 3122 neglererit·
832 3039 993 3102 Ecclesiae
1015 3038 1102 3099 cuius
1123 3056 1191 3096 esse
1213 3032 1325 3104 debet,

472 3125 627 3208 alterique
648 3125 810 3187 Ecclesiae
828 3146 897 3184 eant
913 3122 1050 3183 dederit

266 3225 322 3295 Vl.
365 3231 564 3312 Quicunque
592 3229 750 3292 decimum
771 3227 927 3292 abstrahit
947 3227 987 3288 de
1004 3223 1151 3288 Ecclesia
1172 3217 1330 3305 adquam

180 3335 241 3401 per
267 3311 423 3380 iustitium
449 3313 546 3376 debet
574 3313 665 3390 duri,
687 3324 719 3374 et
742 3334 812 3374 earn
838 3308 1091 3394 praesumptiose
1112 3306 1167 3369 sel
1194 3314 1331 3390 propter·

181 3419 318 3462 munere
343 3406 400 3458 eut
420 3396 612 3472 amicitiem,
644 3398 695 3456 sel
720 3395 816 3455 alium
838 3393 1018 3476 quamlibet
1041 3388 1263 3463 occasionem,
1286 3387 1331 3452 ud

183 3483 320 3544 alterum
329 3479 509 3544 Ecclesiam
527 3479 671 3556 dederit,
686 3479 704 3538 d
722 3477 847 3539 Comite
865 3477 915 3539 sel
930 3478 947 3536 d
960 3475 1055 3536 Misso
1071 3481 1181 3533 nostro
1199 3469 1334 3533 distein*

183 3573 277 3650 gutur
293 3573 330 3626 ut
346 3562 494 3626 eiusdem
513 3561 657 3623 decimae
677 3560 894 3644 quantitatem,
907 3556 982 3621 cum
1002 3579 1059 3618 sua
1077 3555 1148 3637 lege
1169 3554 1333 3619 restituat,

495 3667 545 3728 De
569 3668 702 3730 decimis.
717 3667 739 3726 ic
752 3666 875 3751 populo
890 3663 1016 3724 danats.

267 3778 343 3842 VII.v
382 3778 431 3838 De
445 3774 600 3850 decimis,
619 3793 702 3856 quue
721 3771 796 3833 dere
814 3770 952 3854 populus
976 3790 1042 3830 nou
1063 3757 1152 3844 cult,
1174 3763 1236 3826 nisi
1251 3785 1333 3844 quo«

183 3855 266 3924 libet
290 3859 386 3922 modo
408 3861 451 3920 uls
467 3879 506 3920 eo
521 3856 749 3932 redimuntur,
772 3855 814 3914 uh
830 3853 999 3936 Episcopis
1019 3847 1259 3934 prohibendum
1282 3857 1330 3906 est

184 3967 226 4008 ne
247 3945 309 4004 fiet.
352 3943 394 4006 Et
413 3943 440 4005 si
457 3939 530 4023 quis
557 3946 760 4020 contemptor
782 3936 881 3997 fuerit
901 3935 1070 4010 inuentus,
1096 3941 1130 3992 et
1151 3950 1211 3990 nec
1230 3928 1330 4010 Epis·

184 4049 326 4111 copum,
350 4045 411 4086 nec
431 4024 592 4085 Comitem
611 4021 723 4082 audire
740 4019 837 4096 velit,
858 4017 884 4079 si
907 4026 1016 4079 noster
1032 4016 1129 4076 homo
1147 4011 1268 4086 suerit,
1291 4012 1332 4072 nd

184 4109 400 4196 praesentium
418 4115 558 4169 nostram
577 4106 690 4168 venire
705 4101 918 4186 compellatur
929 4125 936 4171 ς
960 4098 1080 4162 coeteri
1098 4117 1177 4158 vero
1201 4093 1336 4160 distein«

193 4228 423 4246 *κα-..-

223 4281 264 4340 l)
282 4281 373 4336 Deest.
393 4280 421 4332 in
440 4279 475 4332 al
494 4295 554 4332 mss.
768 4273 847 4342 ¹)ss
874 4291 935 4329 mss.
957 4273 1023 4342 Cap.
1044 4267 1152 4324 xxm.
