2920 4972
29 3883 31 3918 l

270 358 306 414 A.
326 357 415 417 can.
523 355 660 417 neuun
679 355 920 414 rnauconuu
1026 357 1089 417 rsa.
1201 341 1249 418 33

107 497 264 644 rqemiapp
284 519 360 560 cum
376 521 416 562 eo
438 520 505 561 non
528 498 637 578 habet,
659 496 722 560 nisi
739 491 908 562 ¹uoluntate
922 519 956 561 se
976 498 1125 580 abstinet,
1146 509 1253 588 potest

110 605 173 644 aro
193 604 214 642 n
263 603 330 645 ere.

193 697 292 784 Qndd
313 699 458 761 relictam
477 696 668 760 Sacerdotis
684 715 821 759 uxorem
839 697 956 760 ducere
980 703 1046 760 lion
1065 699 1168 762 liceat.

171 807 227 868 111.
254 806 290 868 Si
315 807 388 888 quis
405 805 580 889 Presbyter
599 809 739 888 (neptam
755 825 844 866 suam
860 814 906 882 m)
933 827 1069 867 uxorem
1087 806 1251 890 babuerit,

109 892 210 974 ipsam
226 889 377 966 dimittat,
400 898 432 951 et
449 889 584 970 gradum
598 889 721 972 perdat.
765 887 800 948 Si
822 888 904 950 alius
923 909 994 950 eam
1018 893 1194 974 acceperit,
1218 903 1252 955 et

106 974 208 1056 ipsam
230 975 248 1034 d
271 995 306 1034 se
325 972 462 1033 reliciat.
504 971 539 1032 Si
563 993 595 1033 se
621 972 791 1034 continere
810 991 875 1031 non
896 981 1018 1052 potest,
1048 973 1144 1034 aliam
1163 977 1251 1038 ucci-

104 1057 184 1201 ἓξὲξ,
207 1055 286 1138 quia
301 1053 560 1140 reprehensibile
579 1064 627 1128 est
642 1064 678 1115 ut
694 1053 842 1116 relictam
857 1054 1039 1118 Sacerdotis
1053 1055 1136 1120 alius
1153 1058 1251 1121 homo

131 1162 137 1176 ¹
172 1149 234 1202 eat.
943 1167 948 1174 '

145 1257 198 1317 De
218 1253 353 1398 fenp'nis
375 1252 486 1338 spontd
508 1255 564 1315 nel
579 1252 682 1314 invitd
690 1299 703 1328 ,
732 1241 787 1315 dut
813 1256 880 1316 sine
909 1255 1057 1316 virorum
1077 1277 1245 1333 consensu,

233 1359 274 1400 ne
289 1339 359 1398 atis.

191 1447 248 1510 lV.
277 1441 328 1508 tn‘
347 1445 496 1528 quolibet
514 1441 609 1505 modo
630 1439 753 1504 femina
786 1443 895 1504 velum
916 1447 1096 1528 acceperit,
1129 1445 1163 1508 in
1185 1447 1249 1510 hoe

102 1537 307 1614 permaneat,
330 1529 392 1590 nisi
413 1551 446 1592 se
470 1527 607 1591 invitam
620 1535 675 1588 aut
698 1526 927 1588 reclamantem
944 1529 1104 1592 velaverit
1119 1531 1250 1612 aliquis.

102 1617 231 1675 Tamen
247 1611 502 1696 praedicandum
519 1620 566 1672 est
588 1617 625 1671 ut
645 1631 721 1670 cum
738 1609 813 1671 velo
834 1631 892 1671 suo
909 1623 1110 1692 permaneat,
1139 1614 1166 1676 si
1187 1637 1249 1678 vo-

101 1697 218 1760 luerit.
262 1695 361 1774 Qubd
381 1694 407 1756 si
431 1692 607 1778 Presbyter
627 1714 697 1753 eam
717 1691 853 1753 invitam
875 1695 1169 1792 reclamantemque
1188 1717 1248 1760 ve·

103 1779 239 1858 laverit,
257 1778 398 1862 gradum
416 1799 511 1840 suum
530 1797 589 1860 pro
608 1775 669 1838 hac
689 1797 784 1837 causa
806 1776 930 1858 perdat.
972 1777 1070 1856 Qubd
1093 1802 1118 1840 si
1139 1779 1247 1840 conti-

102 1862 193 1944 gerit
218 1871 256 1922 ut
277 1860 396 1924 mulier
416 1860 486 1924 sine
508 1857 739 1922 convenientia
762 1858 825 1919 viri
848 1858 898 1920 sni
924 1881 956 1922 se
984 1859 1092 1924 velare
1112 1879 1247 1944 praesu·

102 1953 183 2025 mat,
205 1945 240 2006 in
256 1953 412 2028 potestate
435 1941 499 2007 viri
519 1943 592 2006 eius
605 1941 667 2004 erit
681 1951 717 2002 nt
731 1942 765 2004 in
782 1940 846 2002 boc
864 1951 1061 2024 permaneat,
1077 1953 1132 2005 aut
1150 1967 1225 2008 non.

234 2061 284 2122 De
301 2081 338 2124 eo
360 2062 560 2122 calmontem
583 2079 670 2122 umor
686 2079 756 2119 cum
776 2059 849 2118 aliis
870 2061 1050 2120 machinatu
1065 2073 1121 2121 est.

192 2168 234 2230 V.
261 2165 296 2227 Si
319 2187 384 2248 qua
413 2166 533 2226 mulier
560 2173 695 2225 mortem
714 2161 777 2224 viri
798 2161 848 2224 sni
870 2185 945 2226 cum
964 2167 1035 2228 aliis
1058 2165 1246 2230 bominibus

108 2249 307 2328 consiliavit,
331 2249 450 2332 etipse
471 2249 523 2310 vir
544 2246 645 2332 ipsius
661 2245 828 2308 hominem
848 2269 880 2308 sc
895 2246 1104 2311 defendendo
1121 2249 1247 2311 occide-

106 2335 166 2411 rit,
189 2341 222 2394 et
240 2331 303 2394 boc
317 2331 453 2414 probare
474 2340 591 2415 potest,
610 2330 667 2392 ille
688 2331 740 2392 vir
753 2339 858 2412 pote‘st
873 2331 973 2414 ipsam
992 2351 1127 2393 uxorem
1144 2331 1249 2393 dimit-

107 2428 200 2494 tere,
224 2423 257 2476 et
277 2415 303 2476 si
328 2413 487 2493 voluerit,
518 2413 614 2476 aliam
636 2413 779 2496 accipiat.
828 2414 900 2496 lpsa
919 2425 1028 2478 autem
1052 2415 1248 2495 insidiatrix,

107 2497 331 2586 poenitentiae
350 2498 498 2576 subacta,
520 2497 640 2580 absque
660 2518 716 2580 spe
737 2495 882 2579 coniugii
905 2509 1042 2562 maneat.

152 2615 203 2675 De
227 2615 363 2694 ingenuo
383 2616 440 2698 qui
461 2613 611 2675 ancillam
630 2611 729 2674 duxit
745 2632 807 2696 pno
828 2614 977 2694 ingenuo,
1000 2628 1032 2678 et
1053 2615 1093 2680 de
1113 2619 1248 2701 ingenua

252 2717 443 2781 quaerendo
463 2699 569 2781 nupsit
580 2717 642 2780 pro
662 2697 808 2774 ingenuo.

197 2803 253 2866 Vl.
281 2803 315 2866 Si
344 2804 418 2888 quis
445 2803 608 2886 ingenuus
631 2801 728 2863 homo
751 2803 904 2866 ancillam
928 2827 1063 2867 uxorem
1088 2805 1251 2888 acceperit

110 2909 174 2974 pro
194 2887 354 2970 ingenua,
372 2887 398 2948 si
413 2887 481 2972 ipsa
499 2887 620 2948 femina
639 2885 748 2968 posted
769 2887 868 2962 fuerit
889 2887 1063 2967 inservita,
1095 2891 1121 2950 si
1141 2911 1211 2950 eam
1232 2890 1250 2949 a

111 2970 271 3033 servitute
289 2967 450 3033 redimere
472 2979 590 3052 potest,
611 2968 725 3038 inciat;
747 2969 773 3029 si
790 2969 906 3029 redimi
924 2988 990 3032 non
1007 2977 1122 3054 potest,
1145 2971 1171 3032 si
1191 2993 1251 3032 vo·

112 3053 227 3130 luerit,
250 3052 347 3114 liceat
368 3053 398 3114 ei
418 3053 514 3114 aliam
537 3051 696 3134 accipere.
738 3049 896 3113 Similiter
914 3061 946 3114 et
969 3053 1089 3114 mulier
1110 3053 1253 3136 ingenua

113 3139 142 3200 si
165 3157 297 3198 servum
316 3135 454 3220 accipiat
476 3157 535 3218 pro
558 3136 721 3218 ingenuo,
757 3145 791 3196 et
812 3137 921 3216 posted
950 3158 1009 3220 pro
1029 3137 1251 3219 qualicunque

114 3241 213 3282 causa
233 3219 548 3294 inservitns‘fuerit,
580 3217 641 3279 nisi
657 3237 716 3300 pro
739 3217 848 3300 inopia
864 3219 948 3279 fame
963 3230 1099 3302 cogente
1115 3242 1148 3281 se
1168 3242 1251 3280 ven-

115 3301 250 3380 diderit,
273 3312 305 3364 et
325 3301 393 3384 ipsa
408 3301 471 3363 hoc
491 3302 709 3377 consenserit,
737 3303 825 3362 etde
844 3302 949 3382 pretio
971 3302 1033 3363 viri
1060 3303 1110 3366 sui
1135 3305 1252 3364 lfame

115 3385 253 3445 liberata
268 3387 378 3464 fuerit,
401 3383 427 3446 si
449 3384 592 3447 voluerit
607 3393 711 3466 potest
733 3405 808 3446 eum
828 3384 1002 3462 dimittere,
1025 3395 1057 3448 ct
1074 3387 1100 3446 si
1117 3408 1149 3446 se
1172 3407 1253 3448 con-

117 3468 224 3528 tinere
245 3467 564 3550 nonpotest„alium
580 3467 711 3546 ducere.
753 3466 911 3542 Similiter
932 3478 965 3529 et
983 3469 1023 3530 de
1039 3469 1194 3544 muliere,
1226 3469 1254 3530 si

118 3572 152 3613 se
178 3549 376 3628 vendiderit)
399 3559 431 3612 et
446 3549 498 3615 vir
516 3547 586 3613 eius
608 3549 651 3610 ita
665 3549 881 3629 consenserit,
912 3551 1020 3614 taliter
1043 3561 1148 3635 potest
1171 3559 1255 3612 stare

119 3634 148 3702 si
173 3654 206 3696 se
231 3633 462 3716 separaverint.
508 3632 715 3698 Poenitentia
743 3641 850 3693 tamen
881 3633 1047 3696 amborum
1077 3633 1257 3695 necessaria

121 3725 179 3778 est.
220 3717 302 3776 Nam
351 3717 385 3777 ui
406 3715 446 3778 de
462 3717 568 3800 pretio
587 3715 673 3797 paris
689 3716 739 3778 sui
758 3715 797 3777 de
813 3717 871 3777 tali
891 3717 1081 3782 necessitate
1102 3717 1257 3780 liberatus

119 3799 234 3876 fuerit,
257 3799 291 3860 in
305 3737 366 3870 ¹tulli,
380 3799 533 3883 coniugio
552 3799 648 3862 debet
666 3819 866 3883 permanere,
890 3809 1002 3864 elnon
1022 3799 1173 3883 separari.

162 3915 213 3976 De
231 3937 325 3976 servo
344 3917 400 4000 qni
414 3915 563 3976 ancillam
577 3935 665 3976 sunm
682 3916 889 3976 concubinam
904 3917 1026 3988 babuit,
1045 3927 1077 3976 et
1095 3911 1152 3975 illd
1170 3913 1261 3976 relic-

247 3995 293 4070 td,
310 3998 434 4060 domini
452 3997 600 4062 ancillam
614 3998 684 4058 vult
706 3997 831 4058 ducere.

207 4105 280 4168 Vll.
303 4104 337 4166 Si
356 4125 469 4170 servus
485 4127 574 4169 suam
593 4104 744 4170 ancillam
760 4105 973 4170 concubinam
994 4105 1154 4186 babuerit,
1177 4105 1204 4168 si
1220 4105 1264 4170 ita

137 4241 362 4282 W,

163 4337 201 4399 m)
219 4333 253 4386 al.
271 4351 319 4392 ms.
335 4335 441 4393 desunt.
