2958 4986
220 329 289 408 102
452 347 486 402 a.
507 345 594 405 cnr.
701 341 956 404 carrrueatua
1060 345 1121 410 tas.

215 491 298 556 eiam
314 485 511 572 redigentes,
532 496 564 550 et
588 485 861 572 interEpiscopos
883 496 973 551 certo
994 485 1097 548 limite
1123 484 1349 550 disterminan-

214 584 274 648 tes,
298 570 584 654 septentrionalem
603 571 693 632 illius
714 582 849 655 partem,
878 591 961 654 quae
982 581 1029 632 est
1047 569 1184 652 piscium
1201 569 1347 632 ubertate

214 655 381 732 ditissima,
401 663 435 715 et
447 653 618 736 pecoribus
634 653 758 716 alendis
779 655 916 715 habetur
932 652 1112 736 aptissima,
1139 651 1195 734 pio
1218 651 1347 714 Christo

214 748 247 800 et
265 737 495 820 Apostolorum
515 757 647 798 suornm
666 736 806 820 principi
822 738 918 800 Petro
940 757 999 818 pro
1026 735 1200 818 gratiarum
1219 733 1346 796 actione

214 820 331 884 devote
349 817 537 896 obtulimus,
557 817 684 900 sibique
701 819 734 878 in
754 819 938 902 Wigmodia
954 819 987 878 in
1005 819 1077 880 loco
1095 819 1233 880 Bremon
1257 839 1348 879 vocu-

212 912 258 980 to,
280 923 378 985 super
395 901 516 962 flumen
531 900 727 984 wirraham,
744 901 923 964 Ecclesiam
947 909 980 962 et
999 901 1217 984 episcopalem
1237 899 1347 961 statui-

212 1008 284 1055 mus
309 983 503 1046 cathedram.
557 984 640 1044 Huic
667 984 838 1066 parochiae
866 983 980 1046 decem
1008 1005 1104 1066 pagos
1131 982 1345 1053 subiecimus;

212 1090 294 1151 quos
315 1067 412 1130 etiam
433 1065 564 1128 abiectis
586 1087 698 1128 eorum
721 1067 863 1149 antiquis
884 1065 1050 1128 vocubulis
1073 1075 1106 1126 ct
1130 1066 1345 1128 divisionibus

212 1153 246 1212 in
270 1149 349 1212 duas
368 1149 553 1232 redegimus
567 1147 763 1232 provincias,
779 1149 818 1210 iis
836 1149 1036 1233 appellantes
1053 1149 1239 1210 nominibus
1256 1149 1346 1229 wig-

211 1232 350 1298 modiam
370 1233 552 1314 etLorgoe.
595 1232 732 1314 insuper
753 1231 793 1292 ad
816 1233 976 1314 praefatae
996 1232 1273 1294 constructionem
1286 1233 1346 1290 Ec-

211 1315 328 1378 clesiae
348 1315 381 1375 in
402 1313 592 1398 supradictis
630 1315 696 1412 nqis
714 1324 825 1397 septus
850 1314 916 1374 inte
932 1337 1057 1376 mansos
1073 1336 1148 1380 cum
1170 1315 1236 1376 suis
1254 1313 1345 1375 colo-

211 1397 262 1460 nis
283 1397 453 1460 offerentes
481 1396 581 1458 totius
607 1336 706 1459 huius
733 1336 904 1480 parochiae
936 1398 1077 1476 incolas,
1109 1397 1248 1458 decimas
1272 1417 1345 1458 suas

209 1479 376 1544 Ecclesiae
404 1499 529 1561 suoque
556 1479 714 1564 provisori
741 1480 882 1541 fideliter
912 1481 1099 1564 persolvere
1130 1480 1192 1541 hoc
1218 1489 1344 1541 nostrae

210 1563 383 1625 maiestatis
406 1571 578 1646 praecepto
598 1564 757 1640 iubemus,
778 1563 945 1640 donamus,
967 1573 1000 1625 et
1021 1563 1255 1624 confirmamus.
1282 1561 1346 1620 ad-

209 1645 276 1708 huc
304 1646 401 1708 etiam
433 1645 548 1708 summi
584 1644 752 1708 Pontificis
783 1654 815 1706 et
848 1647 1041 1708 universalis
1069 1649 1175 1727 Papae
1209 1642 1345 1706 Adriani

209 1737 394 1812 praecepto,
416 1749 544 1789 necnon
568 1738 602 1791 et
620 1727 891 1810 Mogontiaceusis
905 1729 1057 1812 Episcopi
1075 1728 1243 1806 Lullouis,
1275 1747 1345 1788 om-

210 1813 369 1893 niumque
382 1810 440 1893 qui
458 1809 577 1873 affuere
596 1811 793 1872 Pontificum
808 1811 962 1890 consilio,
985 1807 1120 1873 eandem
1138 1812 1346 1872 Bremensem

208 1893 389 1958 Ecclesiam
409 1915 485 1954 cum
502 1893 651 1954 omnibus
669 1893 735 1956 suis
754 1893 954 1977 appendiciis
970 1893 1170 1970 Willehado,
1195 1890 1345 1975 probabi-

209 1977 250 2044 lis
271 1976 356 2040 vitae
377 1976 461 2048 viro,
489 1997 597 2036 coram
617 1977 687 2043 Deo
708 1986 741 2038 et
759 1976 876 2038 sanctis
898 1976 967 2037 eius
989 1976 1220 2038 commisimus:
1245 1995 1345 2056 quem

208 2059 306 2120 etiam
328 2057 468 2142 primum
499 2058 644 2122 eiusdem
673 2059 837 2120 Ecclesiae
867 2081 914 2120 ιιι.
940 2059 1016 2120 ldts
1052 2059 1129 2118 Iulii
1162 2056 1345 2122 consecrari

208 2142 345 2204 fecimus
359 2141 566 2225 Episcopum,
593 2151 629 2202 ut
646 2164 688 2224 po
712 2142 775 2202 ulis
794 2141 898 2204 divini
916 2141 1039 2202 semina
1056 2141 1147 2203 verbi
1163 2141 1344 2202 secundum

209 2225 314 2286 datam
337 2223 397 2284 sibi
415 2225 604 2306 sapientiam
624 2164 763 2286 fideiiter
777 2223 1004 2306 dispensando,
1026 2234 1059 2284 et
1081 2225 1242 2286 novellam
1256 2222 1342 2282 banc

208 2305 388 2378 Ecclesiam
406 2307 563 2368 canonico
582 2307 695 2377 ordine
716 2316 749 2368 et
769 2306 988 2366 monasteriali
1010 2307 1226 2389 competentia
1247 2304 1342 2364 utili-

206 2401 260 2450 ter
281 2387 491 2467 instruendo,
523 2387 655 2452 interim
678 2389 803 2472 plantet
829 2397 861 2448 et
887 2389 972 2470 riget
996 2411 1167 2470 quousque
1189 2387 1342 2471 precibus

209 2474 402 2556 sanatorum
431 2493 563 2532 suorum
592 2482 741 2534 exoratus
782 2471 1019 2534 incrementum
1049 2472 1104 2532 det
1136 2472 1342 2554 omnipotens

206 2555 305 2618 Deus.
346 2554 495 2613 Iunotuit
518 2555 613 2616 etiam
635 2555 720 2616 idem
737 2553 932 2616 venerabilis
950 2553 1001 2615 vir
1021 2553 1186 2614 serenitati
1201 2563 1342 2629 nostrae,

114 2698 117 2704 ,
206 2657 277 2706 eam
298 2657 404 2718 quam,
417 2635 557 2699 diximus
579 2636 783 2720 parochiam,
805 2645 938 2719 propter
955 2637 1163 2697 barbarorum
1182 2637 1343 2706 infestan-

205 2719 289 2786 tium
301 2718 458 2801 perieula,
473 2739 529 2780 seu
542 2719 648 2782 varios
668 2731 803 2781 eventus
823 2719 880 2800 qui
901 2719 935 2778 iu
958 2741 995 2780 ea
1011 2720 1117 2780 solent
1137 2719 1342 2800 contingere,

207 2803 248 2865 ad
265 2801 482 2871 sustentacula
501 2802 570 2864 sive
591 2801 749 2884 stipendia
762 2801 823 2863 Dei
843 2821 1012 2862 servorum
1032 2801 1114 2860 inibi
1131 2801 1344 2861 militantium

206 2885 277 2953 Deo
300 2883 432 2950 minime
454 2884 602 2952 sufficere
615 2906 718 2966 posse.
760 2885 977 2964 Quamobrem
993 2885 1068 2966 quia
1085 2885 1244 2945 Dominus
1270 2905 1342 2944 om-

207 2969 358 3051 nipotens
382 2967 417 3028 in
442 2975 536 3048 gente
558 2967 755 3046 Fresonum,
780 2967 864 3028 sieut
883 2979 916 3026 et
936 2968 1100 3028 Saxonum
1124 2967 1243 3028 ostium
1265 2965 1342 3028 fidei

206 3050 351 3132 aperuit,
381 3059 503 3132 partem
529 3049 789 3132 praenominatae
816 3050 978 3132 regionis,
1012 3049 1167 3112 videlicet
1196 3049 1339 3126 Fresiae,

205 3153 289 3210 quae
305 3133 456 3213 contigua
470 3131 547 3193 huic
565 3132 735 3213 parochiae
755 3154 822 3193 esse
842 3133 1032 3210 dinoscitur,
1049 3132 1156 3193 eidem
1173 3130 1340 3193 Bremeusi

203 3214 369 3280 Ecclesiae
384 3235 507 3296 suoque
529 3213 686 3296 provisori
707 3214 895 3278 Willehado
910 3215 1088 3298 Episcopo,
1111 3215 1247 3296 eiusque
1270 3235 1340 3276 suc-

204 3296 404 3373 cessoribus,
438 3296 672 3393 perpetualiter
699 3297 918 3379 delegavimus
940 3297 1154 3364 retinendam.
1201 3300 1244 3358 Et
1263 3296 1340 3379 quia

205 3399 295 3440 casus
316 3389 564 3461 praeteritorum
584 3401 642 3440 nos
662 3389 771 3440 cautos
790 3380 916 3441 faciunt
936 3379 969 3442 in
997 3381 1160 3458 futurum,
1187 3379 1338 3462 nequis,

203 3459 293 3542 quod
316 3481 382 3522 non
407 3473 569 3545 optamus,
596 3463 738 3543 aliquam
764 3462 824 3523 sibi
851 3462 885 3521 in
908 3463 1021 3524 cadem
1041 3463 1183 3526 dioecesi
1205 3469 1340 3545 usurpet

202 3552 403 3626 potestatem,
420 3553 508 3606 certo
525 3566 595 3606 eam
608 3545 710 3605 limite
729 3545 865 3606 fecimus
885 3545 1063 3621 terminari,
1081 3544 1178 3625 eique
1198 3545 1256 3611 hos
1276 3555 1339 3611 tem

202 3626 319 3704 minos,
340 3648 427 3690 mare
449 3629 628 3704 Oceanum,
649 3627 775 3688 Albium
792 3627 939 3705 fluvium,
961 3628 1061 3705 Liam,
1079 3627 1338 3706 Steinhach,*ila·

202 3708 312 3787 salam,
337 3709 573 3788 wimarcham,
603 3709 804 3787 sneidbach,
838 3711 965 3787 Ostam,
989 3711 1189 3787 Muliubach,
1220 3719 1338 3771 motam

200 3791 354 3874 paludem
373 3814 454 3873 quae
478 3794 598 3865 dicitur
620 3793 879 3874 Sigesridesmor,
906 3791 1100 3870 Quistinam,
1126 3793 1335 3869 Cheseumor,

199 3873 400 3951 ¹tlsehbroeb,
414 3875 619 3953 Wisebroch,
630 3875 811 3952 bivernam,
828 3877 992 3952 Uternam,
1007 3875 1191 3957 iterumque
1208 3876 1334 3944 Ostama

200 3957 241 4022 ab
260 3957 337 4018 Osta
362 3978 440 4020 vero
457 3979 629 4039 usquequo
645 3957 856 4040 perveniatur
875 3957 916 4016 ad
936 3958 1090 4041 paludem
1113 3978 1196 4039 quae
1217 3958 1337 4020 dicitur

200 4038 420 4114 Caldenbmh,
443 4039 562 4101 deinde
586 4040 686 4122 ipsam
707 4039 860 4135 paludem
878 4035 986 4122 'usque
1005 4040 1040 4100 in
1058 4042 1253 4136 Wempnam
1272 4039 1335 4108 tlu-

199 4123 307 4194 tium}
339 4121 535 4204 dWempna
558 4143 637 4184 vero
657 4122 802 4192 Bicmam
823 4123 1004 4182 Farstinam
1024 4144 1127 4204 usque
1151 4143 1185 4190 m
1209 4121 1335 4190 Wirra-

197 4200 273 4274 ham
290 4203 441 4275 fluvium
465 4204 584 4268 dehinc
602 4206 641 4266 ab
656 4201 807 4276 orientali
827 4213 916 4285 parte
932 4203 1078 4274 eiusdem
1094 4203 1236 4275 fluminis
1251 4204 1335 4270 viam

189 4284 359 4376 publicum
380 4285 464 4371 quae
482 4288 602 4378 dicitur
621 4289 800 4371 Hcaseweg,
818 4285 1006 4370 sturmegoe
1027 4297 1058 4350 et
1077 4289 1200 4370 borgee
1225 4288 1334 4354 dister-
