2952 4988
254 334 395 403 acan,
504 331 899 392 resouraancoauu
1007 329 1067 390 sn
1212 312 1285 392 297

150 478 282 564 quando
306 499 365 538 nos
391 475 533 556 aliquam
557 473 799 537 Abbatissarum
822 484 963 538 nostram
987 473 1075 538 adire
1100 474 1287 538 iusserimus

149 561 382 649 praesentiam,
412 559 477 620 alio
498 568 641 638 tempore
661 558 811 620 volum-us
830 557 865 624 in
891 558 1095 620 monasteriis
1112 558 1286 636 resideant,

150 656 184 709 et
199 644 379 709 secundum
399 642 544 704 eiusdem
559 641 775 702 Institutionis
795 639 930 702 formam
947 641 1046 704 vitam
1061 641 1193 718 ducant,
1211 637 1289 703 sibi·

150 751 214 812 que
235 726 376 790 subditas
400 725 435 784 in
459 734 570 786 sancto
597 723 768 805 religionis
785 723 950 806 proposito
971 723 1203 806 constringant.
1244 719 1288 785 Et

150 812 243 874 nulla
270 809 403 869 illarum
421 808 506 868 foras
527 807 698 889 evagandi,
724 816 781 866 aut
802 807 971 868 occasione
992 807 1139 888 qualibet
1158 808 1289 889 accepta

148 915 208 979 per
226 892 320 955 villas
339 889 524 970 residendi,
545 891 677 970 suisque
696 887 918 971 voluptatibus
937 889 1160 967 deserviendi,
1181 889 1287 952 licen-

149 977 227 1038 tiam
246 974 307 1037 sibi
330 972 492 1033 attribuat.
543 974 748 1053 Quamquam
772 969 860 1031 enim
888 973 1043 1033 nonnulli
1071 973 1191 1035 Clerici
1216 994 1287 1032 mo-

150 1058 288 1121 nasteria
305 1056 500 1138 puellarum,
517 1064 549 1117 et
566 1055 720 1115 nonnulli
733 1053 810 1115 laici
824 1057 1016 1117 monasteria
1029 1055 1175 1116 virorum
1191 1055 1289 1118 etiam

151 1153 184 1205 et
202 1141 387 1225 puellarum
403 1138 559 1214 habeant,
583 1148 638 1198 tua
660 1146 768 1198 tamen
794 1137 890 1198 debet
905 1139 1095 1220 praevidere
1115 1139 1289 1200 solertissi-

149 1247 201 1286 ma
223 1221 381 1284 industria
403 1232 439 1282 ut
459 1222 493 1281 in
515 1221 663 1282 omnibus
684 1220 764 1281 locis
784 1219 843 1281 sub
860 1229 916 1280 tua
930 1221 1071 1282 dioecesi
1091 1221 1288 1299 constitutis,

143 1308 338 1387 ,ubicunque
378 1325 497 1387 congre
522 1305 645 1365 ationes
682 1303 884 1364 Clericorum
917 1314 950 1364 et
986 1303 1289 1366 sanctimonialium

151 1401 244 1466 sunt,
272 1387 362 1448 iuxta
383 1326 629 1469 possibilitatem
648 1396 681 1447 et
698 1387 885 1447 facultatem
899 1408 1009 1448 rerum
1024 1387 1206 1448 secundnm
1222 1386 1288 1446 hu-

151 1475 202 1535 ius
217 1469 433 1533 Institutionis
455 1472 591 1531 formam
610 1470 738 1540 vivaut;
762 1469 839 1551 quia
854 1471 946 1531 nulla
966 1481 1013 1532 est
1027 1469 1160 1532 omnino
1176 1469 1291 1532 Eccle-

150 1557 218 1635 sia,
240 1574 324 1636 quae
343 1553 512 1615 facultates
528 1553 663 1631 babeat,
690 1552 748 1612 ubi
768 1574 834 1612 non
853 1554 977 1635 possint
994 1563 1040 1614 tot
1059 1555 1206 1635 talesque
1227 1574 1288 1634 gu-

150 1636 282 1702 bernari
309 1635 368 1717 qui
397 1635 545 1697 divinum
565 1636 718 1716 expleant
744 1635 906 1714 officium,
939 1646 972 1698 et
1002 1637 1058 1696 uhi
1087 1635 1289 1720 hospitalitas

152 1723 243 1783 iuxta
268 1719 352 1782 vires
374 1739 440 1778 uon
456 1719 558 1802 possit
573 1719 675 1801 diligi.
709 1719 782 1779 ‘Nos
805 1719 936 1801 quoque
956 1722 1138 1802 praefatum
1155 1719 1290 1781 Missum

152 1813 299 1867 nostrum
312 1801 352 1863 ad
369 1810 457 1861 tuam
478 1801 681 1863 sanctitatem
703 1800 778 1863 ideo
797 1801 992 1880 direximus,
1018 1812 1054 1864 ut
1074 1811 1168 1864 tuum
1187 1811 1290 1864 caete·

150 1905 327 1967 rorumque
343 1883 637 1946 ecclesiasticorum
654 1885 686 1944 in
702 1893 757 1943 tua
772 1884 913 1947 dioecesi
929 1885 1137 1947 existentium
1151 1884 1290 1968 diligen·

150 1981 202 2032 ter
222 1978 318 2050 atque
334 1967 496 2028 subtiliter
510 1968 545 2028 in
568 1967 631 2029 hoc
650 1966 780 2049 negotio
802 1966 986 2030 intueretur
1002 1969 1155 2046 studium,
1176 1977 1210 2029 et
1228 1965 1288 2028 tibi

151 2075 244 2135 opem
267 2051 300 2111 in
322 2049 459 2111 caeteris
474 2049 696 2112 ammonendis
711 2049 828 2109 ferret:
847 2051 905 2132 qui
926 2051 1023 2112 etiam
1042 2053 1135 2113 nobis
1151 2051 1290 2112 referret

152 2131 294 2217 qualiter
312 2133 452 2196 Praelati
474 2144 505 2194 et
527 2134 693 2195 Praelatae
713 2153 783 2192 eam
804 2133 946 2196 libenter
962 2135 1182 2217 susceperint,
1210 2132 1289 2196 dili·

152 2228 332 2301 genterque
356 2216 570 2278 transcribere
591 2213 787 2292 studuerint,
809 2226 842 2276 et
862 2217 978 2279 devote
1000 2217 1177 2300 adimplere
1198 2217 1289 2278 iuxta

151 2302 236 2362 vires
259 2299 452 2360 curaverint.
494 2298 656 2376 Quoniam
673 2298 797 2359 tamdiu
818 2299 912 2359 illum
935 2301 968 2359 in
992 2308 1045 2359 tua
1069 2300 1122 2362 vel
1145 2319 1290 2383 compro-

151 2383 342 2444 vincialium
361 2391 491 2442 tuorum
509 2381 650 2443 dioecesi
674 2381 838 2442 immorari
862 2391 895 2442 et
918 2382 1100 2444 discurrere
1122 2384 1188 2444 und
1214 2403 1290 2444 cum
1327 2381 1331 2389 ’

150 2466 249 2528 Misso
273 2475 330 2525 tuo
352 2463 518 2541 iussimus,
542 2465 647 2526 donee
670 2463 709 2524 ab
734 2465 884 2526 omnibus
908 2475 1100 2527 memoratae
1128 2465 1287 2527 formulae

150 2547 462 2619 transcriberentur3
489 2556 525 2607 nt
551 2547 706 2609 videlicet
733 2557 850 2609 cuncta
875 2569 1070 2631 procurans,
1100 2549 1290 2632 diligenter·

150 2651 214 2713 que
234 2629 424 2712 perficiens,
453 2645 528 2691 cum
548 2629 589 2690 ad
609 2651 668 2692 nos
690 2629 785 2690 illum
802 2630 909 2692 redire
936 2653 1033 2715 opere
1055 2632 1185 2714 expleto
1203 2641 1288 2694 tem-

75 2755 77 2760 ·
149 2735 210 2797 pus
238 2711 440 2794 permiserit,
475 2722 592 2774 cuncta
620 2733 704 2796 quae
736 2722 805 2774 acta
835 2723 911 2775 sunt
934 2723 1043 2776 vestro
1074 2723 1288 2798 utrorumque

149 2795 270 2878 scripto
296 2804 466 2873 notentur,
494 2805 590 2878 atque
610 2817 672 2880 per
694 2795 799 2878 ipsum
823 2805 979 2879 tuumque
1004 2797 1137 2858 missum
1158 2807 1288 2859 nostrae

38 2917 47 2935 .
150 2876 372 2940 dinoscentiae
393 2878 600 2950 intimentur;
625 2889 663 2941 ut
686 2879 821 2940 sciamus
842 2880 958 2962 quibus
987 2881 1162 2964 gratiarum
1185 2880 1290 2942 actio·-

149 2983 208 3022 nes
225 2961 360 3035 referre,
378 2982 524 3043 quosque
541 2962 637 3023 etiam
654 2960 759 3044 dignis
778 2963 1036 3046 correptionibus
1049 2963 1212 3045 corrigere
1228 2963 1288 3023 de-

148 3044 290 3105 beamus.
332 3043 475 3121 Quodsi
501 3043 617 3140 aliquis
641 3053 715 3104 tuae
738 3044 921 3107 dioeceseos
952 3047 1059 3108 eidem
1083 3043 1289 3106 Institutioni

149 3137 340 3208 vestraeque
355 3125 569 3187 admonitiom
587 3125 777 3210 procaciter·
785 3127 884 3188 reniti
906 3129 1066 3206 voluerit,
1094 3136 1128 3189 et
1144 3149 1182 3190 ea
1203 3148 1288 3210 qnae

149 3209 189 3269 ab
208 3209 322 3271 eodem
340 3231 430 3270 sacre
448 3218 614 3272 conventu
633 3209 807 3270 salubriter
823 3211 997 3271 constituta
1016 3219 1102 3288 sunt,
1122 3229 1189 3294 lpro
1205 3209 1289 3272 viri·-

147 3292 208 3354 bus
226 3293 397 3354 observare
414 3292 614 3376 neglexerit,
639 3302 672 3354 et
689 3293 809 3353 exinde
831 3293 1022 3355 ammonitus
1042 3315 1108 3354 non
1126 3315 1159 3355 se
1183 3311 1290 3354 corre·

148 3374 252 3453 serit,
277 3375 467 3457 quicunque
491 3376 549 3436 ille
568 3385 633 3452 est,
661 3385 735 3436 ante
755 3375 968 3457 praesentiam
988 3385 1129 3437 nostram
1154 3377 1210 3437 tua
1233 3373 1289 3440 vet

148 3457 238 3519 Missi
260 3458 362 3519 nostri
390 3457 632 3535 admonitione,
659 3457 774 3520 ,venire
797 3457 949 3536 festinet,
977 3458 1172 3540 quatentst
1194 3457 1288 3520 nobis

148 3540 239 3599 iuxta
254 3541 466 3621 quantitatem
484 3541 598 3623 culpae
616 3539 713 3622 digne
730 3539 919 3621 corrigatur.
959 3539 1147 3602 Direximus
1164 3550 1288 3622 praete·

148 3621 204 3682 rea
225 3623 354 3702 pondus
377 3632 409 3684 et
435 3645 618 3685 mensuram
636 3621 814 3684 secundum
836 3643 918 3704 quae
944 3623 1080 3686 Clericis
1105 3631 1137 3682 et
1158 3623 1289 3685 Sancti-

148 3703 343 3765 monialibus
372 3706 464 3788 panis
488 3715 519 3767 et
539 3713 633 3788 potus
654 3703 870 3786 aequabiliter
888 3705 1061 3767 tribuenda
1087 3713 1178 3766 suut:
1203 3725 1298 3789 quae*

148 3795 185 3846 ut
205 3786 244 3846 ab
268 3787 416 3849 omnibus
437 3787 616 3849 firmissime
636 3796 732 3870 atque
752 3785 986 3849 inviolabiliter
999 3795 1154 3850 teneatur
1178 3788 1291 3850 decer·

148 3869 272 3945 nimus,
296 3878 387 3930 etue
409 3871 489 3952 quid
511 3869 705 3932 incrementi
724 3880 779 3930 aut
802 3869 988 3932 detrimenti
1011 3873 1029 3932 d
1052 3891 1217 3953 quoquam
1234 3893 1290 3954 pu·

146 3951 282 4028 tiantur,
302 3953 405 4014 modis
419 3953 569 4034 omnibus
586 3950 778 4014 inhibemus.
820 3953 924 4012 Tuam
940 3954 1040 4036 igitur
1060 3953 1094 4011 in
1116 3954 1204 4014 calce
1227 3953 1289 4014 hu·

148 4034 199 4094 ius
217 4032 373 4115 epistolae
400 4056 622 4096 ammonemus
648 4035 850 4095 sanctitatem
877 4043 914 4095 ut
936 4033 1117 4099 secundum
1139 4036 1288 4098 ministe-

147 4115 233 4176 rium
251 4114 312 4175 tibi
337 4116 451 4184 divino
475 4137 611 4178 munere
638 4118 821 4195 conlatum,
851 4126 978 4180 nostrae
1007 4119 1040 4178 in
1063 4115 1127 4178 hoc
1156 4119 1287 4202 negotio

148 4197 379 4262 saluberrimae
418 4198 633 4260 admonitioni
665 4199 857 4261 obedienter
890 4209 986 4282 atque
1021 4200 1289 4264 inexcusabiliter

146 4301 272 4365 pareas,
293 4289 325 4344 et
342 4282 477 4349 caeteris
500 4282 533 4344 in
550 4280 694 4368 parendo
714 4282 835 4344 bonurn
858 4285 1043 4370 exemplum
1057 4281 1189 4347 tribuas.
1231 4282 1289 4348 Di·
