2928 4986
173 343 176 358 ‚
268 333 303 390 a,
324 329 412 389 can.
520 323 915 383 aenuusaaacoaun
1019 327 1082 386 saa.
1182 305 1281 383 351'

107 488 201 540 trum
229 473 381 537 adversus
416 468 573 532 Abbatem
614 475 648 529 et
676 469 807 530 Fratres
841 467 987 545 infletur,
1027 478 1063 531 et
1097 489 1164 529 non
1203 490 1258 531 so*

109 563 184 624 lum
197 558 272 635 sibi,
291 555 350 618 sed
369 553 467 616 etiam
488 550 561 612 aliis
575 570 748 634 perversae
766 551 1030 634 transgressionis
1051 552 1153 613 fuerit
1177 550 1260 614 inci·

109 650 303 718 tamentum,
318 647 350 700 et
370 657 436 699 non
452 634 502 697 sui
515 633 647 696 Abbatis
669 633 721 694 vel
737 634 889 694 Fratrum
907 634 1069 696 ‘sustineat
1086 635 1260 698 correctio<

110 748 203 804 nem,
223 725 312 784 hune
331 719 424 782 nobis
449 739 524 780 cum
543 713 752 780 festinatione
767 715 851 778 mitti
879 717 1107 800 praecipimus,
1124 727 1163 780 ut
1182 736 1259 780 eum

111 811 152 870 ln
172 808 271 869 talem
287 804 462 886 dirigamus
479 800 588 862 locum
607 796 696 860 nude
711 797 768 860 ille
784 798 876 862 vobis
892 798 1024 862 minime
1039 799 1140 898 possit
1163 801 1261 886 quic-

108 913 214 974 quam
231 888 352 949 infcrre
377 882 532 947 scandali.
573 883 660 942 Haec
678 881 770 942 vobis
785 881 861 944 ideo
879 881 1021 944 scribere
1038 884 1201 964 iussimus,
1223 893 1263 946 ut

114 991 312 1056 cognoscere
350 965 456 1032 ossitis
472 975 626 1049 quantam
647 983 758 1025 curam
776 986 812 1026 ac
832 964 1090 1029 sollicitudinem
1108 968 1149 1030 de
1167 967 1261 1032 vobis

113 1057 236 1118 habere
253 991 491 1119 desideramus:
514 1047 651 1110 eandem
673 1046 761 1108 enim
789 1048 1040 1110 familiaritatem
1060 1071 1158 1132 quam
1185 1070 1261 1113 cnm

114 1139 189 1224 piae
207 1133 443 1200 recordationis
459 1131 637 1193 Benedicto
652 1128 775 1192 Abbate
794 1141 902 1194 vestro
919 1130 1038 1194 habere
1057 1131 1259 1212 sisimirus,

113 1223 145 1285 si
171 1229 344 1305 praecepta
371 1218 442 1280 eius
456 1269 459 1275 Α
474 1215 666 1277 obedienter
697 1214 859 1276 custodire
888 1213 1069 1294 volueritis,
1094 1216 1268 1280 vobiscum*

116 1303 269 1368 similiter
285 1301 405 1362 habere
424 1299 586 1374 volumus,
597 1306 632 1358 et
649 1318 760 1358 curam
775 1296 874 1360 vestri
891 1296 1058 1382 ipsiusque
1071 1298 1262 1363 monasterii
1297 1288 1302 1310 ‘

115 1389 246 1470 semper
267 1405 370 1466 agere.
412 1383 456 1444 Et
471 1382 547 1463 quia
566 1388 692 1442 constat
711 1401 771 1462 per
796 1379 938 1442 chartam
963 1379 1147 1445 donationis
1164 1399 1261 1467 prae-

117 1471 199 1533 dicti
216 1467 316 1551 patris
340 1465 439 1528 vestri
461 1464 603 1525 cundem
621 1463 852 1526 monasterium
866 1463 1032 1526 Genitoris
1048 1465 1153 1528 nostri
1170 1465 1265 1551 prius

120 1563 155 1614 et
175 1553 283 1614 denuo
304 1557 450 1610 nostrum
468 1567 538 1608 esse
559 1545 699 1623 alodem,
730 1546 867 1614 eandem
887 1545 1054 1610 licentium
1076 1567 1173 1645 quam
1192 1547 1261 1633 ipse

119 1635 210 1719 prius
236 1642 269 1694 et
294 1653 352 1692 uos
376 1630 534 1712 deinceps
558 1648 618 1712 per
642 1637 814 1725 praecepta
834 1628 1044 1691 immunitatis
1068 1631 1130 1692 risi
1152 1647 1263 1694 sumus

118 1715 314 1790 concedere,
334 1712 499 1796 perpetuis
517 1711 714 1792 temporibus
730 1711 865 1775 tirmiter
883 1712 1103 1775 observasset
1122 1712 1261 1777 inviola-

117 1800 234 1861 biliter
247 1817 438 1858 conservare
455 1795 681 1876 promittimus.
704 1795 748 1854 Et
760 1795 1023 1877 quandocunque
1035 1793 1149 1859 diviua
1163 1815 1264 1859 voca-

121 1884 211 1943 tione
229 1879 413 1962 praedictus
429 1877 534 1939 Abbas
556 1878 611 1940 vel
633 1898 835 1940 successores
860 1879 930 1940 eins
953 1879 992 1939 de
1015 1877 1076 1940 hac
1099 1880 1173 1942 luae
1200 1879 1264 1940 mi-

123 1963 300 2048 graverint,
315 1961 463 2043 quandiu
486 1963 573 2022 inter
591 1982 646 2022 vos
667 1961 747 2022 tales
767 1960 915 2022 invenire
933 1962 1116 2043 potueritis,
1142 1959 1265 2047 quiip-

122 2070 190 2110 sam
211 2043 496 2127 congregationem
511 2043 693 2104 seeundum
712 2043 858 2126 regulam
879 2043 990 2106 Sancti
1011 2044 1181 2108 Benedicti
1191 2053 1275 2106 fre-¹

122 2151 199 2214 gere
220 2128 360 2204 valeant,
380 2147 439 2208 per
462 2147 556 2208 saepe
576 2125 726 2209 scriptam
747 2136 779 2186 et
795 2126 975 2188 roboratam
991 2135 1267 2192 nostramaucto·

123 2214 262 2288 ritatem,
280 2209 445 2270 licentiam
460 2209 606 2270 habeatis
623 2229 751 2290 semper
765 2209 908 2292 eligendi
928 2207 1077 2271 Ahbntes.
1107 2211 1267 2293 Optamus

122 2318 181 2358 vos
202 2293 372 2376 pronubis
390 2301 532 2369 orantes,
548 2313 585 2353 ac
602 2300 748 2353 sanctum
773 2290 975 2375 propositum
993 2299 1264 2370 vestrum‘custu·

121 2378 261 2455 dientes,
284 2375 318 2436 in
339 2374 468 2453 Christo
482 2395 610 2458 semper
628 2374 712 2437 bene
728 2373 847 2438 valere.
1165 2397 1166 2404 ¹
1208 2410 1210 2416 ·

322 2554 648 2618 CAPITULARE
687 2555 1065 2635 TRIBURIENSE,

177 2667 313 2736 Datum
340 2689 437 2735 enno
463 2665 602 2736 Christi
626 2663 894 2750 DCCCXXII,
927 2653 1215 2760 adpetitionem

174 2765 441 2860 Episcopornm
466 2767 505 2834 in
532 2763 746 2836 Theodonis
771 2763 869 2881 'villa
893 2776 1214 2860 congregatorum,

538 2887 634 2936 anno
657 2885 858 2958 superiore.

436 3003 611 3045 Purirto
654 3003 954 3045 nrtscorottuu.

129 3075 177 3186 Iu
195 3122 345 3185 Concilio
362 3121 448 3204 apud
462 3119 649 3182 Theodonis
670 3119 793 3198 villam,
809 3119 865 3182 uhi
895 3121 1120 3186 interfuerunt
1132 3127 1267 3191 xxxlt.

127 3207 292 3293 Episcopi,
316 3204 474 3266 Aistnlfus
499 3202 759 3286 Mogontinensis
791 3203 1064 3290 Archicpiscopns
1090 3229 1166 3270 cum
1198 3212 1268 3274 suis

129 3287 362 3374 Suffragrineis;
395 3286 618 3362 Hadabaldus‚
654 3285 861 3348 coloniensis
891 3286 1162 3376 Archiepiscopus
1191 3310 1268 3356 cnm

129 3375 194 3436 suis
209 3369 442 3452 suffraganeis;
465 3369 565 3446 Heni,
583 3367 786 3432 Trevirensis
799 3368 1083 3456 Archiepiscopus,
1105 3395 1180 3435 eum
1201 3377 1268 3441 suis

130 3456 364 3537 suffraganeis;
387 3452 490 3530 Ehbo,
511 3451 679 3513 Remensis
702 3451 974 3536 Archiepiscopus
996 3477 1071 3516 cum
1096 3457 1164 3520 suis
1190 3460 1269 3527 Suf-

129 3537 300 3620 fraganeis‚
321 3558 395 3597 cum
411 3535 535 3602 nuntiis
546 3533 749 3616 reliquorum
757 3533 994 3618 Episcopornm
1002 3538 1127 3601 Galliae
1144 3545 1269 3607 etGer·

130 3620 267 3697 maniae,
295 3620 336 3680 ob
360 3618 492 3678 nimiam
507 3615 804 3699 praesumptionem
825 3620 1039 3700 quorumdam
1058 3631 1271 3706 tyrannorum

130 3704 163 3762 in
180 3701 369 3762 Sacerdotes
388 3701 520 3762 Domini
540 3699 755 3774 haerentium,
777 3707 810 3760 et
829 3711 963 3783 propter
982 3704 1103 3766 factum
1127 3709 1219 3788 quod
1235 3709 1269 3770 in

131 3783 303 3848 Wasconia
323 3784 454 3845 noviter
479 3781 598 3846 accidit
621 3782 660 3844 de
685 3781 847 3865 Episcopo
871 3783 1016 3848 iohanne
1039 3786 1211 3852 inhoneste
1238 3800 1271 3854 et

131 3866 276 3928 inaudite
300 3866 499 3927 mordridato
526 3866 691 3928 decretum
723 3873 782 3941 cst,
807 3873 845 3925 ut
865 3869 1029 3929 communi
1049 3890 1213 3935 consensu
1237 3883 1271 3936 et

130 3949 247 4012 humili
278 3948 451 4009 devotione
489 3947 727 4031 supplicaretur
763 3947 894 4010 auribus
927 3951 1102 4034 Principis,
1138 3954 1165 4017 si
1193 3979 1270 4020 snae

129 4031 240 4118 pietati
265 4031 480 4111 complaceret
502 4041 538 4090 nt
564 4029 727 4091 calumnia
751 4029 784 4090 in
805 4029 925 4092 Christi
944 4035 1136 4098 Sacerdotes
1157 4057 1272 4121 peruc-

131 4123 162 4174 ta
180 4113 270 4174 iuxta
300 4114 468 4194 synodalia
487 4111 762 4175 determinaretur
778 4114 923 4195 pleniter
945 4126 1076 4195 statuta,
1100 4119 1163 4183 hoc
1185 4123 1272 4187 idem

130 4195 364 4278 Episcopornm
394 4196 516 4259 iudicio
531 4197 685 4279 placeret,
719 4195 745 4257 si
767 4217 808 4256 ex
841 4206 908 4260 toto
931 4201 1112 4263 secundum
1131 4215 1272 4286 potesta·

131 4287 194 4341 tem
220 4277 363 4366 ipsorum
379 4288 487 4364 posset
508 4277 650 4359 definiri,
667 4277 701 4341 id
718 4287 776 4357 est,
799 4287 836 4342 ut
855 4282 1011 4350 canonici
1026 4283 1189 4356 feriantur
1202 4309 1274 4359 sen.
