2952 4988
314 353 499 458 acuns
568 359 966 418 ascuurnlnconou
1074 357 1137 420 ua
1221 343 1294 418 275

155 509 269 572 nullus
297 528 348 568 res
373 503 563 581 Ecclesiae,
591 502 626 562 ni
651 502 819 586 precarii,
844 501 1015 586 possideat.
1057 503 1100 565 Et
1125 513 1296 586 postquam

155 596 243 676 ipsae
263 589 428 673 precariae
444 587 553 660 finitae
571 587 712 662 fuerint,
730 580 851 646 faciant
867 585 1065 668 potestative¹
1076 589 1296 670 speculatores

155 669 319 740 Ecclesiae
338 672 448 732 utriam
463 669 644 752 elegerint,
665 677 701 727 nt
718 678 774 728 ant
789 663 873 751 ipsas
887 689 939 730 res
957 668 1136 752 recipiant,
1152 678 1207 728 ant
1221 691 1296 754 pos-

154 759 233 820 teris
247 775 360 818 eorum
376 756 435 816 sub
455 752 602 838 precario
621 761 653 812 et
667 761 768 812 censu
780 749 899 812 habere
913 752 1114 832 permittant;
1131 753 1173 812 ita
1188 761 1296 814 tamen

155 851 191 903 ut
223 840 284 922 ipsi
309 839 456 922 proprias
484 845 516 897 ct
543 835 641 895 utiles
669 855 722 897 res
725 829 868 922 §eisdem
893 833 1069 912 Ecclesiis,
1095 835 1134 895 de
1159 856 1298 917 quarum

154 922 376 992 Ecclesiarum
397 922 468 982 iure
495 940 563 980 esse
590 918 756 994 ridentur,
777 915 928 1000 legaliter
956 917 1094 979 tradant.
1135 918 1178 979 Et
1208 919 1253 980 sic
1280 921 1298 979 a

154 995 347 1069 hectoribus
364 1001 587 1066 Ecclesiarum
600 999 785 1084 precariae,
809 1000 1059 1068 sirenorandae
1083 1009 1175 1079 sunt,
1198 1023 1298 1063 cano-

156 1089 229 1151 nice
244 1096 455 1149 renoventur.
496 1083 654 1146 Novimus
670 1103 752 1164 ergo
774 1083 877 1154 multa
897 1103 997 1166 regna
1013 1092 1045 1143 et
1066 1085 1169 1166 Reges
1185 1105 1299 1146 eorum

156 1171 328 1257 proptereb
339 1169 494 1232 cecidisse
509 1167 586 1250 quia
598 1165 760 1228 Ecclesias
774 1165 1040 1248 expoliaverunt,
1054 1187 1173 1248 resque
1186 1189 1299 1230 earum

155 1262 387 1331 vastaverunt,
429 1251 657 1332 abstulerunt,
691 1248 945 1326 alienaverunt,
982 1249 1034 1310 vel
1070 1248 1299 1334 diripueruntj,

155 1337 389 1421 Episcopisqne
412 1343 445 1396 et
465 1333 714 1409 Sacerdotibus,
744 1340 861 1412 atque,
895 1331 984 1412 quod
1010 1331 1109 1413 magis
1136 1342 1203 1411 est,
1233 1335 1300 1395 Ec·

157 1419 265 1484 clesiis
291 1439 404 1480 corum
429 1416 650 1494 abstulerunt,
687 1423 720 1476 et
750 1413 972 1497 pugnantibus
995 1412 1167 1476 dederunt.
1209 1417 1300 1494 Qua-

157 1512 293 1588 propter
318 1523 381 1562 nec
404 1503 504 1560 fortes
530 1499 564 1558 in
586 1499 676 1563 bello
696 1518 757 1559 nec
774 1495 808 1556 in
826 1496 889 1557 fide
909 1497 1040 1560 stabiles
1056 1497 1207 1577 fuerunt,
1238 1521 1300 1562 nec

158 1587 300 1649 victores
328 1582 529 1655 extiterunt·;
574 1583 631 1644 sed
666 1590 756 1663 terga
789 1579 885 1639 multi
926 1579 1090 1644 vulnerati
1131 1590 1163 1642 et
1188 1583 1300 1664 plnres

159 1666 327 1730 interfecti
346 1673 538 1740 verterunt,
559 1683 726 1747 regnaque
749 1671 782 1722 et
805 1662 981 1744 regiones,
1012 1671 1064 1741 et,
1090 1663 1178 1746 quod
1206 1665 1300 1746 peius

158 1760 235 1826 est,
273 1769 375 1831 regna
408 1745 562 1808 coelestia
598 1745 980 1829 perdiderunt,1atque
1011 1747 1151 1828 propriis
1173 1745 1302 1808 heredi-

155 1832 279 1895 tatibus
298 1838 473 1892 caruerunt
496 1829 697 1890 ethactents
719 1837 841 1888 carent.
885 1831 976 1906 Quae
1001 1829 1108 1889 omnia
1138 1829 1299 1906 vitantes,

160 1938 223 1978 nec
240 1913 317 1974 talia
336 1913 463 1991 lacere,
484 1933 546 1972 nec
561 1909 765 1988 consentire,
784 1932 845 1972 nec
866 1909 1045 1973 infantibus
1064 1921 1120 1972 aut
1132 1934 1301 1978 successo-

160 1999 251 2060 ribus
273 1997 389 2058 nostris
408 1995 593 2078 exemplum
614 1995 690 2056 dare
715 1993 885 2066 volumus,
909 1994 966 2055 sed
984 1996 1142 2076 quantiam
1156 1998 1301 2058 valemus

162 2092 194 2143 et
211 2101 398 2164 possumus,
417 2077 570 2140 adiuncto
585 2077 702 2138 Leonis
718 2078 824 2160 Papae
843 2085 877 2138 et
891 2073 1036 2138 oinnium
1051 2079 1300 2162 Episcoporum,

161 2185 302 2246 quorum
321 2161 458 2224 consilio
481 2160 531 2221 usi
550 2160 613 2222 hoc
634 2159 776 2242 egimus,
798 2159 920 2244 'spiritu
941 2170 1051 2222 nostro
1073 2163 1221 2245 spiritui,
1243 2164 1306 2246 per'
1334 2231 1336 2234 y

159 2250 267 2310 Deum
288 2253 320 2306 et
333 2245 478 2306 omnium
499 2244 693 2304 Sanctorum
716 2241 830 2304 merita
846 2241 1054 2326 prohibemus
1071 2255 1304 2306 contestamur-
1365 2293 1392 2306 .-

161 2351 225 2412 que
247 2350 288 2388 ne
316 2329 393 2402 talia
415 2326 553 2404 faciant,
574 2327 628 2388 vel
653 2327 762 2388 facere
787 2325 973 2387 nolentibus
997 2329 1220 2407 consentiant,
1245 2328 1303 2391 sed

160 2412 323 2472 adiutores
340 2409 597 2492 ,etdefcnsores
624 2418 720 2492 atque
748 2408 973 2470 sublimatores
1001 2411 1241 2490 Ecclesiarurn,
1271 2421 1303 2480 et

161 2503 354 2555 cunctorum
367 2513 536 2555 servorum
552 2491 635 2571 Dei,
655 2515 715 2574 pro
737 2491 859 2556 viribus
879 2493 1042 2571 existant,
1066 2514 1106 2553 ne
1124 2494 1157 2553 in
1173 2496 1302 2558 foveam

84 2611 91 2623 a
123 2599 124 2608 ¹
161 2577 196 2636 in
218 2597 316 2657 quam
332 2574 490 2658 praedicti
511 2576 615 2656 Reges
638 2585 671 2636 et
689 2597 788 2658 regna
808 2575 1017 2654 ceciderunt,
1040 2576 1173 2655 cadant,
1193 2587 1248 2640 aut
1267 2578 1302 2637 in

67 2723 68 2728 ἵ
111 2674 113 2680 ’
160 2657 483 2742 prol'nndum,quod
497 2656 596 2734 absit,
617 2658 740 2720 inferni
760 2657 998 2742 demergantur.
1039 2659 1082 2720 Et
1096 2668 1133 2719 ut
1147 2659 1227 2722 haec
1249 2661 1303 2720 de·

161 2741 269 2804 votibs
282 2741 459 2821 perfutura
468 2749 613 2822 tempora
626 2750 882 2820 conserventur,
897 2741 1134 2824 praecipientes
1153 2743 1302 2804 iubemus

162 2833 198 2884 ut
221 2823 333 2884 nullus
357 2831 421 2882 tam
445 2824 561 2884 nostris
586 2824 683 2904 quam
710 2824 1048 2906 futuris·temporibus
1060 2871 1070 2903 ,
1093 2825 1112 2884 b
1136 2826 1230 2887 nobis
1249 2827 1301 2887 rel

161 2903 400 2970 successorihus
415 2905 547 2983 nostris,
563 2905 632 2965 ullo
651 2928 803 2990 umquam
816 2917 977 2990 tempore,
1001 2909 1122 2990 absque
1142 2929 1303 2970 consensu

162 2989 380 3052 etvoluntate
394 2989 634 3071 Episcoporum'
647 2989 682 3048 in
701 3011 840 3071 quorum
853 2989 1016 3073 parochiis
1028 3011 1096 3052 esse
1111 3000 1301 3067 noscuntur,

161 3094 214 3144 res
233 3069 454 3132 Ecclesiarum
481 3080 592 3154 petere
607 3082 662 3132 aut
680 3072 849 3150 invadere,
870 3073 923 3136 vel
943 3083 1067 3136 vastare
1088 3083 1143 3134 aut
1157 3095 1303 3156 quocun-

163 3177 227 3238 que
245 3153 378 3239 ingenio
399 3155 561 3236 alienare,
579 3165 771 3238 praesumat.
814 3156 911 3234 Quod
931 3155 958 3216 si
981 3157 1055 3239 quis
1079 3157 1215 3234 fecerit,
1238 3166 1303 3216 tam

162 3237 280 3298 uostris
306 3238 404 3320 quim
428 3246 459 3298 et
477 3258 701 3318 successorum
728 3246 911 3299 nostrorum
939 3239 1157 3322 temporibus,
1185 3241 1302 3323 poenis

163 3319 327 3404 sacrilegii
346 3319 529 3398 subiaceat,
558 3329 590 3380 et
612 3321 630 3380 b
651 3321 859 3404 nobis'atqne
879 3322 1149 3384 dsuccessoribus
1165 3331 1301 3400 uostris,

163 3403 346 3485 nostrisque
365 3402 534 3464 lodicibus
555 3403 820 3482 vel'Comitibns,
842 3403 926 3465 sicut
942 3405 1117 3487 sacrilegus
1140 3413 1172 3466 et
1195 3405 1303 3466 homi-

164 3486 236 3546 cida
264 3487 319 3547 vel
347 3487 401 3546 fur
433 3485 609 3569 sacrilegus
639 3487 791 3570 legaliter
818 3486 992 3570 puniatur,
1015 3497 1047 3547 et
1071 3489 1110 3550 ab
1133 3488 1303 3572 Episcopis

165 3567 282 3628 nostris
306 3568 614 3647 anathematizetur,
639 3563 683 3629 ita
711 3578 747 3630 ut
775 3580 920 3630 mortuus
951 3570 1046 3630 etiam
1070 3572 1237 3654 sepultura
1270 3581 1303 3632 et

164 3651 360 3712 cunctisDei
371 3651 537 3712 Ecclesiae
554 3651 704 3735 precibus
719 3661 751 3714 et
768 3652 986 3714 oblationibus
1000 3664 1123 3731 careat,
1142 3676 1204 3716 nee
1219 3652 1305 3715 elee-

104 3725 110 3740 “
163 3753 453 3816 mosynam-suam
481 3734 652 3818 quisquam
681 3736 827 3820 recipiat.
869 3736 967 3814 Qubd
996 3746 1104 3798 autern
1129 3738 1305 3798 maximum

163 3815 371 3898 sacrilegium
389 3817 430 3879 sit
449 3837 501 3877 res
521 3817 686 3879 Ecclesiae
705 3821 851 3895 anferre,
872 3817 1046 3901 invadere,
1061 3820 1224 3900 alienare,
1238 3843 1306 3883 ras·
1322 3825 1328 3833 '

163 3908 250 3977 tare,
266 3899 318 3958 vel
332 3899 477 3983 subripi,
500 3901 637 3962 maxime
654 3923 765 3964 omnes
784 3901 961 3985 scripturae
980 3902 1111 3964 divinae
1129 3913 1303 3977 testantur;

112 4035 116 4039 Δ
163 3991 195 4042 et
212 3981 324 4060 beatus
342 3983 549 4066 Symmachus
564 3985 652 4066 Papa
665 3983 813 4067 synodali
831 3985 989 4046 sententiat
1005 3993 1139 4048 cunctos
1155 3987 1306 4052 feriendo
1367 4056 1370 4062 ,
1396 3995 1398 3998 '

164 4063 265 4124 dicit:
288 4065 437 4147 Iniquum
457 4077 522 4136 est,
542 4065 667 4148 inquit,
683 4079 715 4142 et
736 4068 895 4146 sacrilegii
911 4069 1013 4128 z'nstar
1031 4081 1065 4128 ut
1083 4090 1162 4153 qaae
1175 4071 1230 4129 vel
1243 4090 1304 4152 pro
1342 4116 1348 4123 .

114 4164 117 4167 ·
163 4147 263 4206 salute
274 4148 328 4206 vel
339 4167 401 4230 pro
414 4148 522 4230 requie
538 4151 715 4208 animarum
729 4150 938 4232 zana.squisque
954 4151 1132 4212 venerabili
1142 4151 1304 4214 Ecclesiae

160 4249 336 4314 pauperum
355 4225 450 4290 carisii
472 4231 642 4290 contralerit
651 4277 663 4304 ,
682 4244 737 4290 nat
760 4231 843 4292 certe
864 4232 1049 4316 reliquerit,
1069 4235 1108 4295 ab
1128 4236 1176 4294 his
1194 4236 1307 4319 quibas

164 4309 302 4372 maxime
328 4325 699 4398 servareaconaenerat,
725 4315 849 4397 artferri
876 4327 929 4374 aut
953 4319 986 4376 in
1012 4317 1105 4377 aliud
1127 4318 1306 4401 transferri.
