2958 4986
337 310 373 366 a.
393 311 481 372 cea.
587 317 725 380 uacua
743 295 983 388 rarucoauu
1088 339 1150 398 aaa.
1246 329 1317 407 tas

172 453 412 530 successoribus
432 460 551 521 nostris
575 461 762 546 exemplum
783 466 860 530 dare
881 472 1030 540 volumus
1042 523 1056 558 ,-
1080 484 1137 548 aad
1153 493 1316 570 'quantiam
1341 547 1344 554 .

171 536 319 610 ¹valemus
348 549 381 600 et
407 562 600 624 possumus,
644 547 797 610 adiuncto
824 553 958 618 Leonis
972 563 1078 647 Papae
1107 576 1141 628 et
1169 579 1317 652 omnium

169 619 417 718 Episcoporum,
440 645 580 708 quorum
598 631 735 702 consilio
748 632 799 694 asi
820 633 883 698 hoc
904 641 1047 725 egimus,
1070 655 1186 735 spiritu
1203 671 1316 726 nostro

170 702 299 785 spiriti„
321 727 445 788 eorum,
466 731 526 792 per
546 714 653 775 Deum
671 725 704 776 et
723 717 869 780 omnium
892 723 1084 793 Sanctorum
1100 739 1216 802 'merita
1235 760 1315 828 pro-
1377 788 1379 792 ·

168 784 320 860 hibernus
338 801 622 876 contestamurque
646 817 687 860 ne
704 800 782 862 talia
800 803 940 886 iaciamt,
971 811 1024 895 rel
1045 817 1153 882 faeere
1175 826 1316 891 volenti·

168 868 231 930 bus
251 875 468 954 consentiant,
490 875 547 952 sed
565 879 778 948 adiutores'et
796 885 983 954 defensores
1000 908 1098 980 atque
1122 907 1315 974 sublimato—

168 973 222 1014 res
241 952 461 1026 Ecclesiarum
479 969 511 1019 et
533 972 726 1038 cunctorum
746 989 911 1032 servorum
932 975 994 1040 Dei
1011 1003 1071 1063 pro
1087 986 1210 1053 viribus
1232 996 1316 1063 exis·

168 1045 252 1114 tant,
274 1031 316 1097 na
337 1039 370 1098 in
388 1042 518 1104 foveam
535 1045 568 1104 in
587 1067 684 1128 quam
705 1051 863 1131 praedicti
884 1057 987 1140 Reges
1003 1075 1035 1124 et
1054 1067 1165 1151 Regna
1189 1077 1315 1142 cecide·

168 1128 258 1196 runt,
279 1121 407 1203 cadant,
433 1133 488 1186 aut
513 1125 779 1211 inprofundum,
801 1138 890 1216 quod
910 1141 1007 1222 absit,
1037 1147 1159 1214 inferni
1184 1157 1313 1223 demer-

169 1211 298 1284 gantur.
339 1205 383 1266 Et
402 1215 439 1268 ut
456 1208 538 1270 haec
558 1211 717 1276 devotius
730 1238 790 1298 per
815 1220 926 1282 sutura
945 1235 1090 1312 tempora
1114 1251 1313 1316 conserven-

169 1295 237 1364 tur,
258 1289 499 1371 praecipientes
520 1293 667 1357 iubemus
684 1301 858 1380 utnullus,
881 1315 946 1367 tarn
965 1315 1081 1377 nostris
1103 1323 1201 1401 quim
1219 1329 1313 1389 futu·

167 1367 213 1430 ris
232 1373 441 1454 temporibus,
464 1375 590 1439 anobis
609 1379 662 1440 vel
677 1385 915 1465 successorihus
935 1397 1064 1476 nostris,
1082 1401 1152 1466 ullo
1166 1429 1312 1492 unquam

111 1517 113 1522 Α
167 1461 327 1535 tempore,
354 1455 475 1538 absque
496 1481 657 1524 consensu
678 1473 712 1526 et
726 1466 892 1530 voluntate
911 1473 1148 1566 Episcoporum
1170 1490 1204 1552 in
1226 1516 1312 1576 quo-

164 1556 240 1596 rum
258 1537 419 1618 parochiis
436 1561 503 1606 esse
523 1552 714 1625 noscuntur,
740 1569 792 1610 res
808 1552 1027 1622 Ecclesiarum
1047 1575 1157 1646 petere
1183 1585 1240 1636 aut
1262 1577 1312 1638 in·

163 1618 293 1697 vadere,
320 1622 372 1681 rel
393 1633 516 1686 vastare
541 1636 596 1687 aut
615 1650 813 1715 quocunque
837 1635 969 1720 ingenio
991 1645 1146 1731 alienare,
1176 1671 1311 1740 praesu-

163 1709 239 1764 mat.
282 1704 380 1780 Quod
399 1706 424 1766 si
445 1708 518 1790 quis
538 1711 671 1791 fecerit,
702 1721 901 1783 tamnostris
922 1728 1018 1804 quim
1039 1741 1310 1805 etsuccessorum

163 1787 348 1846 nostrorum
370 1791 584 1872 ternporibuS,
607 1796 720 1876 poenis
741 1801 903 1886 sacrilegii
924 1809 1104 1894 subiaceat,
1125 1824 1192 1884 eta
1214 1828 1309 1904 nohis

162 1877 260 1950 atque
285 1874 525 1941 successorihus
548 1879 897 1967 nostris,'nostrisque
917 1889 1083 1958 ludicihus
1102 1904 1156 1964 vel
1175 1909 1310 1972 Comiti-

160 1949 241 2027 hus,
274 1951 359 2012 siout
380 1957 555 2039 sacrilegus
577 1968 611 2020 et
629 1960 791 2026 homicida
814 1969 865 2034 rel
885 1972 940 2032 fur
960 1979 1135 2064 sacrilegus
1156 1988 1309 2072 legaliter

159 2033 324 2115 puniatur,
343 2045 376 2096 et
396 2039 434 2099 ab
456 2039 624 2126 Episcopis
645 2047 771 2126 nostris·
784 2051 1085 2142 anathematizetur,
1109 2067 1152 2128 ita
1170 2083 1207 2132 ut
1224 2095 1308 2138 mot*-

159 2125 238 2177 tuus
270 2117 366 2178 etiam
389 2122 558 2204 sepulturi
584 2134 619 2186 et
648 2130 775 2192 cunctis
800 2135 863 2212 Dei
891 2139 1059 2207 Ecclesiae
1091 2155 1243 2231 precibus
1273 2167 1307 2221 et

161 2200 383 2264 oblationibus
404 2201 521 2285 careat,
544 2229 606 2269 nec
625 2211 863 2298 eleemosynam
876 2243 964 2282 suam
980 2229 1140 2312 quispiam
1157 2241 1305 2324 recipiat.

160 2284 259 2359 Quod
284 2295 392 2347 autem
417 2289 592 2351 maximum
616 2295 823 2378 saerilegium
845 2303 887 2362 sit
904 2327 956 2368 res
976 2311 1144 2378 Ecclesiae
1161 2327 1303 2401 auferre,

147 2365 315 2445 alienare,
338 2379 475 2448 vastare,
496 2375 548 2434 vel
567 2377 708 2455 subripi,
731 2383 870 2446 maxime
890 2409 1002 2454 omnes
1021 2397 1199 2479 scripturae
1216 2409 1305 2471 diri-

118 2477 121 2483 ·
161 2469 222 2509 nae
242 2458 413 2514 testantur.
455 2456 499 2516 Et
521 2457 633 2542 beatus
651 2464 861 2545 Symmachus
886 2473 973 2556 Papa
998 2483 1144 2561 synodali
1169 2501 1304 2552 senten-

158 2531 204 2592 tia
226 2541 360 2596 cunctos
383 2537 534 2608 feriendo
554 2541 656 2604 dicit:
677 2547 827 2627 Iniquum
844 2566 911 2627 est,
946 2557 1072 2640 inquit,
1098 2579 1130 2626 et
1144 2575 1305 2656 sacrilegii

156 2616 260 2676 instar
277 2631 311 2677 at
324 2639 411 2703 ¹quae
433 2621 487 2682 nel
504 2643 566 2704 pro
586 2627 757 2688 salutaret
775 2647 836 2715 pro
853 2640 961 2720 requie
979 2647 1154 2710 aru'marum
1174 2677 1311 2740 suarium,

155 2703 369 2784 unnsquisque
396 2705 575 2766 venerabili
595 2707 759 2772 Ecclesiae
790 2737 968 2802 pauperum
994 2725 1091 2788 causei
1116 2739 1299 2814 contulerit,

155 2792 211 2839 aut
227 2781 311 2841 certi
327 2785 511 2866 reliquerit,
536 2792 586 2852 ¹ab
602 2794 650 2850 bis
666 2794 778 2874 petibus
799 2802 938 2862 marrim&
953 2814 1080 2870 servari
1097 2835 1299 2897 convenerat,

154 2861 278 2942 austerri
297 2878 350 2924 ortt
371 2869 405 2927 iu
418 2870 510 2952 ah'ud
526 2873 705 2954 transferri.
746 2879 788 2939 Et
806 2885 908 2946 multa
921 2898 1106 2956 sanctorum
1127 2901 1299 2970 Canonum

155 2943 287 3006 decreta
311 2957 344 3008 et
367 2960 552 3013 sanctorum
576 2956 711 3033 Patrum
739 2963 843 3024 edicta
870 2966 951 3030 haee
980 2975 1095 3038 'eadem
1124 2989 1298 3072 testantur,
1336 3065 1337 3068 Ἴ

152 3048 236 3108 quae
260 3031 397 3092 scrutari
417 3043 451 3100 et
472 3037 555 3098 scire
580 3041 788 3141 cupientibus
802 3051 958 3130 perfacile
975 3066 1098 3148 patent.

151 3155 202 3216 De
225 3134 394 3226 sceleribus
415 3163 565 3246 nefandis
589 3170 631 3310 op
654 3191 733 3254 qnae
751 3195 848 3254 regna
865 3199 1017 3266 percussa
1037 3207 1129 3268 aaut,
1161 3181 1299 3286 alponi-

597 3263 610 3311 t
633 3270 843 3322 scaoeantur.
1067 3279 1068 3284 ’

233 3355 448 3424 Prohibemus
465 3363 598 3426 omnino
616 3367 676 3428 suh
695 3391 802 3452 poena
823 3377 986 3463 sacrilegii
1013 3395 1212 3470 generaliter
1225 3414 1297 3464 om*
1338 3467 1342 3476 ,

152 3436 248 3498 nibus
270 3451 462 3504 cunctarum
481 3445 704 3510 Ecclesiarum
717 3461 831 3515 'rerum
854 3459 1058 3550 invasiones,
1089 3482 1295 3567 vastationes,

151 3519 377 3603 alienationes,
404 3529 680 3615 sacerdotumque
702 3545 735 3596 et
754 3539 957 3622 reliquorum
974 3573 1142 3620 servorum
1157 3563 1221 3624 Dei
1237 3583 1298 3652 ‘op‘-

118 3609 120 3614 '
150 3603 351 3684 pressiones,
381 3611 586 3692 vexationes,
622 3625 719 3699 atque
745 3634 938 3688 cunctorum
961 3653 1117 3714 generum
1147 3645 1296 3730 iniurias,

152 3705 283 3746 necnon
304 3699 338 3749 et
357 3693 484 3754 cunctis
506 3698 676 3780 utriusque
699 3703 795 3764 seriis
818 3705 1014 3794 hominibus,
1035 3721 1208 3808 adulteria,
1229 3735 1297 3794 ior·

151 3765 344 3851 nicationes,
372 3775 644 3862 sodomiticasque
662 3783 827 3866 luxurias,
853 3800 950 3874 atque
968 3798 1090 3864 incesta
1105 3801 1156 3870 vel
1176 3826 1317 3888 cuneta·
1340 3814 1342 3819 ’

151 3843 277 3910 inlicita
297 3856 461 3939 coniugia,
476 3859 653 3924 homicidia
673 3866 805 3946 iniusta,
824 3875 979 3958 periuria,
996 3883 1074 3948 falsa
1097 3892 1291 3960 testimonia

151 3939 185 3992 et
204 3937 310 3996 omnia
327 3938 465 4019 inlicita,
488 3966 547 4025 pro
568 3946 686 4028 quihus
701 3971 766 4012 non
784 3955 890 4016 solium
907 3981 1007 4042 regna
1023 3970 1075 4032 vel
1091 3973 1213 4059 Reges,
1238 3993 1281 4042 se¹

149 4013 247 4076 etiam
264 4017 413 4084 homines
434 4023 468 4084 in
493 4027 539 4089 eis
561 4043 817 4114 commanentes,
838 4041 944 4113 perire
965 4047 1186 4131 eognovimus.
1210 4063 1296 4135 ,Sed

149 4097 238 4176 quia,
264 4103 334 4164 Deo
351 4106 545 4187 ausiliante,
567 4126 626 4194 per
644 4115 760 4176 merita
783 4127 816 4178 et
834 4119 1084 4198 intercessiones
1100 4142 1296 4213 Sanctorum

126 4185 128 4188 ’
144 4199 380 4266 servorumque
395 4189 468 4268 Dei,
486 4211 566 4272 quos
579 4193 752 4258 sublimare
767 4208 800 4260 et
817 4200 978 4274 honorare
994 4217 1295 4312 curarimus'atquie
1338 4289 1340 4295 ,

149 4281 309 4347 curamus,
335 4269 494 4336 hactenus
509 4279 571 4338 nos
583 4286 616 4339 et
637 4299 836 4348 successores
853 4293 955 4354 nostri
974 4315 1129 4386 regnaut
1143 4311 1297 4396 regiones
