2928 4986
190 263 266 344 368
435 285 469 342 n
489 283 577 344 cns.
622 340 631 349 ,
682 285 939 344 cernunsnre
1043 283 1107 348 sao

189 438 295 516 partes
312 423 507 510 dirigantur,
532 433 567 490 et
588 423 652 488 boc
672 448 731 490 nos
752 435 897 512 tempore
921 447 1070 510 congruo
1089 426 1174 490 scire
1197 423 1365 510 permit·

188 513 269 584 titre
292 519 326 575 et
346 529 414 570 non
435 509 542 572 solnm
556 508 633 590 hoc,
649 508 819 574 sedetiam
835 510 863 573 si
877 509 956 572 ituri
971 520 1057 590 sunt,
1074 510 1131 572 nbi
1151 519 1184 572 et
1202 507 1362 592 qnando

186 617 266 678 cnm
286 590 402 658 vestris
422 591 529 656 Missis
552 613 586 654 sc
614 592 750 674 iungere
771 592 920 654 debeant.
960 594 1034 654 Non
1065 593 1141 654 ideo
1162 601 1277 655 tamen
1304 589 1361 652 de

189 675 295 742 Missis
315 673 434 742 nostris
453 676 535 738 illuc
548 673 726 758 dirigendis
742 673 977 760 interrogamus
995 675 1088 818 sponsi
1115 672 1361 736 necessarium

190 759 285 822 nobis
300 758 459 838 rideatur,
479 766 535 820 ant
550 777 608 820 nos
627 765 749 821 vestros
771 757 885 822 Missos
905 757 990 820 bane
1018 757 1200 841 egestionem
1226 777 1295 841 per
1311 776 1358 817 se

190 842 349 928 perlicere
372 841 557 904 dubitemus
568 865 576 913 ς
604 839 662 904 sed
676 840 785 922 potins
799 851 932 924 propter
952 839 1016 902 hoe
1038 862 1093 904 eos
1112 837 1205 903 vobis
1224 837 1359 902 offeri-

190 947 263 988 mus
283 933 320 988 ut
335 923 442 986 scietis
459 945 517 986 nos
533 923 568 984 in
585 923 733 986 omnibus
755 943 823 986 esse
838 931 964 1007 paratos
989 943 1072 1006 qnae
1101 922 1201 984 buius
1228 943 1357 985 saera-

192 1009 334 1073 tissimae
352 1005 447 1070 Sedis
464 1005 637 1070 necessitas
659 1015 716 1067 ant
732 1005 882 1070 volontas
905 1005 1126 1090 postulaverit
1177 1005 1353 1088 Optamus

191 1101 335 1156 sancum
350 1099 383 1150 et
399 1089 620 1154 venerabilem
641 1109 678 1150 ae
699 1088 786 1172 piam
807 1089 1034 1174 paternitatem
1054 1099 1193 1152 vestram
1208 1107 1354 1170 semper

194 1173 230 1237 in
246 1172 377 1237 Christo
388 1171 473 1236 bene
490 1171 612 1250 valere,
627 1180 661 1234 et
681 1173 783 1234 nostri
802 1193 839 1235 eo
855 1181 1043 1236 nostrornm
1058 1171 1204 1234 omnium
1225 1171 1259 1232 in
1287 1192 1351 1232 sa·-

192 1255 368 1322 erosanctis
393 1253 595 1319 orationibus
620 1253 828 1336 meminisse,
856 1254 1055 1319 sanctissime
1087 1275 1125 1316 ac
1152 1253 1349 1318 beatissime

191 1341 301 1406 Pater.

426 1517 764 1582 SACRAMENTALE
804 1517 1102 1582 PROMISSIONIS

195 1629 306 1724 Quod
333 1629 465 1701 Clerus
496 1639 535 1698 et
559 1627 721 1722 Populus
746 1628 933 1699 Romanus
957 1628 1127 1700 fecerunt
1146 1628 1346 1704 Lndorico

265 1727 357 1820 Pio,
384 1727 626 1820 imperatori,
654 1739 693 1798 et
716 1727 897 1798 Lothario
930 1726 1007 1798 filio
1041 1734 1143 1819 eius,
1168 1752 1265 1799 anno

400 1826 689 1917 Dcccxxlv,
715 1837 907 1922 praesente
932 1827 1124 1900 Lotbnrio.

195 1948 367 2067 Promitto
384 2023 445 2086 ego
469 2003 526 2066 ille
547 2023 607 2088 per
628 2005 734 2066 Deum
756 2003 1025 2086 omnipotentem,
1042 2014 1075 2066 et
1092 2027 1151 2102 per
1173 2005 1232 2069 ista
1250 2027 1340 2068 saera

194 2097 337 2172 quatuor
356 2086 539 2170 evangelia,
566 2094 602 2148 et
622 2107 682 2168 per
700 2086 785 2147 banc
814 2107 945 2150 crucem
971 2087 1107 2149 Domini
1138 2089 1242 2152 nostri
1266 2090 1338 2151 lesn

195 2169 328 2248 Christi,
349 2179 382 2232 et
400 2190 460 2254 per
478 2189 595 2252 corpus
608 2169 783 2232 beatissimi
802 2170 893 2232 Petri
908 2170 1071 2254 Principis
1094 2170 1334 2252 Apostolorum,

199 2252 289 2337 qnod
301 2252 341 2314 ab
354 2251 415 2316 bac
435 2251 488 2314 ‹lie
502 2251 536 2312 in
552 2253 700 2314 futurum
713 2251 818 2313 fidelis
834 2273 891 2314 ero
906 2253 1053 2316 Dominis
1070 2253 1188 2314 nostris
1201 2255 1340 2336 Impera·

194 2335 319 2400 toribus
334 2334 541 2398 lilnilouvieo
562 2342 593 2396 et
614 2335 782 2396 Hlotbario
795 2335 910 2396 diebus
929 2335 1014 2397 vitae
1030 2358 1132 2414 meae,
1148 2335 1240 2400 iuxta
1255 2337 1337 2400 vires

195 2429 227 2482 et
243 2417 448 2494 intellectum
467 2438 586 2492 meum,
612 2417 682 2478 sine
705 2417 820 2478 frande
846 2427 943 2499 atque
969 2420 1054 2481 melo
1076 2417 1223 2502 ingenio,
1252 2420 1338 2482 salvs

194 2502 258 2564 liele
276 2521 374 2582 qnam
390 2499 558 2583 repromisi
573 2499 715 2562 Domino
733 2500 932 2582 Apostolico,
948 2511 981 2562 et
1002 2502 1091 2584 quod
1114 2523 1179 2564 non
1198 2522 1339 2564 consen·

194 2585 271 2646 tiam
290 2591 327 2643 nt
342 2583 439 2644 aliter
461 2583 495 2644 in
515 2581 576 2645 hnc
597 2581 682 2646 Sede
695 2585 838 2644 Romana
861 2583 916 2646 fiat
940 2584 1058 2648 electio
1081 2583 1252 2648 Pontificis
1275 2584 1340 2648 nisi

195 2665 352 2730 canonice
373 2675 406 2727 et
422 2665 518 2742 iuste,
544 2663 725 2728 secundnm
750 2665 837 2727 vires
858 2675 891 2727 et
916 2666 1121 2730 intellectum
1146 2688 1269 2738 meum;
1306 2675 1340 2730 et

195 2751 253 2814 ille
268 2749 326 2832 qui
360 2747 482 2812 electus
501 2749 612 2826 luerit,
628 2769 680 2809 me
702 2747 926 2810 consentiente
956 2760 1161 2814 consecratus
1181 2749 1338 2812 Pontifex

195 2853 263 2896 non
281 2831 337 2894 fiat
351 2831 539 2917 prinsquam
556 2831 620 2892 tale
641 2839 875 2894 sacramentum
891 2832 987 2896 faciat
1001 2834 1035 2894 in
1049 2831 1230 2917 praesentia
1248 2831 1338 2894 Missi

193 2913 327 2979 Domini
343 2913 547 2996 Imperatoris
563 2921 597 2974 et
610 2913 741 2996 Populi,
758 2935 832 2976 eum
849 2914 1031 2978 iuramento
1059 2917 1155 2999 quaele
1174 2915 1337 2978 Dominus

194 2996 363 3082 Eugenius
385 2997 472 3081 Papa
486 3003 602 3082 sponte
623 3018 683 3080 pro
699 2996 946 3062 conservatione
967 2998 1113 3062 omnium
1131 2999 1256 3060 factum
1277 2998 1336 3060 ha-

193 3081 327 3164 betper
344 3079 511 3166 scriptum.

201 3316 205 3322 .
405 3257 673 3324 cinnomus
723 3257 1132 3338 nonnunnnmnsn,

197 3371 350 3458 Datum,
378 3377 420 3440 ut
443 3370 654 3440 coniectura
679 3380 747 3460 est,
775 3389 872 3438 anno
898 3367 1037 3440 Christi
1054 3367 1335 3448 Dcccxxvt.

202 3491 380 3587 Capitale
402 3491 548 3564 Domni
573 3491 810 3574 Hbsdouviei
841 3491 882 3562 in
905 3490 1154 3586 Ingilenheim
1179 3505 1334 3586 aposto-

196 3593 274 3669 lictl
296 3592 534 3674 auctoritate,
562 3589 599 3662 el
622 3591 806 3685 Synodnli
829 3591 1036 3680 sanctione,
1065 3593 1229 3661 omnium
1258 3591 1334 3663 cte·

221 3687 390 3765 riserunt
420 3713 469 3762 oe
500 3689 711 3764 Laioorum
739 3689 969 3786 generaliter
994 3713 1176 3764 consensu
1201 3702 1312 3784 atque

582 3791 759 3880 hortatu,
795 3787 956 3860 decreta.

380 3913 437 3978 De
458 3902 507 3972 lais
529 3913 585 3993 qni
605 3911 735 3996 rupinus
764 3907 853 3991 infrn
873 3927 1002 3990 regnum
1015 3907 1152 3990 faciunt.

239 4027 268 4091 Ῐ·
295 3992 345 4112 Si
359 4051 433 4138 quis
447 4049 840 4134 infraregnnmrapinam
858 4048 985 4128 fecerit,
1003 4058 1058 4110 aut
1087 4049 1241 4133 cuiqnam
1267 4073 1335 4117 nos·

198 4145 249 4198 tro
269 4133 358 4197 fideli
374 4135 510 4218 eiusque
534 4133 661 4195 homini
687 4131 815 4216 aliquid
843 4131 875 4196 vi
897 4131 1078 4210 abstulerit,
1107 4133 1142 4194 in
1160 4131 1259 4218 triplo
1282 4135 1334 4198 cai

139 4293 141 4298 ¹
199 4217 323 4306 aliquid
340 4215 510 4286 abstulerit
525 4216 655 4306 ¹legibus
675 4224 857 4307 componat,
886 4224 918 4309 et
945 4215 1080 4306 insuper
1096 4215 1242 4282 bannum
1267 4239 1336 4286 nos·
