2928 4986
273 327 306 382 A.
328 324 414 380 can.
523 319 917 376 arcunannncoaun
1024 317 1084 378 sm.
1187 301 1257 374 305

114 481 192 532 tuor
208 478 262 528 aut
278 468 424 550 quinque
447 462 592 523 millibus
611 461 769 538 habitant,
795 483 884 522 more
911 459 1008 522 solito
1031 460 1071 520 ad
1094 460 1259 545 accipien-

116 555 195 614 dum
213 551 352 613 chrisma
378 569 437 631 per
457 567 490 608 se
508 545 667 606 venienti·
694 545 850 606 Discendi
871 565 947 606 vero
976 543 1076 626 grati-i
1098 543 1173 622 alio,
1193 565 1259 604 non

116 633 399 716 Quadragesimae,
416 640 561 711 tempore
577 629 617 688 ad
640 627 788 688 civitates
809 637 1043 690 convocentur.

242 740 292 798 De
311 734 551 819 praedicatione
574 745 604 792 et
625 730 866 816 confirmatione
893 731 1135 816 Episcoporum.

198 841 286 904 XIX.
326 840 374 901 Ne
389 833 468 902 vero
490 836 642 920 Episcopi
665 837 834 897 occasione
862 839 1072 918 praedicandi
1103 849 1159 900 aut
1181 861 1261 901 con-

116 925 267 987 firmandi
281 923 375 984 oneri
395 929 502 982 essent
518 920 693 1003 populis,aI
718 919 811 980 nobis
835 922 992 981 admoniti
1022 923 1160 1004 polliciti
1186 931 1263 983 sunt

116 1031 150 1072 se
167 1008 320 1090 deinceps
335 1005 397 1066 hoc
411 1024 523 1066 cavere
539 1003 637 1079 velle,
656 1011 688 1063 et
708 1024 746 1062 eo
763 1013 906 1084 tempore
923 1025 1017 1064 suum
1033 1004 1262 1082 ministerium,

117 1094 154 1152 in
182 1099 342 1173 quantum
370 1088 507 1148 facultas
539 1086 684 1162 dabatur,
714 1086 834 1166 exequi
857 1107 922 1168 quo
953 1108 1066 1147 eorum
1090 1088 1262 1169 profectio,

117 1183 276 1258 quantum
297 1171 414 1232 inillis
435 1179 513 1248 erat,
543 1168 594 1228 his
617 1169 735 1250 quibus
752 1168 903 1250 prodesse
922 1179 1057 1253 possunt
1078 1180 1109 1230 et
1131 1171 1262 1248 debent,

117 1279 183 1319 non
199 1256 240 1318 sit
256 1255 441 1338 importuna
466 1252 518 1314 vel
538 1273 683 1312 onerosa.
703 1327 707 1336 Ι

319 1365 375 1424 De
394 1360 506 1444 pueris
521 1357 706 1429 tondendis,
728 1370 758 1418 et
775 1359 892 1441 puellis
906 1360 1063 1420 celandis.

200 1471 272 1532 XX.
314 1469 361 1529 Ne
404 1466 477 1526 ueri
494 1487 570 1527 vero
586 1465 655 1526 ‘sine
674 1465 841 1526 voluntate
856 1477 1028 1548 parentum
1042 1474 1263 1543 tonsorentur,

119 1553 173 1618 vel
190 1552 320 1636 puellae
340 1491 502 1626 velentur,
519 1548 622 1609 modis
645 1549 795 1608 omnibus
808 1549 983 1610 inhibitum
999 1556 1045 1611 est
1052 1575 1059 1621 ;
1076 1559 1107 1610 et
1129 1549 1186 1630 qui
1201 1548 1265 1610 hoc

120 1639 230 1698 iacere
250 1632 439 1709 tentaverit,
458 1632 593 1691 multam
609 1652 691 1712 quae
714 1631 748 1690 in
770 1632 928 1714 Capitulis
944 1634 1027 1715 legis
1045 1634 1228 1694 mundanae
1247 1632 1266 1691 d

121 1718 215 1781 nohis
230 1714 413 1778 constitutis
430 1714 632 1790 continetur,
648 1714 836 1797 persolvere
856 1726 998 1798 cogatur.

411 1823 467 1884 De
481 1821 616 1903 feminis
643 1822 732 1880 uiros
754 1823 977 1884 amittentibus.

206 1931 296 1994 XXI.
338 1932 387 1992 De
404 1927 534 1990 feminis
549 1948 632 2008 quae
652 1927 738 1988 viros
752 1927 915 2008 amittunt,
933 1929 1040 2012 placet
1067 1951 1158 1992 nese
1180 1930 1267 1992 sicut

123 2019 280 2080 hactenus
296 2013 470 2074 indiscrete
487 2009 609 2086 velent,
627 2009 684 2071 sed
698 2017 734 2068 ut
750 2010 882 2092 triginta
906 2013 975 2072 dies
1003 2023 1075 2094 post
1099 2013 1267 2075 decessum

124 2099 188 2162 viri
218 2099 269 2159 sui
296 2103 480 2179 expectent,
508 2101 635 2175 etpost
663 2091 863 2154 tricesimum
887 2095 973 2154 diem
1000 2117 1060 2177 per
1093 2085 1267 2159 consilium

124 2179 278 2264 Episcopi
295 2179 358 2256 sui,
374 2179 427 2241 vel
446 2177 473 2238 si
496 2175 676 2258 Episcopus
697 2176 810 2238 absens
830 2177 942 2254 fuerit,
967 2178 1104 2239 consilio
1128 2179 1270 2240 aliorum

130 2264 360 2346 religiosorum
374 2260 595 2336 Sacerdotem,
616 2279 817 2340 suorumque
834 2269 1006 2342 parentum
1032 2271 1127 2343 atque
1146 2261 1267 2326 amieo-

123 2369 207 2425 rum,
231 2347 265 2406 id
281 2344 370 2426 quod
385 2343 506 2425 eligere
527 2341 648 2404 dehent
668 2341 801 2422 eligant.
822 2344 866 2406 Et
881 2342 991 2424 quial
1011 2365 1100 2404 sacro
1120 2367 1267 2408 conven-

123 2437 162 2490 tu
179 2429 282 2512 rogati
296 2437 332 2488 ut
346 2425 381 2485 hi
398 2427 456 2508 qui
470 2425 633 2509 publicam
647 2425 1062 2508 gerebantpoenitentiam,
1081 2437 1112 2487 et
1127 2427 1266 2489 feminae

124 2534 208 2594 quae
224 2511 311 2576 viros
324 2509 524 2586 amittebant,
540 2509 646 2568 nostrl
662 2509 853 2570 auctoritate
872 2509 976 2568 donec
995 2509 1180 2570 deliberent
1188 2513 1269 2593 quid

125 2604 231 2676 agant,
253 2602 434 2669 tuerentur,
456 2591 641 2675 specialiter
667 2613 726 2674 pro
756 2589 808 2651 his
838 2591 988 2674 Capitula
1019 2592 1092 2655 fieri
1122 2602 1154 2654 et
1187 2595 1268 2678 legis

126 2677 309 2738 mundanae
329 2675 487 2758 Capitulis
512 2673 683 2735 inserenda
698 2673 911 2735 decrevimus.

372 2782 421 2841 De
444 2782 558 2866 raptis,
582 2779 674 2840 etde
697 2801 803 2840 earum
826 2783 1016 2864 raptoribus.

207 2889 311 2952 XXII.
331 2889 381 2950 De
395 2889 493 2972 raptis
511 2909 589 2950 vero
608 2897 640 2975 et
656 2888 696 2949 de
712 2887 905 2972 raptoribus,
916 2910 1111 2973 quamquam
1124 2893 1257 2975 speciali

125 2985 176 3038 ter
194 2971 449 3034 decrevissemus
467 2972 547 3052 quid
562 2972 629 3054 pati
647 2971 786 3032 debeant
811 2972 867 3053 qui
882 2973 944 3033 hoc
962 2975 1051 3034 nefas
1074 2973 1182 3035 facere
1201 2985 1270 3035 ten-

125 3057 277 3133 taverint,
298 3053 501 3137 quidtamen
521 3053 688 3136 superbis
708 3055 789 3116 sacri
813 3076 953 3126 canones
976 3057 1188 3138 praecipiant,
1215 3057 1269 3118 hie

126 3139 340 3202 inserendum
372 3137 592 3199 necessarium
615 3137 781 3209 duximus
804 3147 964 3219 quatenus
995 3139 1144 3201 omnibus
1165 3149 1271 3222 pateat

128 3232 286 3307 quantum
300 3219 421 3282 malum
439 3221 491 3297 sit,
519 3219 632 3281 elnon
649 3221 753 3280 solum
775 3219 929 3292 humana,
954 3223 1011 3282 sed
1036 3222 1132 3282 etiam
1161 3223 1270 3286 divina

129 3305 318 3370 auctoritate
333 3303 512 3381 constricti,
532 3302 650 3364 abhinc
672 3303 736 3364 hoe
758 3303 880 3363 malum
902 3313 1063 3366 caveatur.

323 3423 391 3482 ,De
408 3421 524 3504 puellis
543 3421 655 3504 raptis,
680 3418 814 3478 necdum
835 3419 1043 3504 desponsatis.

211 3527 337 3590 XXIII.
379 3529 428 3589 De
445 3527 565 3611 puellis
586 3526 685 3608 raptis
701 3525 842 3586 necdum
860 3527 1058 3609 desponsatis
1082 3527 1124 3588 ita
1144 3529 1273 3590 inCon·
1362 3565 1364 3568 .

130 3608 208 3670 cilio
225 3610 496 3688 Chalcedonensi,
514 3609 570 3669 nbi
586 3609 745 3670 DCXXX.
787 3607 898 3670 Patres
918 3610 1105 3690 adfuerunt,
1129 3611 1273 3694 capitulo
1299 3665 1306 3676 .

130 3692 317 3770 XXXVIII,
333 3693 489 3754 habetur:
511 3693 577 3754 Eos
600 3694 656 3774 qui
673 3691 801 3772 rapiunt
815 3691 939 3774 puellas
958 3694 1014 3754 sul
1038 3696 1163 3754 naariae
1179 3693 1275 3753 siuzul

130 3773 312 3834 babitandis
333 3788 537 3860 cooperantes
555 3787 586 3834 et
600 3774 801 3834 contutantes
818 3775 1012 3858 raptoribus,
1038 3776 1182 3837 decreuit
1205 3797 1276 3835 san-

131 3854 358 3932 ctaSynodus,
373 3861 401 3918 si
416 3857 544 3940 quidem
567 3856 684 3916 Clerici
711 3869 795 3927 sunt,
821 3855 973 3916 decidant
994 3857 1098 3937 gradu
1120 3859 1255 3944 proprio
1264 3883 1276 3926 ;
1332 3873 1336 3884 '

132 3939 254 3999 sivero
274 3939 376 4012 Laiei,
393 3940 701 4000 anathematizentur.
745 3938 871 4016 Quibus
899 3939 1006 4000 verbis
1036 3952 1145 4023 aperte
1181 3942 1278 4002 datur

65 4094 72 4101 ‚
133 4019 276 4102 intelligi
294 4021 442 4104 qualiter·
455 4021 551 4086 huius
569 4022 647 4081 mali
663 4029 811 4083 auctores
833 4021 1005 4082 damnandi
1032 4033 1120 4104 sunt,
1146 4025 1278 4108 quando

131 4103 306 4186 participes
329 4113 361 4166 et
379 4103 593 4166 conhibentes
615 4113 703 4164 tanto
722 4103 923 4164 anathemate
943 4105 1119 4185 feriuntur,
1139 4119 1171 4169 et
1190 4106 1281 4188 quod

134 4187 224 4247 iuxta
247 4189 437 4250 canonicam
455 4186 680 4247 auctoritatem
699 4187 739 4247 ad
759 4187 911 4271 coniugia
932 4187 1076 4271 legitima
1094 4201 1198 4276 raptas
1216 4189 1279 4251 sihi
1342 4235 1348 4242 ,

137 4270 207 4332 iure
228 4270 395 4336 vindicare
412 4271 600 4344 nullatenus
621 4279 764 4354 possunt.

939 4389 1094 4456 20.
