2920 4972
179 305 227 377 72
412 316 448 380 a.
468 316 558 375 cun,
661 314 919 374 carrrusssm
1024 315 1087 380 rso.

199 461 249 524 Dc
270 457 470 540 Presbyteris
490 456 608 518 Missas
629 459 826 520 cantantibus
848 470 879 518 ct
903 479 966 520 nou
985 455 1297 520 communicantibus.

538 563 600 624 An
635 565 962 626 Sscsunorus

260 673 317 738 Vl.
339 669 497 734 Auditum
513 682 560 736 est
579 672 705 816 clipeos
716 654 926 756 Presbyteros
945 671 1074 734 Missam
1088 669 1265 746 celebrare,
1285 677 1320 730 et

179 778 247 820 nou
269 756 529 819 communicare:
558 775 625 835 quo
669 755 803 818 omniub
824 756 859 816 iu
885 755 1063 818 canonibus
1088 753 1319 835 Apostolorum

179 839 392 902 interdictum
414 859 481 900 esse
508 838 638 918 legitur.
679 839 744 904 Vel
764 839 927 921 quomodb
956 837 1065 900 dicere
1093 837 1181 898 recte
1200 843 1317 919 potest,

66 951 67 954 ¹
179 923 207 984 si
232 942 298 982 non
324 919 631 997 communicaverit,
660 919 876 1005 Sumpsimus,
907 921 1067 991 Domine,
1098 917 1318 980 sacramenta?

177 1005 266 1066 Ilaec
281 1003 361 1068 verb
374 1023 435 1098 per
449 1003 578 1086 singula
594 1002 736 1084 capitula
754 1004 793 1064 in*
807 1003 933 1065 statutis
951 1001 1088 1064 Nicaeni
1105 999 1247 1063 Consilii
1272 1001 1320 1060 le·

177 1107 254 1230 ggre
272 1093 426 1170 potestis,
457 1106 516 1148 seu
539 1093 572 1146 ct
597 1085 631 1146 in
654 1086 727 1148 aliis
749 1096 935 1150 sauctorum
955 1086 1090 1150 Petrum
1107 1081 1318 1168 synodalibus

179 1190 198 1230 e
223 1169 304 1230 ictis'.

198 1277 279 1342 Cau.
300 1283 400 1360 apost.
422 1293 452 1358 9.
482 1272 516 1337 si
540 1273 614 1356 quis
633 1273 834 1358 Episcopus,
859 1284 915 1338 aut
932 1273 1107 1358 Presbyter
1130 1281 1186 1354 aut
1203 1269 1321 1342 Diaco-

263 1380 344 1436 uus,
365 1357 418 1419 vel
443 1356 585 1440 quilibet
604 1379 645 1420 ex
672 1358 864 1420 sacerdotali
886 1357 1032 1442 catalogo
1053 1357 1137 1419 factal
1154 1353 1318 1417 oblatione

258 1461 325 1502 uon
347 1439 655 1519 communicaverit,
682 1450 738 1502 ant
753 1463 881 1504 causam
904 1441 1010 1518 dicat,
1041 1440 1127 1502 atsi
1150 1436 1319 1500 rationalis

261 1521 376 1601 inerit,
395 1523 525 1584 veniam
549 1533 781 1605 consequatur;
805 1534 861 1585 aut
884 1523 995 1585 sinon
1016 1521 1156 1600 dixerit,
1177 1541 1319 1582 commu-

263 1605 363 1668 nione
403 1605 540 1684 rivetus,
555 1615 708 1688 tauquam
727 1607 785 1690 qui
806 1608 929 1692 populo
949 1627 1043 1668 causa
1067 1603 1220 1670 laesionis
1237 1601 1318 1670 exti-

263 1689 349 1767 terit,
371 1627 449 1831 Ιἐίιιιιε
471 1687 690 1786 suspicionem
706 1690 746 1752 de
764 1711 802 1752 eo
824 1690 882 1773 qui
898 1687 1101 1768 sacrificavit,
1124 1687 1214 1780 qubd
1229 1684 1317 1748 recte

262 1789 329 1832 non
351 1791 370 1832 o
395 1779 516 1832 tuerit.

240 1875 290 1948 De
311 1881 361 1940 bis
382 1881 438 1964 qui
460 1881 479 1942 b
501 1879 624 1962 synodo
644 1883 732 1943 uelis
751 1903 807 1944 sao
830 1879 990 1968 Episcopo
1012 1878 1156 1941 damnati
1173 1883 1255 1938 sant.

613 1989 891 2058 Ounrrus

265 2093 340 2160 Vll.
362 2095 399 2156 ln
416 2093 621 2159 Antiocheno
640 2097 801 2177 Concilio,
819 2098 908 2182 qnbd
931 2097 982 2159 bis
998 2098 1055 2179 qui
1080 2091 1221 2157 damnati
1242 2101 1320 2152 sunt

178 2175 344 2260 beynodo
372 2178 427 2240 vel
454 2177 551 2240 deuo
574 2179 754 2264 Episcopo,
784 2190 816 2244 et
840 2181 950 2263 posted
981 2180 1163 2242 ministrare
1189 2195 1319 2256 praesu·

177 2269 289 2340 munt,
319 2259 521 2344 praecipitur
541 2271 577 2322 ut
606 2264 718 2325 nullus
742 2265 857 2325 audeat
885 2263 1133 2325 communicare.
1188 2258 1221 2320 si
1245 2257 1319 2339 quis

177 2343 262 2486 perb
282 2344 328 2406 eis
345 2344 647 2426 communicaverit,
672 2346 772 2410 simili
794 2346 975 2410 sententiae
1000 2345 1164 2407 subiaceat
1183 2341 1266 2403 sicut
1285 2349 1319 2401 et

203 2435 359 2487 amnatns.
669 2463 674 2484 2

198 2503 300 2570 Cone.
317 2507 468 2571 Antiocb.
488 2531 560 2571 can.
578 2511 609 2588 4.
645 2511 679 2574 Si
692 2509 765 2594 quis
778 2509 988 2592 Episcopusal
1005 2508 1140 2592 syuodo,
1159 2506 1212 2568 vel
1226 2507 1319 2566 Pres-

257 2589 354 2674 byter
366 2591 421 2655 vel
438 2593 604 2655 Diaconos
622 2594 641 2654 t
661 2593 794 2678 proprio
808 2593 987 2676 Episcopo,
1011 2591 1113 2655 fuerit
1132 2597 1319 2656 exauctora-

258 2681 323 2752 tus,
353 2683 386 2736 et
406 2675 658 2758 praesumpserit
678 2677 760 2740 sacri
784 2675 957 2738 ministerii
979 2673 1161 2758 quippiam,
1195 2692 1261 2736 non
1286 2669 1318 2730 ei

259 2755 397 2839 amplius
410 2757 518 2834 liceat,
533 2779 640 2840 neque
656 2758 690 2820 in
705 2759 768 2820 alia
783 2759 906 2858 spnodo
924 2778 1014 2840 spem
1032 2754 1245 2818 restitutionis
1262 2752 1319 2812 ha-

260 2837 349 2916 bere,
377 2859 484 2922 neque
506 2841 696 2912 assertionis,
708 2843 847 2904 alicuius
866 2842 993 2913 locum;
1020 2839 1077 2904 sed
1093 2847 1126 2900 et
1140 2832 1318 2899 communi-

251 2929 368 2984 cantes
388 2921 439 3000 ei,
465 2943 577 2985 omnes
598 2923 794 2988 abiiciantur
819 2926 859 2986 ab
880 2922 1044 2995 Ecclesia;
1071 2931 1104 2982 et
1123 2919 1263 2982 maxime
1288 2915 1317 2977 si

236 3057 240 3077 ,
258 3012 429 3100 postquam
451 3017 678 3087 coguoverunt
701 3009 896 3070 sententiam
924 3003 1080 3074 adversim
1102 3025 1179 3066 eum
1204 3001 1316 3087 prola·

258 3096 335 3166 tam,
352 3109 382 3148 e1
405 3087 640 3168 contumaciter
661 3090 985 3162 communicaverint.

503 3195 553 3254 Dc
574 3193 786 3277 saffraganeis
807 3195 986 3282 Episcopis.
1076 3211 1079 3215 '

602 3301 881 3364 Errscorrs

257 3401 346 3466 Vlll.
375 3403 457 3466 Item
486 3401 521 3464 in
548 3405 663 3468 eodem
690 3405 861 3484 Concilio,
899 3413 936 3465 nt
960 3403 1002 3466 ad
1026 3401 1314 3486 metropolitanum

174 3484 383 3569 Episcopum,
404 3485 604 3568 suffraganei
626 3489 816 3572 respiciant,
843 3497 875 3549 et
896 3487 981 3548 nihil
1007 3485 1085 3546 novi
1110 3486 1250 3546 audeaut
1268 3488 1314 3545 fa-

176 3589 249 3629 cere
274 3569 308 3629 in
330 3569 396 3630 suis
413 3569 574 3653 parochiis
593 3570 663 3633 sine
683 3570 882 3634 conscientia
902 3579 934 3630 et
955 3569 1094 3632 consilio
1113 3567 1164 3629 sui
1188 3567 1312 3628 Metro-

173 3650 324 3736 polituni,
352 3673 414 3713 nec
433 3653 701 3737 Metropolitanus
721 3655 791 3716 sine
816 3675 929 3717 eorum
948 3652 1095 3714 consilio.

195 3757 295 3821 Cone.
320 3757 471 3820 Antiochi
498 3781 569 3820 can.
596 3781 626 3842 9.
661 3761 726 3822 Per
749 3759 892 3842 singulas
921 3758 1109 3843 provincias
1134 3755 1312 3840 Episcopus

255 3841 448 3904 constitutos
467 3842 548 3903 scire
567 3851 695 3925 oportet
713 3843 909 3924 Episcopum
928 3841 1226 3926 metropolitanum,
1254 3841 1313 3920 qui

184 3971 189 3980 ,
253 3932 394 4008 praeest,
416 3935 526 3986 curam
543 3934 575 3986 et
596 3921 851 3988 sollicitudinem
873 3927 972 3987 totius
991 3923 1180 4009 provinciae
1201 3931 1313 4006 susce-

253 4006 349 4091 pisse.
390 4008 528 4088 Propter
542 4006 630 4089 qubd
651 4009 692 4068 ad
712 4009 993 4091 metropolitanam
1017 4004 1181 4068 civitatem
1200 4004 1238 4064 ab
1260 4005 1311 4067 his

254 4087 314 4171 qni
335 4109 445 4151 causas
460 4089 596 4166 habeut,
623 4090 692 4151 sine
719 4091 819 4152 dubio
837 4100 1061 4154 concurratur.
1106 4093 1313 4172 Quapropter

253 4171 377 4254 placuit
406 4194 480 4234 eum
503 4173 678 4249 ethonore
697 4173 843 4257 praeire,
870 4185 902 4236 et
927 4174 1011 4234 nibil
1037 4174 1123 4233 ultra
1148 4172 1219 4234 sine
1241 4173 1311 4252 ipso

253 4253 400 4340 reliquos
421 4255 603 4346 Episcopos
614 4277 711 4350 agere
729 4258 910 4322 secundinus
926 4257 1092 4352 antiquam
1107 4265 1238 4346 patrum
1255 4275 1312 4318 uos
