2928 4986
272 339 307 394 s.
327 335 414 395 cnr.
520 299 912 403 uacuu'rasuconun
1018 337 1082 398 aaa
1191 321 1262 397 373

120 477 366 562 toresbugusti,
381 472 529 545 omnibus
541 475 692 538 fidelibus
705 485 833 542 sanctae
842 476 1077 540 DciEcclesiae
1092 488 1125 542 et
1138 479 1264 544 nostris.

120 562 301 629 Recordari
319 583 374 622 vos
385 559 546 620 credimus
562 560 704 640 qualiter
717 560 780 620 hoc
796 581 882 620 anuo
901 561 1038 622 consilio
1054 562 1266 626 Sacerdotum

123 657 160 712 et
183 647 321 709 aliorum
341 642 486 704 fidelium
508 653 691 702 nostrorum
715 643 865 726 generale
892 642 1052 704 ieiunium
1070 667 1129 728 per
1161 657 1266 709 totum

120 750 264 812 regnum
282 735 427 787 nostrum
441 725 605 786 celebrare
626 725 786 802 iussimus,
806 727 979 808 Deumque
1002 733 1070 787 tota
1091 728 1285 792 devotione

122 815 299 895 deposcere
316 818 351 870 ut
371 808 465 870 nobis
481 807 673 889 propitiaret
690 809 723 867 in
752 807 871 890 quibus
886 807 981 868 illum
1004 811 1141 873 maxime
1163 812 1266 874 offen·

121 917 197 958 sum
212 892 402 953 haberemus
420 889 513 950 nobis
531 891 747 967 manifestare,
765 900 797 950 et
811 899 847 950 ut
860 891 900 952 ad
923 892 1160 954 correctionem
1190 917 1266 958 nos·

121 989 208 1042 tram
223 975 434 1036 necessariam
455 973 671 1054 tranquillum
694 984 821 1056 tempus
838 973 930 1034 nobis
949 975 1092 1036 tribuere
1115 976 1266 1060 dignare·

123 1074 189 1124 tur.
211 1059 428 1122 Volueramus
444 1052 605 1137 siquidem
620 1065 764 1138 tempore
784 1075 930 1138 congruo
951 1058 1107 1139 placitum
1121 1066 1267 1122 nostrum

124 1143 276 1229 generale
300 1139 431 1215 habere,
449 1149 480 1200 et
498 1139 529 1196 10
548 1139 661 1200 eodem
681 1139 720 1200 dc
736 1139 900 1198 communi
926 1141 1127 1203 correctione
1150 1163 1243 1226 agere
1260 1167 1266 1211 ;

125 1238 160 1289 et
179 1226 223 1286 ita
241 1227 312 1285 Deo
335 1223 509 1283 miserante
530 1221 633 1298 fieret,
659 1221 720 1282 nisi
745 1223 917 1283 commotio
943 1222 1161 1303 inimicorum,
1186 1225 1269 1286 sicut

125 1306 483 1389 nostis,praepedisset.
526 1305 589 1364 Sed
612 1305 781 1385 quiatunc
801 1305 870 1366 fieri
892 1327 958 1365 nou
999 1307 1081 1366 otuit
1102 1307 1192 1368 iuxta
1210 1328 1269 1369 vo-

125 1395 286 1454 luntatern
308 1399 460 1464 nostram,
473 1386 577 1447 visum
595 1387 686 1448 nobis
702 1388 765 1448 luit
782 1408 934 1471 praesens
949 1328 1103 1470 pidcitum
1119 1412 1194 1452 cum
1207 1389 1269 1450 ali-

126 1474 247 1557 quibus
263 1493 303 1532 ex
325 1469 476 1531 fidelibus
491 1469 607 1530 uostris
623 1469 753 1546 hahere,
777 1472 854 1532 etin
878 1493 918 1532 eo
935 1471 974 1532 de
994 1470 1142 1554 hisquae
1168 1493 1272 1555 prop·

126 1569 179 1620 ter
192 1554 396 1639 praedictum
416 1552 683 1632 impedimentum
700 1562 938 1630 remanserunt,
954 1554 1096 1635 qualiter
1110 1557 1151 1616 ad
1172 1554 1270 1618 61160-Ι

127 1650 198 1701 tum
212 1637 433 1720 pervenirent,
453 1635 595 1696 Domino
621 1636 792 1706 adiuvante
807 1636 1021 1698 considerare.
1063 1639 1271 1722 Quapropter

128 1741 222 1783 nosse
237 1719 385 1781 volumus
399 1718 564 1779 solertium
576 1727 721 1779 ¹vestram
739 1719 828 1800 quod
850 1719 885 1778 in
905 1719 968 1780 isto
982 1721 1147 1801 praesenti
1165 1719 1271 1804 placi-

128 1816 162 1866 to
184 1825 259 1865 cum
286 1801 436 1862 fidelibus
467 1802 583 1862 nostris
620 1801 892 1862 consideravimus
928 1802 1096 1884 deprimo
1125 1803 1271 1864 omnium

127 1885 373 1968 Arcbiepiscopi
392 1907 464 1945 cum
485 1883 550 1945 suis
563 1882 771 1964 suffraganeis
797 1884 833 1942 in
846 1883 926 1946 locis
949 1885 1102 1966 congruis
1126 1897 1270 1968 tempore

129 1977 315 2053 opportuno
327 1968 556 2044 convenirent,
573 1975 605 2027 et
622 1967 667 2026 ibi
689 1976 752 2026 tam
780 1966 820 2026 de
845 1989 902 2026 sua
927 1975 1024 2048 quam
1058 1967 1098 2029 de
1125 1969 1272 2030 omnium

130 2062 275 2114 nostrum
297 2051 498 2112 correctione
515 2059 547 2110 et
564 2049 791 2110 emendatione
810 2049 989 2110 seeundum
1005 2049 1149 2112 divinam
1164 2061 1273 2112 aucto-

128 2136 256 2200 ritatem
270 2133 457 2214 quaerendo
481 2132 679 2209 invenirent,
695 2141 727 2193 et
752 2130 844 2192 nobis
868 2141 964 2213 atque
986 2131 1135 2196 fidelibus
1154 2133 1272 2196 nostris

130 2217 310 2280 secundum
333 2215 548 2286 ministerium
585 2213 645 2275 sibi
668 2214 871 2276 commissum
898 2215 1140 2277 adnuntiarent.
1190 2218 1273 2278 Item
1350 2217 1355 2229 ’“

131 2298 404 2362 consideravimus
419 2307 455 2358 ut
474 2295 588 2359 Missos
605 2308 730 2360 nostros
750 2317 809 2381 per
824 2297 1013 2360 universum
1034 2319 1172 2380 regnum
1195 2319 1272 2360 nos-

131 2395 217 2445 trum
232 2382 445 2458 mitteremus,
461 2379 517 2462 qui
538 2381 577 2441 de
600 2381 749 2442 omnibus
766 2380 869 2442 causis
885 2401 968 2461 quae
983 2380 1024 2440 ad
1037 2381 1273 2443 correctionem

130 2464 296 2549 pertinere
319 2464 511 2526 viderentur
525 2473 647 2544 quanto
669 2464 849 2546 potuissent
867 2462 974 2524 studio
1001 2463 1215 2542 decertarent,
1241 2473 1275 2526 et

133 2545 292 2630 quicquid
311 2547 464 2627 possibile
482 2545 688 2615 invenirent,
704 2545 954 2628 praesentaliter
975 2554 1082 2606 nostra
1097 2539 1274 2608 auctoritass

132 2641 164 2691 te
180 2628 381 2708 corrigerent
388 2654 396 2700 ;
420 2629 493 2690 etsi
512 2629 620 2710 aliqua
635 2629 805 2692 difficultas
821 2629 854 2688 in
873 2627 1019 2710 qnalibet
1035 2650 1071 2691 re
1101 2629 1148 2690 eis
1172 2629 1275 2691 obsis·

132 2721 226 2788 teret,
242 2711 282 2771 ad
303 2720 443 2772 nostram
461 2711 610 2772 notitiam
636 2711 765 2774 deferre
781 2712 941 2773 curarent.
986 2713 1194 2795 Quapropter
1214 2733 1275 2774 vo-

133 2795 240 2855 lumus
269 2801 305 2853 ut
326 2815 383 2854 vos
406 2815 529 2870 omnes,
557 2803 693 2874 propter
718 2817 922 2856 communem
954 2795 1090 2855 salutem
1127 2805 1159 2856 61
1181 2793 1275 2877 regni

132 2877 291 2937 honorem
318 2899 354 2936 ac
379 2877 494 2957 populi
521 2877 705 2954 utilitatem,
729 2878 916 2939 obedientes
938 2886 971 2938 et
990 2877 1153 2939 adiutores
1173 2877 1276 2938 Missis

133 2959 249 3020 nostris
262 2958 295 3017 in
308 2959 463 3020 omnibus
478 2980 537 3040 pro
562 2959 686 3020 viribus
708 2981 776 3022 esse
801 2981 867 3019 non
901 2960 1092 3042 neglegatis3
1115 2958 1276 3042 simulque

133 3041 238 3102 sciatis
259 3041 299 3102 ob
317 3040 402 3103 hauc
417 3065 543 3104 oausam
564 3064 622 3102 nos
639 3041 724 3124 velle
744 3065 803 3125 per
818 3041 961 3126 singulas
974 3041 1191 3104 hebdomadas
1210 3063 1277 3102 uno

134 3123 186 3185 die
214 3125 247 3182 in
268 3124 387 3206 palatio
411 3134 520 3186 nostro
536 3126 576 3187 ad
597 3147 705 3186 causas
722 3125 899 3186 audiendas
916 3125 1041 3202 sedere,
1061 3133 1099 3184 ut
1113 3147 1172 3208 per
1187 3123 1278 3185 hunc

134 3215 189 3266 aut
205 3206 304 3271 illum
318 3207 476 3268 Comitem
494 3216 526 3268 61
540 3207 744 3290 providentia
768 3208 939 3268 Missurum
961 3215 993 3267 et
1013 3207 1199 3270 ohedientia
1217 3229 1278 3291 po-

133 3289 202 3370 puli
225 3289 317 3350 nobis
333 3289 535 3352 manifestius
557 3300 717 3371 appareat.
759 3292 802 3351 Et
815 3299 852 3350 ut
867 3289 949 3350 haec
968 3290 1075 3350 omnia
1095 3311 1279 3352 successum

133 3372 283 3449 habeant,
299 3374 450 3433 volumus
467 3383 501 3432 ut
515 3373 668 3454 generale
687 3371 877 3434 triduanum
895 3371 1055 3432 ieiunium
1070 3373 1212 3434 secundia
1234 3374 1281 3432 le-

42 3494 44 3498 ·
134 3455 180 3515 ria
201 3464 272 3537 post
291 3457 418 3517 octabas
439 3457 656 3517 Pentecosten
678 3455 912 3516 celebrandurn
933 3455 1110 3533 indicetur,
1130 3463 1279 3538 610606-

135 3537 249 3597 raliter
267 3537 305 3596 ab
323 3538 472 3599 omnibus
494 3537 706 3600 sumamma
724 3537 897 3598 devotione
917 3537 1117 3599 observetur.
1138 3538 1181 3598 Et
1203 3537 1279 3620 quia

136 3619 282 3699 undique
302 3619 449 3682 inimicos
466 3629 594 3681 sauctae
611 3621 672 3681 Dei
688 3621 852 3681 Ecclesiae
873 3621 1079 3698 commoveri,
1098 3628 1130 3681 61
1144 3640 1282 3702 regnum

137 3701 153 3760 1
171 3703 242 3760 Deo
266 3701 357 3763 nohis
375 3705 580 3764 commissum
594 3701 746 3763 infestare
767 3704 853 3764 velle
870 3703 1107 3784 cognoscimus,
1123 3703 1283 3784 praecipi-

136 3805 205 3844 mus
234 3791 330 3864 utque
362 3785 510 3846 iubemus
540 3791 717 3846 ut'.omnes
747 3784 894 3846 homines
924 3805 985 3866 per
1012 3793 1116 3846 totum
1144 3805 1281 3867 regnum

137 3875 300 3942 nostrum,
330 3868 386 3948 qui
419 3867 601 3928 exercitalis
629 3867 755 3930 itineris
783 3867 945 3930 debitores
976 3877 1070 3944 sunt,
1104 3868 1188 3930 bene
1220 3869 1284 3928 sint

135 3949 412 4031 praeparaticnm
435 3951 538 4028 equis,
559 3951 665 4026 armis,
693 3950 906 4024 vestimentis,
932 3951 1044 4028 carris,
1067 3960 1100 4010 et
1131 3949 1284 4012 victuali-

135 4031 209 4101 bus;
233 4041 269 4090 ut
291 4053 489 4114 quocunque
516 4041 662 4112 tempore
687 4033 732 4093 eis
758 4033 892 4094 duobis
919 4033 1147 4094 denuntiatum
1171 4032 1284 4108 fuerit,

137 4113 205 4174 sine
224 4113 292 4174 ulla
307 4138 393 4177 mora
412 4116 503 4176 exire
519 4123 550 4175 et
571 4114 605 4174 in
624 4135 854 4198 quamcunque
870 4125 994 4198 partem
1015 4115 1189 4177 necessitas
1209 4137 1285 4198 pos-

136 4195 299 4272 tulaverit,
317 4221 451 4280 pergere
469 4195 605 4282 possint,
618 4207 650 4260 et
670 4199 792 4263 tamdiu
810 4197 855 4260 ibi
873 4219 941 4264 esse
967 4198 1114 4284 qnandiu
1140 4197 1284 4264 necessi-

137 4288 182 4342 tas
204 4280 426 4364 postulaverit.
