2958 4986
199 321 277 395 122
437 341 471 396 a.
493 339 579 397 cur.
685 319 944 400 certauerunt
1048 333 1112 400 tot.

197 478 360 582 Quatenus
368 475 531 544 Ecclesiae
545 479 736 562 abiugenuis
745 492 945 544 constructae
955 473 1042 539 trudi
1049 474 1338 562 autoeudiqueant

174 611 177 618 ·
216 593 244 620 '⁸
277 585 346 646 LII.
388 587 437 646 De
456 585 625 647 Ecclesiiis
643 607 726 668 quae
744 588 784 648 ab
805 584 957 668 ingenuis
980 583 1168 644 homiuibus
1191 591 1328 646 constru

196 677 308 745 untur,
333 667 430 729 liccat
445 689 497 730 eas
513 669 641 729 tradere
663 679 720 728 aut
737 670 893 744 vendere,
910 677 1036 727 tantum
1054 667 1152 727 modo
1175 677 1212 728 ut
1229 668 1332 732 Eccle

192 751 240 815 sia
261 773 327 812 non
345 752 539 830 destruatur,
559 751 616 812 sed
632 751 822 813 serviuntur
841 750 961 840 cotidip
979 748 1132 812 honores.

404 870 457 929 De
481 869 610 928 licemia
635 865 831 931 Hitdetotdi
851 864 1121 950 Arabicupellant'.

276 973 361 1035 LIII.
402 971 495 1037 Dixit
523 973 620 1034 etiam
645 975 793 1036 Domnus
818 973 887 1034 Rex
909 973 943 1032 in
977 971 1091 1033 eadem
1118 971 1242 1056 synodo
1268 976 1344 1036 uta

193 1056 277 1122 Sede
305 1057 493 1141 apostolica,
516 1056 549 1118 id
568 1065 627 1134 est,
643 1057 683 1116 ab
709 1057 874 1118 Hadriano
896 1054 1068 1132 Pontifice,
1091 1053 1258 1118 licentiam
1280 1056 1323 1114 ha

190 1140 315 1204 buissel
336 1149 372 1199 ut
387 1139 637 1222 angilramnum
658 1139 951 1235 Archiepiscopum
967 1138 1001 1199 ita
1026 1159 1085 1198 suo
1108 1139 1228 1222 palatio
1258 1139 1342 1200 assi-

193 1223 257 1286 due
274 1222 409 1283 baberet
430 1232 564 1306 propter
587 1222 743 1284 utilitates
768 1221 1011 1284 ecclesiasticas.
1061 1221 1265 1304 Deprecatus
1292 1231 1343 1282 cst

192 1305 329 1368 eandem
352 1305 512 1388 synodum
533 1314 628 1366 uteo
662 1304 758 1365 modo
780 1303 865 1366 sieut
891 1303 1140 1387 Angilramnum
1169 1304 1340 1382 habuerat,

191 1389 236 1452 ita
257 1389 353 1448 etiam
378 1387 610 1449 Hildeboldum
633 1388 832 1470 Episcopum
853 1387 972 1448 habere
996 1385 1175 1460 debuisset,
1206 1387 1284 1467 quia
1307 1398 1342 1448 et

193 1472 233 1532 de
259 1471 385 1546 eodem,
406 1471 491 1531 sieut
512 1470 601 1532 etde
629 1469 854 1552 Angilramuo,
874 1469 1083 1552 apostolicam
1097 1469 1265 1531 licentium
1284 1469 1342 1529 ha-

191 1553 297 1616 bebat.
340 1555 455 1618 Omnis
470 1553 610 1618 svuodus
625 1553 800 1630 consensit,
819 1562 851 1614 et
872 1552 997 1636 placuit
1018 1551 1065 1614 eis
1087 1573 1163 1614 eum
1190 1553 1225 1613 in
1244 1553 1340 1636 pala-

185 1638 240 1700 tio
255 1657 324 1700 esse
341 1637 460 1698 debore
473 1624 607 1740 propter
626 1635 782 1698 utilitates
797 1635 1039 1698 ecclesiasticas.

360 1755 407 1814 De
423 1753 572 1824 Atratino,
590 1773 683 1836 prtem
699 1754 772 1814 Rex
786 1749 908 1831 synodo
925 1750 1169 1814 commendauit.

275 1861 359 1936 LIV,
402 1857 609 1922 Commonuit
623 1859 720 1919 etiam
736 1867 772 1919 ut
786 1859 952 1919 Alcur'num
973 1860 1007 1935 h)
1029 1861 1097 1941 ipsa
1112 1847 1221 1920 sancta
1235 1881 1344 1942 syna«

195 1945 255 2008 dus
277 1945 310 2004 in
330 1967 388 2006 suo
408 1941 572 2002 consortio
588 1942 657 2003 sive
673 1941 707 2000 in
735 1941 935 2002 orationibus
959 1941 1105 2024 recipere
1133 1941 1339 2024 dignaretur,

194 2029 234 2091 eb
254 2025 342 2110 qubd
361 2035 443 2088 essct
455 2025 507 2086 vir
522 2024 556 2084 in
578 2025 803 2086 ecclesiasticis
827 2023 984 2085 doctrinis
1010 2023 1169 2086 eruditus.
1219 2025 1337 2086 Omnis

195 2131 335 2192 namque
354 2108 496 2194 synodus
516 2108 697 2170 secundum
712 2106 968 2169 admonitionem
988 2107 1108 2168 Domni
1130 2107 1225 2189 Regis
1252 2129 1337 2168 eon·
1359 2151 1364 2156 -

194 2193 304 2272 sensit,
321 2203 354 2258 et
371 2214 446 2256 eum
471 2191 505 2252 in
522 2211 636 2270 eorum
655 2191 817 2254 consortio
833 2190 901 2254 sive
925 2191 959 2250 iu
977 2189 1178 2252 orationibus
1200 2211 1337 2274 recepe-

194 2285 283 2340 ruat

448 2441 1079 2536 couuou1r0atou

193 2579 331 2650 Datum
356 2579 585 2670 Angilberto,
612 2576 746 2650 Abbati
772 2573 998 2664 Centulensi‚
1037 2579 1139 2648 eunti
1174 2577 1332 2653 Romam

309 2681 357 2750 ad
382 2681 550 2750 Leonem
574 2679 646 2770 111,
685 2701 779 2748 anno
806 2679 946 2750 Christi
970 2677 1217 2752 Docxcvt.

193 2809 378 2945 Kaaouus,
400 2867 498 2950 gratia
514 2867 577 2928 Dei
597 2869 678 2946 Rex,
697 2877 729 2929 et
743 2868 905 2932 Defensor
921 2875 1050 2930 sanctae
1069 2865 1249 2943 Ecclesiae,
1263 2865 1337 2927 Ho-

191 2973 283 3012 mero
302 2950 510 3012 Aurieulario
533 2951 678 3012 salutem.
719 2951 839 3012 Divina
868 2961 1003 3034 regente
1028 2949 1249 3012 misericordia
1274 2949 1333 3010 ite·

190 3057 263 3096 rum
280 3043 312 3094 et
333 3035 485 3117 prospere
500 3044 531 3094 te
546 3035 726 3096 adducente
746 3034 786 3094 ad
802 3035 966 3094 Domuum
974 3032 1198 3115 Apostolieum
1212 3034 1332 3112 Papam

191 3115 543 3196 nostrum„adm0neas
571 3139 647 3177 cum
675 3117 851 3197 diligenter
873 3117 913 3178 de
937 3117 1025 3178 omni
1050 3115 1219 3176 honestate
1245 3115 1334 3176 vitae

191 3222 278 3277 suae,
308 3209 339 3260 et
358 3200 533 3282 praecipue
560 3200 600 3260 de
623 3209 809 3262 sanctorum
835 3199 1059 3262 observatione
1086 3219 1260 3274 canonum,
1289 3197 1330 3256 dc

189 3283 243 3367 pia
258 3292 386 3343 sanctae
401 3283 464 3344 Dei
475 3282 641 3344 Ecclesiae
657 3281 904 3366 gubernatione,
928 3282 1109 3346 seeundum
1136 3277 1331 3362 opportuni-

161 3375 163 3379 ’
191 3375 289 3427 tatem
309 3365 493 3427 collationis
506 3366 597 3426 'inter
617 3387 673 3426 vos
689 3375 721 3426 et
737 3363 833 3423 animi
851 3364 940 3427 illius
961 3363 1236 3426 convenientiam.
1279 3363 1334 3420 ln-

192 3469 348 3531 gerasque
368 3449 398 3508 ei
414 3449 542 3530 saepibs
563 3449 661 3530 quslm
677 3469 856 3531 paucorum
884 3448 990 3509 honor
1012 3448 1082 3525 ille,
1117 3467 1216 3528 quem
1241 3465 1335 3527 prae·-

191 3532 371 3596 sentialiter
391 3530 500 3609 habet,
520 3553 690 3608 annorum,
705 3530 802 3611 quiem
826 3533 1004 3592 multorum
1026 3539 1074 3590 est
1095 3527 1333 3610 perpetualiter

190 3635 325 3692 merces,
347 3635 432 3695 quae
459 3615 553 3676 datur
572 3614 656 3674 bene
679 3614 838 3674 laboranti
864 3615 896 3674 in
928 3637 976 3675 eo.
1019 3613 1062 3674 Et
1090 3615 1130 3675 de
1154 3611 1333 3672 simoniaca

190 3696 406 3759 subvertenda
423 3693 549 3760 haeresi
568 3697 814 3780 diligentissime
830 3698 964 3758 suadeas
984 3696 1046 3771 illi,
1074 3715 1157 3777 quae
1184 3702 1333 3754 sanctum

189 3781 355 3842 Ecclesiae
381 3801 499 3862 corpus
522 3779 632 3840 multis
658 3780 741 3841 male
767 3775 961 3840 maculatio
989 3778 1083 3850 loeis3
1108 3787 1140 3838 et
1171 3775 1333 3857 quicquid

190 3873 299 3925 mente
322 3874 413 3924 tenes
433 3863 559 3944 saepius
587 3862 730 3944 querelis
747 3863 881 3944 agitasse
904 3863 1079 3923 internos.
1123 3859 1189 3920 Sed
1223 3857 1332 3941 qualis

190 3945 271 4006 mihi
296 3953 379 4008 esset
400 3941 540 4006 conlatio
567 3959 642 4006 cum
671 3945 766 4006 heato
787 3945 950 4006 Hadriano
972 3947 1058 4026 Papa
1081 3941 1332 4026 praedecessore

190 4029 281 4090 illius
298 4030 338 4090 de
356 4030 577 4090 construendo
591 4025 785 4090 monasterio
810 4029 852 4093 ad
867 4022 1171 4089 sanetmn'Paulum
1193 4023 1345 4096 nullatey

191 4113 252 4173 niis
275 4112 416 4173 dimittas
429 4131 600 4194 suggerere
621 4110 683 4188 illi,
701 4120 738 4172 ut
753 4111 883 4176 volente
911 4113 982 4174 Deo
1009 4119 1178 4175 revomens
1205 4116 1333 4170 certum

227 4321 259 4388 li)
278 4324 311 4376 al.
332 4341 390 4377 mss.
410 4325 569 4397 Aliquiaus,
590 4306 744 4399 Aquilium.
