2920 4972
130 270 235 366 '44
419 307 453 362 s.
474 305 560 362 cua.
668 285 926 365 carnotusiae
1030 309 1094 368 tes.

184 456 253 517 Rex
268 449 360 512 antea
378 443 582 531 perdonavit,
597 444 642 509 sic
658 447 712 508 fiat
727 433 768 511 'ut
786 448 842 510 ubi
860 446 1002 532 legitime
1018 471 1085 512 uon
1106 449 1228 515 debent
1246 474 1330 534 esse,

185 535 296 599 donati
317 553 382 596 non
405 529 531 603 slata).

230 649 273 712 Ut
291 647 420 710 Iudices
437 647 609 708 viduarum
629 659 660 706 et
678 650 893 732 orphanorum
918 662 1011 732 atquc
1032 651 1194 716 Ecclesiae
1215 675 1328 714 causas

305 733 410 817 primo
434 731 568 792 audiant
586 732 668 792 loco.

264 838 384 906 XXIII.
414 842 458 902 Ut
479 838 622 902 Comites
646 837 701 902 vel
720 838 852 902 ludices
879 840 920 902 ad
944 863 1058 903 eorum
1081 843 1200 927 placita
1219 844 1328 928 primis

183 926 377 998 viduarum,
407 921 646 1006 orphanorum,
677 921 729 984 vel
752 923 975 986 Ecclesiarum
994 949 1106 990 causas
1135 928 1269 992 audiant
1295 937 1330 988 et

185 1009 343 1072 definiant
365 1006 398 1066 in
421 1006 626 1088 eleemosyna
644 1006 765 1070 Domni
785 1007 902 1090 Regis,
933 1017 965 1068 et
985 1012 1097 1093 postea
1118 1010 1195 1072 alias
1214 1031 1326 1072 causas

184 1115 259 1156 eum
283 1089 406 1152 iustitia
428 1087 669 1152 rationabiliter
691 1088 847 1151 iudicent.
1042 1089 1046 1098 '
1086 1102 1090 1110 '

229 1209 273 1272 Ut
294 1207 401 1268 nullus
416 1226 476 1290 per
495 1207 647 1292 pecunias
671 1205 717 1266 ad
733 1209 870 1268 lsoaores
891 1209 1120 1272 ecclesiasticos
1144 1208 1284 1272 accedat.

266 1314 386 1380 XXIV.
410 1315 452 1374 Ut
473 1313 585 1376 nullus
604 1335 665 1396 per
688 1314 845 1396 pecunias
873 1315 913 1376 ad
934 1316 1093 1379 honorem
1113 1321 1164 1380 vel
1192 1321 1328 1402 gradum

184 1396 440 1547 epplepplipsticum
458 1397 614 1460 accedere
634 1397 769 1476 debeat,
802 1397 880 1481 quia
897 1398 1038 1462 haeresis
1058 1401 1235 1464 simoniaca
1257 1424 1325 1464 esse

90 1599 91 1606 ’
189 1598 231 1660 Ut
250 1597 447 1696 Episcopitet
466 1594 524 1656 alii
539 1593 668 1654 Jadiccs
683 1615 744 1680 pro
767 1598 888 1658 iustitia
901 1596 1057 1680 sarienda
1078 1602 1237 1687 sportulas
1263 1623 1326 1694 aaa

400 1702 409 1737 i
468 1721 475 1736 .

265 1692 510 1825 xffuprlm
523 1760 702 1842 Episcopus
719 1781 781 1821 uec
795 1760 910 1840 abbas,
934 1783 994 1823 nec
1013 1763 1101 1826 ullus
1118 1765 1239 1844 laicus,
1267 1790 1328 1850 pro

185 1847 308 1910 iustitia
329 1845 478 1912 facienda
503 1845 663 1926 sportulas
691 1844 904 1906 contradictas
923 1854 961 1918 v)
984 1847 1136 1931 accipiat;
1168 1849 1246 1934 quia
1271 1851 1328 1911 ubi

186 1932 273 1994 dona
290 1930 528 2006 intercurrunt,
550 1925 671 1990 iustitia
692 1937 877 1994 evacuatur.

647 2043 697 2102 De
726 2043 870 2104 teloneis.

268 2126 385 2190 XXVI.
406 2128 455 2188 De
480 2123 619 2186 teloneis
639 2125 717 2186 verb
737 2125 784 2186 sic
801 2126 999 2204 ordinamus,
1022 2137 1058 2188 ut
1080 2130 1191 2191 nullus
1212 2132 1252 2192 de
1275 2133 1327 2192 vi-

186 2213 306 2276 ctualio
327 2220 359 2272 et
378 2208 488 2286 carris,
512 2229 594 2288 quae
613 2209 733 2288 absque
751 2208 882 2291 negotIo
898 2219 984 2287 sunt,
1006 2213 1175 2273 teloneum
1189 2214 1329 2296 prehen-

187 2299 250 2359 dat.
292 2297 341 2354 De
366 2313 474 2356 sauma
495 2289 644 2352 sImiliter
668 2285 856 2373 ubieunque
882 2293 1015 2352 vadunt.
1057 2295 1098 2354 Et
1123 2297 1162 2357 de
1184 2293 1329 2379 peregri-

186 2381 239 2441 nis
259 2376 410 2438 similiter
432 2373 677 2452 constituimus,
701 2383 736 2432 ut
757 2371 889 2455 quando
911 2385 1045 2458 propter
1066 2379 1173 2438 Deum
1200 2381 1240 2440 ad
1266 2383 1329 2440 Ro·

186 2483 270 2527 mam
293 2461 345 2521 vel
367 2457 488 2518 alicubi
511 2457 650 2532 vadunt,
681 2455 726 2518 sic
751 2457 937 2528 ordinamus
958 2467 993 2518 ut
1017 2459 1101 2542 ipsos
1120 2483 1180 2544 per
1201 2463 1327 2522 nullam

187 2543 391 2607 occasionem
412 2541 453 2600 ad
482 2548 595 2620 pontes
621 2539 673 2601 vel
704 2541 850 2600 exclusas
872 2550 927 2600 aut
953 2542 1116 2622 navigatio
1141 2545 1325 2620 detineatis,

187 2649 249 2690 nec
268 2635 401 2710 propter
414 2622 517 2703 scirpa
537 2643 593 2682 sua
610 2621 686 2704 ipsIs
702 2622 881 2704 peregrinis
897 2623 1093 2684 calumniam
1113 2628 1248 2703 faciatis,
1265 2650 1327 2689 neo

187 2703 293 2776 ullum
315 2708 482 2769 teloneum
501 2704 547 2765 eis
567 2704 696 2765 tollatis.
737 2705 824 2766 Etsi
845 2705 962 2786 aliquis
978 2707 1040 2768 hoe
1060 2709 1187 2787 fecerit,
1209 2711 1331 2790 qualis-

188 2813 319 2875 cunque
338 2790 435 2851 homo
454 2788 516 2850 hoc
532 2787 798 2869 comprobaverit,
821 2809 879 2849 uos
901 2789 940 2849 de
959 2791 1124 2872 sexaginta
1141 2793 1253 2854 solidis
1265 2795 1328 2864 vtri-

188 2877 277 2962 ginta
294 2873 505 2936 concedimus
526 2869 588 2948 illi,
611 2879 644 2930 et
657 2869 707 2929 illi
726 2870 782 2930 alii
800 2869 932 2953 triginta
949 2873 980 2931 iu
995 2883 1120 2956 partem
1136 2875 1255 2938 Domni
1268 2878 1332 2938 Re-

190 2961 238 3048 gis
260 2959 406 3030 veniant.
1071 2973 1094 2980 '⁴

659 3036 708 3095 De
731 3049 865 3096 moneta.

271 3122 406 3188 XXVII.
428 3123 476 3190 De
492 3127 620 3180 moneta
635 3117 860 3180 constituimus
874 3119 1032 3196 similiter,
1055 3129 1091 3182 ut
1109 3122 1246 3204 amplius
1262 3147 1328 3187 nou

188 3209 306 3272 babeat
326 3207 360 3268 In
375 3204 458 3264 libra
475 3210 631 3286 pensante
655 3201 718 3262 nisi
738 3200 855 3273 viginti
882 3205 962 3264 duos
983 3205 1115 3280 solidos,
1139 3215 1171 3266 et
1192 3205 1231 3266 de
1253 3208 1331 3291 ipsis

189 3290 307 3373 viginti
335 3286 460 3350 duobus
482 3283 593 3348 solidis
616 3283 813 3345 monetarius
838 3283 955 3347 babeat
981 3287 1124 3348 solidum
1144 3310 1265 3368 uuum,
1299 3302 1331 3354 et

190 3375 264 3438 illos
284 3371 364 3434 ulios
381 3369 506 3432 reddat.

320 3520 324 3524 -
463 3479 510 3543 De
538 3481 787 3542 immunitatibus
817 3484 1055 3546 conservandis.

272 3565 423 3632 XXVIII.
453 3567 495 3627 Ut
516 3564 711 3627 emunitates
729 3564 914 3626 observatae
933 3567 1006 3628 sint.
1033 3569 1037 3577 “

474 3712 475 3716 ¹
570 3679 619 3758 De
638 3681 759 3739 iustitia
774 3677 941 3760 facienda.

270 3769 387 3830 xxlx.
410 3769 452 3826 Ut
468 3785 580 3826 omnes
600 3761 720 3822 faciaant
740 3761 904 3840 iustitiam,
921 3776 985 3828 tam
999 3767 1135 3850 publicI,
1157 3772 1254 3852 quiam
1274 3795 1329 3832 ec-

189 3851 371 3918 clesiastici.
413 3849 455 3910 Et
473 3847 498 3910 si
519 3844 637 3927 aliquis
661 3842 758 3938 bomo
781 3846 819 3904 aul
844 3849 1000 3929 palatium
1014 3852 1143 3913 venerit
1160 3876 1219 3936 pro
1234 3877 1331 3916 causa

189 3961 257 4017 sua,
279 3944 312 4023 et
334 3933 427 3994 anteit
450 3931 491 3992 ad
512 3930 607 3990 illum
626 3929 785 3988 Comitem
804 3949 869 3990 uon
887 3931 1067 3996 innotuerit
1083 3936 1116 3995 in
1140 3939 1237 3998 mallo
1255 3948 1331 4001 ante

219 4067 488 4085 w

224 4148 259 4210 u)
285 4140 320 4193 al.
343 4157 389 4192 ms.
420 4140 492 4192 sicut
521 4157 566 4192 vos
592 4135 731 4208 perdona—
815 4141 850 4204 v)
867 4141 901 4191 al.
922 4158 968 4195 ms.
988 4143 1142 4214 sportulam
1171 4143 1332 4200 contradic-

275 4213 323 4264 stis
333 4213 372 4262 ita
385 4209 448 4278 fiat,
461 4223 490 4262 ut
500 4209 546 4262 ubi
555 4210 673 4280 legitime
684 4207 732 4262 clo-
875 4225 938 4265 tum.

276 4283 336 4334 naci
353 4297 410 4333 aare
419 4280 534 4355 suerint
546 4292 698 4336 trameant.
