2952 4988
177 261 253 336 232
411 277 448 374 s..
466 275 555 338 cun.
659 277 919 338 cnnrunnns
1021 273 1085 338 sos.

178 419 269 486 situs.
310 417 352 484 Et
374 415 400 482 si
417 419 464 482 ibi
477 427 622 484 mortuus
638 441 705 484 nou
727 421 838 500 suerit,
860 421 919 484 sed
935 419 1051 484 vivens
1075 421 1230 499 evaserit,
1246 428 1328 483 tunc

178 503 308 568 sibimet
329 500 370 563 sit
391 503 598 587 compositus,
620 513 653 568 et
685 527 737 567 res
767 513 801 570 et
825 505 986 588 mancipio
1015 526 1072 566 sua
1091 504 1127 564 in
1153 503 1231 566 fisco
1257 525 1327 568 nou

178 586 305 648 cadunt.
347 585 518 650 Deservis
535 607 626 664 vero,
644 587 671 648 si
695 588 769 670 quis
780 587 915 650 ulterius
935 587 1066 648 servum
1087 587 1208 672 absque
1235 585 1327 646 iudi-

178 669 230 736 cio
250 677 282 730 et
297 665 367 729 sine
394 667 491 752 culpa
505 669 705 753 pendiderit,
722 681 755 732 et
772 670 817 730 ibi
840 679 988 732 mortuus
1002 669 1116 746 suerit,
1127 669 1326 753 weregildus

178 751 249 815 eius
271 747 403 812 domino
424 751 580 814 soluetur.
621 751 706 816 Etsi
730 753 770 816 dc
790 753 858 836 ipsa
876 763 979 814 morte
1004 752 1153 832 evaserit,
1180 753 1249 837 ipse
1279 752 1327 835 ip·

178 855 246 900 vum
261 833 385 898 liudem
400 833 547 919 recipiet,
573 843 605 898 st
619 833 705 897 liber
725 837 837 918 posted
852 843 1051 920 permoneat.

259 969 323 1036 Ill.
366 973 410 1034 Ut
435 970 548 1034 nullus
561 981 658 1035 testes
671 973 799 1036 mittero
826 973 860 1038 iu
879 974 1039 1037 indicium
1060 982 1253 1058 praesumat,
1266 973 1327 1034 sed

177 1061 295 1122 Comes
314 1055 378 1120 boc
393 1075 454 1138 per
471 1077 603 1124 veraces
620 1055 768 1119 homines
783 1055 871 1118 circu
886 1067 1056 1120 manentes
1067 1079 1128 1140 per
1144 1077 1329 1120 sacramen«

176 1137 432 1288 ⁴tlrpppmitnquiratg
467 1147 504 1199 ut
524 1138 609 1204 sicut
640 1139 760 1206 exinde
789 1140 930 1228 sepiunt,
954 1140 1017 1202 boc
1041 1140 1145 1204 modis
1173 1139 1326 1202 omuibus

260 1338 319 1404 lv.
361 1340 404 1402 Ut
430 1335 542 1400 nullus
559 1358 591 1400 se
607 1337 775 1434 periurare
818 1343 987 1399 russumut.
1029 1337 1115 1399 Etsi
1132 1335 1260 1414 iecerit,
1284 1335 1327 1398 si-

177 1432 234 1486 cut
251 1422 286 1484 in
306 1419 524 1482 anterioribus
538 1421 698 1504 Capitulis
712 1359 899 1484 mandatum
915 1429 973 1501 cst,
990 1441 1120 1485 menum
1135 1421 1252 1504 perdet
1267 1429 1325 1479 unt

175 1503 325 1571 redimat.
367 1503 409 1564 Et
429 1501 494 1564 boc
518 1503 668 1566 omnibus
685 1504 915 1566 adnuntiatum
940 1503 1005 1581 fiat,
1033 1503 1115 1587 quid
1139 1503 1325 1588 periurium

177 1598 233 1652 eut
247 1588 366 1650 falsum
386 1585 608 1648 testimonium
624 1596 749 1650 nocent.

261 1705 301 1766 V.
343 1705 392 1768 De
412 1702 631 1784 emptionibus
652 1710 685 1764 et
703 1701 961 1781 venditionibus,
985 1713 1021 1763 ut
1048 1702 1160 1764 nullus
1185 1723 1325 1784 praesu*

174 1797 241 1850 mut
261 1787 358 1849 aliter
378 1787 522 1848 vendere
546 1795 578 1848 et
604 1807 711 1848 emere
734 1787 893 1869 sagellum
915 1785 1085 1847 meliorem
1105 1783 1243 1867 duplum
1270 1787 1326 1845 vi-

173 1869 259 1956 ginti
278 1869 401 1947 solidis,
420 1879 452 1932 et
466 1867 619 1952 simplum
639 1891 714 1930 cum
745 1869 858 1930 decem
883 1869 1005 1930 solidis.
1046 1869 1203 1950 Reliquos
1241 1889 1323 1929 vero

174 1954 294 2019 minus.
335 1953 480 2015 Roccum
495 1953 687 2013 martrinum
702 1961 734 2013 et
748 1951 908 2012 lutrinum
928 1951 1096 2013 meliorem
1120 1950 1254 2032 triginta
1274 1972 1326 2011 so-

173 2037 263 2116 lidis,
277 2035 484 2098 sismusinum
504 2035 673 2096 meliorem
687 2035 801 2096 decem
821 2035 943 2096 solidis.
974 2034 1054 2096 Etsi
1071 2034 1189 2116 uliquis
1203 2032 1324 2116 empli-

174 2141 214 2181 us
226 2117 414 2184 vendiderit
437 2129 494 2181 uut
508 2117 671 2199 empserit,
688 2126 821 2201 cogatur
840 2119 1009 2179 exsolvere
1025 2117 1059 2176 in
1080 2118 1225 2178 hunnum
1239 2115 1322 2176 soli-

176 2203 235 2266 dos
253 2202 478 2300 quadraginta,
500 2209 533 2264 et
550 2199 591 2262 nd
611 2201 706 2261 illum
722 2201 780 2286 qui
796 2200 859 2263 hoc
879 2199 1043 2264 invenerit
1061 2209 1094 2262 et
1112 2221 1187 2261 eum
1200 2198 1322 2260 exinde

176 2285 370 2364 convicerit,
392 2285 513 2347 solidos
533 2283 661 2366 viginti.

237 2425 296 2490 Vl.
336 2426 386 2490 De
407 2421 555 2506 fugitivis
571 2419 771 2501 horninibus,
783 2431 819 2484 ut
835 2421 1026 2506 ubicunque
1045 2419 1172 2502 inventi
1184 2419 1324 2499 fuerint,

174 2508 233 2574 ille
255 2509 313 2591 qui
329 2529 405 2570 eum
418 2506 552 2582 retinet,
571 2505 716 2566 bennum
737 2505 938 2568 dominicum
958 2508 1086 2567 solvere
1121 2513 1266 2586 cogatur,
1291 2513 1325 2564 et

174 2593 233 2657 illc
248 2591 408 2676 fugitivus
426 2591 549 2674 absque
575 2587 675 2654 dubio
692 2589 727 2649 in
744 2589 883 2675 petrium
900 2589 941 2651 ud
963 2587 1131 2651 dominum
1157 2609 1253 2650 suum
1272 2607 1329 2649 re-

175 2683 334 2740 vertatur.
389 2725 391 2730 .

229 2789 321 2855 'Vll
362 2793 412 2853 De
428 2789 567 2852 monetis
587 2799 623 2850 ut
649 2789 683 2852 iu
705 2790 799 2851 nullo
817 2790 889 2852 loco
906 2799 1036 2852 moneta
1051 2787 1256 2872 percutietur
1273 2786 1328 2846 ni-

174 2873 421 3024 dliskdllrcrldilfm
445 2883 478 2938 et
494 2871 545 2948 illi
565 2873 691 2936 denarii
705 2873 842 2958 palatini
856 2881 1054 2949 mercentur,
1072 2879 1106 2933 et
1122 2891 1183 2954 per
1213 2869 1327 2936 omnis

397 3125 565 3198 Item
613 3125 685 3194 de
733 3121 915 3198 Anno
964 3122 1094 3199 VIII.

213 3288 244 3353 Ι.
284 3291 334 3350 De
354 3285 699 3372 paceinsra-putrinm.
771 3287 796 3348 ti
822 3287 974 3364 suerunt,
1005 3296 1038 3347 et
1062 3287 1173 3370 posted
1202 3286 1324 3368 adqui-

148 3413 151 3418 ·
213 3371 260 3436 ΙΙ.
302 3375 351 3433 Dc
378 3370 553 3434 Cunonicis
590 3379 624 3430 et
648 3372 720 3431 Mo·
770 3369 1325 3453 sieruntpostquumputreseorum

157 3455 293 3522 bachis.
407 3507 410 3513 .
770 3462 802 3514 et
816 3463 967 3538 parentes
988 3453 1079 3514 ducti
1095 3462 1182 3514 sunt.

214 3539 276 3601 lll.
318 3539 367 3598 De
386 3537 468 3602 falso
485 3535 670 3598 testimonio
686 3543 720 3596 et
811 3567 888 3632 VH.
930 3572 979 3635 De

97 3703 101 3707 ·
169 3619 326 3712 periurio·
812 3651 907 3715 Vlll.
929 3653 978 3712 De
999 3653 1181 3714 latronibus
1203 3662 1235 3713 et
1258 3656 1325 3718 di's·

1006 3569 1140 3638 decimis
1163 3579 1196 3632 et
1212 3571 1324 3640 nonis.

212 3701 271 3766 Vl.
314 3708 363 3765 De
384 3701 436 3762 his
457 3702 562 3784 quise
584 3701 722 3768 frendu-

169 3787 278 3850 lenter
317 3787 497 3870 ingenuare
520 3785 650 3864 volunt,
687 3794 721 3846 et

174 3870 216 3936 nli
229 3946 231 3952 y
244 3869 278 3935 ui
295 3877 533 3956 optumescunt.
705 3922 707 3928 ,
996 3927 1002 3940 .

243 3998 250 4012 .
292 3955 341 4017 De
360 3951 449 4015 falsis
470 3951 621 4016 monetis,
769 3925 837 4010 pud
854 3927 1071 3987 Vermermrn.

208 4023 269 4098 Vl.
311 4039 362 4096 De
390 4035 523 4094 illorum
548 4035 721 4095 hominnm
811 4035 850 4094 X.
893 4033 1017 4095 Deillo
1042 4033 1150 4098 broilo
1171 4033 1211 4093 ab
1239 4035 1326 4098 Ani.

169 4117 356 4206 conquisitu
370 4118 425 4206 qni
441 4119 537 4184 modo
554 4119 631 4184 loris
646 4119 722 4184 duc·
764 4117 899 4198 ,niueum
925 4117 1081 4205 palatium
1099 4125 1258 4184 nostrum.

770 3735 892 3820 ciplinu
916 3755 1038 3804 eorum.

812 3843 868 3904 lX.
911 3842 960 3904 De
981 3845 1133 3932 oporibus
1154 3845 1267 3928 palatii
1284 3868 1325 3912 a-
