2920 4972
301 357 337 415 s.
356 358 443 419 cna.
489 327 496 336 ”
550 361 687 423 neuun
705 361 944 422 rasncoaun
1048 359 1112 422 aas.
1221 334 1270 413 89

529 503 578 566 De
598 525 714 591 sponsa
734 505 875 567 allerias.

610 611 639 672 Ο
650 633 700 674 nn
713 631 746 673 ra
756 632 808 680 ns.

217 713 255 776 t.
285 714 322 776 ln
343 714 558 780 decretalibus
580 715 689 780 Siricii
709 717 829 801 Papae,
850 723 887 778 nt
907 714 1040 780 alterius
1054 735 1203 804 sponsam
1218 735 1275 778 ne·

133 815 188 859 mo
213 797 359 883 accipiat.
1180 872 1184 882 .

155 899 251 967 Siric.
281 926 310 966 c.
335 905 366 981 4.
415 906 465 966 De
493 903 657 988 coniugali
677 903 854 968 violatione
879 904 1062 988 requisisti,
1093 905 1120 966 si
1138 903 1276 988 despon-

218 995 318 1048 satam
341 987 397 1046 alii
421 985 566 1070 'puellam
592 989 676 1049 alter
697 990 732 1049 in
759 987 965 1050 matrimonio
994 986 1094 1071 possit
1118 987 1289 1070 accipere·

216 1071 286 1130 Hoc
309 1091 349 1130 ne
371 1069 426 1130 fiat
446 1070 549 1131 modis
571 1071 720 1132 omnibus
741 1071 942 1144 inhibemus;
965 1072 1042 1154 qnia
1064 1070 1121 1132 illa
1141 1068 1278 1132 benedi-

219 1151 296 1228 ctio,
322 1172 419 1233 quam
437 1162 556 1234 nuptae
579 1153 736 1216 Sacerdos
758 1154 896 1236 imponit
915 1155 1002 1238 apud
1018 1153 1143 1230 fideles,
1168 1151 1275 1214 cuiue

218 1233 292 1294 dam
312 1235 473 1317 sacrilegii
496 1235 598 1298 instar
619 1245 677 1314 est,
699 1237 726 1298 si
745 1237 813 1299 ullt
829 1237 1083 1322 transgressione
1103 1235 1255 1299 violetur.

175 1363 225 1425 De
243 1364 431 1437 Monacbis,
462 1377 493 1426 et
511 1367 689 1446 virginibus
708 1369 908 1452 propositum
935 1389 1000 1430 non
1021 1366 1232 1429 servantibus.

281 1471 519 1554 Erroneam,
550 1477 766 1536 Monaears
794 1495 842 1536 rr
864 1475 1127 1538 Vracrnrrns.

192 1659 195 1664 Ι
216 1578 267 1638 Ll.
300 1579 381 1641 Item
397 1580 560 1657 eiusdem,
588 1591 626 1642 ut
643 1577 795 1642 Monacbi
815 1587 847 1641 et
862 1578 1005 1663 virgines
1020 1601 1116 1641 suum
1131 1576 1275 1663 proposi-

133 1670 204 1721 tum
225 1661 416 1724 omnimodis
434 1663 617 1728 observent.

52 1763 55 1768 ’
149 1763 243 1828 Sirio.
271 1791 298 1829 c.
327 1767 357 1830 6.
398 1769 572 1832 Praeterea
594 1769 829 1832 Monacborum
857 1767 1013 1854 quosdam
1038 1775 1142 1850 ¹atque
1160 1769 1272 1832 Mona·

213 1849 357 1930 charum,
382 1851 506 1914 abiecto
527 1853 692 1936 proposito
706 1852 898 1930 sanctitatis,
920 1852 953 1911 in
977 1859 1099 1914 tantam
1118 1859 1274 1935 protesta-

214 1933 259 1994 ris
279 1935 442 1996 demersos
464 1957 531 1996 esse
553 1935 729 2011 lasciviam,
748 1945 783 1996 ut
799 1934 889 2018 priris
911 1934 1074 2010 clanculo,
1100 1935 1194 1996 velut
1213 1931 1273 1994 snb

214 2017 485 2079 monasteriorum
506 2027 694 2099 praetextu,
716 2018 841 2080 inlicita
861 2040 898 2079 ac
922 2016 1078 2098 sacrilegii
1103 2039 1136 2080 sc
1160 2024 1274 2079 conta·

213 2099 309 2182 gione
333 2100 541 2176 miscuerint,
564 2101 675 2184 posted
695 2123 774 2162 vero
799 2101 833 2160 in
856 2101 1030 2182 abruptum
1051 2097 1272 2162 conscientiae

215 2182 440 2266 desperatione
466 2183 643 2264 perducti,
682 2183 722 2245 de
751 2183 884 2246 inlicitis
913 2181 1138 2264 complexibus
1170 2180 1274 2242 libere

214 2264 297 2327 lilios
317 2265 539 2348 procrearint:
562 2267 651 2347 quod
670 2275 703 2326 et
723 2266 872 2349 publicae
895 2265 983 2348 leges
1004 2273 1037 2325 et
1055 2263 1274 2326 ecelesiastica

215 2349 286 2408 iura
314 2347 541 2408 condemnant.
584 2351 646 2410 Has
674 2348 775 2431 igitur
801 2348 978 2430 impudicas
1001 2347 1274 2428 detestabilesque

214 2451 368 2514 personas
389 2431 406 2490 a
422 2430 694 2516 monasteriorum
709 2441 804 2494 coetu
818 2430 1104 2513 Ecclesiarnmqne
1127 2449 1275 2492 conven-

213 2513 299 2574 tibus
324 2511 538 2574 eliminandas
563 2535 631 2577 esse
655 2515 858 2576 mandamus:
881 2512 1042 2596 quatenus
1069 2522 1212 2575 retrusae
1238 2511 1272 2571 in

213 2595 280 2658 suis
300 2594 481 2678 ergastulis,
502 2605 628 2660 tantum
646 2597 772 2658 facinus
793 2596 947 2658 continua
966 2595 1197 2658 lamentatione
1218 2593 1274 2656 de·

214 2677 339 2754 flentes,
360 2677 579 2759 purificatorio
597 2679 721 2762 possint
736 2678 958 2762 poenitudinis
974 2677 1050 2760 igne
1074 2678 1272 2759 decoquere,

213 2771 250 2822 ut
270 2761 316 2821 eis
340 2759 392 2820 vel
412 2761 452 2820 ad
464 2770 602 2821 mortem
620 2762 742 2840 saltem,
761 2762 860 2824 solius
879 2760 1120 2822 misericordiae
1137 2760 1272 2836 intuitu,

211 2864 271 2928 per
291 2842 529 2906 communionis
554 2845 688 2926 gratiam
704 2845 805 2930 possit
826 2843 1032 2928 indulgentia
1052 2842 1240 2908 subvenire.

551 2953 600 3012 De
626 2975 706 3038 pace
731 2953 849 3016 danda.

496 3057 525 3120 0
569 3081 591 3120 ss
632 3082 652 3121 n
695 3083 707 3122 r
751 3082 767 3121 s
810 3081 834 3122 n
875 3081 900 3122 s.

211 3165 279 3228 Ltl.
312 3166 348 3226 In
368 3165 587 3226 decretalibus
610 3165 795 3227 Innocentii
816 3166 943 3249 Papae,
971 3173 1008 3225 ut
1025 3186 1089 3250 pax
1112 3162 1209 3226 datar
1232 3161 1271 3224 ab

127 3247 291 3325 omnibus,
314 3248 472 3310 conlectis
496 3248 618 3310 Christi
639 3247 855 3310 sacramentis.

150 3356 322 3415 innocent.
343 3376 411 3437 cap.
431 3377 456 3414 ι.
497 3355 614 3416 Pacem
636 3354 735 3438 igitur
754 3353 868 3416 asseris
891 3362 964 3414 ante
985 3355 1133 3416 confecta
1150 3363 1270 3438 myste-

212 3436 260 3496 ria
281 3437 437 3518 quosdam
458 3437 586 3520 populis
610 3437 786 3520 imperare,
815 3435 869 3498 vel
890 3435 951 3496 sibi
977 3437 1062 3497 inter
1080 3437 1270 3498 Sacerdotes

211 3519 351 3596 tradere,
376 3519 450 3580 crim
469 3529 541 3602 post
560 3520 686 3600 omnia,
715 3541 798 3602 quae
821 3517 946 3602 aperire
972 3541 1038 3580 non
1062 3519 1182 3595 debeo,
1207 3540 1271 3602 pax

196 3592 253 3662 'sit
274 3603 456 3663 necessario
479 3602 673 3680 indicenda,
703 3624 762 3686 per
787 3623 884 3684 quam
908 3610 1035 3663 constet
1048 3601 1207 3684 populum
1230 3603 1271 3662 ad

211 3683 319 3744 omnia
337 3705 420 3766 quae
441 3685 475 3744 in
498 3684 658 3767 mysteriis
676 3694 818 3768 aguntur
833 3693 929 3765 atque
955 3685 988 3744 in
1010 3682 1159 3746 Ecclesia
1180 3684 1270 3745 cele-

210 3765 348 3828 brantur
368 3767 555 3850 praebuisse
574 3789 785 3845 consensum,
812 3788 850 3828 ac
876 3766 967 3828 finita
992 3789 1060 3831 esse
1079 3766 1168 3849 pacis
1189 3787 1270 3830 con·

150 3869 155 3874 ·
211 3847 376 3911 cludentis
398 3848 567 3932 signaculo
593 3851 865 3913 demonstrentur.

424 4025 426 4032 .
471 3980 521 4040 De
540 3981 717 4062 nominibus
739 3976 920 4042 recitandis.

526 4089 852 4150 Sacranorssns.
918 4133 921 4139 .

211 4194 295 4256 Llll.
321 4159 410 4254 ⁴ltem
428 4191 590 4271 eiusdem,
618 4204 654 4257 ut
679 4196 810 4258 nomina
835 4191 966 4280 publice
998 4213 1074 4256 non·
1089 4189 1270 4255 recitentur

102 4286 202 4342 -snte
231 4299 363 4363 precem
385 4276 628 4340 sacerdotalem.
