2952 4988
168 299 243 382 268
400 321 438 380 Α.
456 321 544 380 cua.
648 321 906 384 carrruuaam
1014 322 1077 387 sn.

114 531 119 546 .
253 459 298 524 ll.
341 463 384 526 Ut
406 461 537 547 fugitivi
562 461 684 527 Clerici
710 476 743 528 et
760 465 927 554 peregrini
949 465 967 527 l
993 467 1087 531 nullo
1109 469 1323 554 recipiantur

169 549 240 614 siue
255 547 525 610 commendatitiis
541 547 669 610 litteris.

253 627 317 694 lll.
359 633 403 692 Ut
415 629 618 715 Presbyteri,
633 629 787 709 Discum,
801 632 854 694 rel
871 631 992 695 caeteri
1003 632 1125 696 Clerici
1138 635 1323 699 mulierem

170 723 359 780 extraneam
377 711 411 773 in
429 713 525 775 domo
543 735 600 775 sua
618 734 684 774 nou
699 714 850 776 babeant.

252 793 312 860 lV.
354 797 397 857 Ut
421 796 574 859 blouacbi
601 804 636 858 et
652 797 776 860 Clerici
803 799 952 862 tabernas
977 819 1044 862 uon
1066 795 1321 884 ingrediantur,

174 877 295 944 edendi
317 878 370 940 vel
390 877 526 940 bibendi
541 877 645 941 causo.
1218 917 1222 930 .

255 959 295 1022 V.
339 963 381 1022 Ut
397 961 506 1046 ignota
526 961 729 1048 Angelorum
749 963 882 1026 nomina
900 987 962 1029 nec
984 965 1150 1050 fingantur
1170 985 1234 1028 nec
1256 985 1325 1026 no·

171 1045 350 1110 minentur.

256 1125 315 1190 Vl.
358 1129 401 1189 Ut
418 1127 571 1190 mulieres
591 1127 631 1190 ad
652 1127 754 1190 altare
772 1149 837 1191 uon
860 1129 1096 1214 ingrediantur.

259 1207 337 1272 Vll.
380 1213 421 1270 Ut
440 1209 591 1273 canonici
614 1211 688 1272 libri
706 1219 832 1273 tantum
853 1215 1004 1298 legantur
1020 1215 1053 1276 in
1074 1213 1236 1279 Ecclesia.

254 1291 352 1356 Vlll.
394 1295 437 1354 Ut
451 1293 561 1356 nullus
582 1315 642 1376 per
663 1296 835 1376 pecuniam
857 1295 1038 1359 ordinetur.

179 1429 182 1441 .
255 1373 317 1518 lXt.
360 1377 405 1438 Ut
423 1377 600 1440 Monachus
620 1377 673 1440 vel
688 1379 837 1442 Clericus
858 1380 898 1442 ad
914 1379 1075 1442 secularia
1096 1380 1227 1466 negotia
1250 1399 1320 1440 non

173 1473 326 1526 transeo.

258 1541 302 1606 X.
344 1539 515 1602 UtClerici
531 1541 572 1604 de
587 1543 715 1606 civitate
729 1543 769 1604 ad
780 1543 945 1606 civitatem
954 1566 1020 1608 non
1034 1544 1320 1628 transmigrentur.

258 1622 320 1690 Xl.
364 1625 407 1684 Ut
423 1623 534 1686 nullus
552 1626 696 1688 obsolute
715 1627 895 1690 ordinetur.

258 1705 341 1774 Xll.
383 1708 425 1767 Ut
442 1707 562 1770 Clerici
577 1721 610 1772 et
623 1709 775 1772 Monacbi
790 1711 824 1772 in
840 1731 899 1772 suo
913 1709 1082 1795 proposito
1095 1719 1324 1796 permaneant.

257 1785 358 1856 Xlll.
400 1791 443 1849 Ut
455 1789 574 1854 Clerici
597 1793 683 1852 inter
698 1815 731 1854 se
753 1793 921 1872 negotium
937 1793 1092 1857 habentes
1113 1793 1322 1877 isuoEpis-

177 1897 261 1962 copo
278 1872 522 1950 diiudicentur,
544 1895 610 1936 non
626 1875 644 1936 i
660 1875 870 1938 secularibus.

265 1953 361 2020 XlV.
403 1955 446 2014 Ut
467 1955 589 2021 Clerici
616 1965 650 2020 et
673 1959 825 2022 Monacbi
854 1957 990 2022 insidias
1018 1965 1134 2023 contra
1153 1959 1327 2022 Pastorem

175 2059 271 2104 suum
291 2061 358 2102 nou
374 2036 505 2100 iaciant.

257 2121 334 2188 XV.
377 2123 420 2183 Ut
442 2121 513 2182 loca
529 2141 612 2204 qnae
628 2122 808 2186 semecho
818 2123 966 2186 dedicata
980 2133 1057 2186 sunt
1074 2133 1112 2185 ut
1126 2122 1326 2186 monasteria

176 2207 261 2286 sint,
284 2213 434 2268 maneant
450 2204 609 2288 perpetuo
622 2207 835 2286 monasteria,
854 2227 917 2269 uec
935 2207 1059 2291 possint
1074 2207 1161 2268 ultrd
1180 2205 1253 2268 ficri
1270 2227 1326 2266 se-

178 2289 304 2356 cularia
324 2286 519 2350 habitacula:

178 2457 201 2521 b
262 2369 358 2516 XVll.
399 2372 442 2432 Ut
455 2370 567 2434 nullm
578 2368 752 2454 Presbyter
766 2380 881 2434 contra
892 2395 989 2437 suum
999 2371 1198 2458 Episcopum
1211 2391 1329 2454 super·

203 2457 251 2520 ire
267 2477 309 2516 nu
334 2461 394 2515 eat.

262 2535 375 2602 XVll.
416 2539 460 2598 Ut
480 2533 602 2598 Clerici
624 2535 836 2598 ecclesiastici
854 2536 1009 2617 Ordinis,
1025 2537 1051 2600 si
1067 2535 1198 2618 culpam
1215 2534 1329 2596 incur·

180 2620 307 2700 reriut,
324 2641 341 2680 a
365 2618 410 2680 ud
423 2616 667 2681 Ecclesiasticus
684 2619 892 2698 iudicentur,
914 2643 980 2682 non
999 2621 1085 2705 apud
1099 2621 1275 2680 seculares.

268 2641 400 2767 XVllI.
444 2703 487 2762 Ut
500 2701 559 2784 qui
576 2699 827 2764 commodaverit
846 2706 1037 2787 pecuniam,
1054 2701 1229 2788 pecuniam
1243 2697 1331 2761 acci-

181 2787 259 2873 piat.
301 2785 337 2848 si
360 2783 503 2869 speciem
523 2785 639 2863 aliam,
660 2784 797 2846 candem
818 2788 977 2870 speciem,
997 2793 1158 2872 quantum
1176 2784 1328 2860 dederit,

183 2870 251 2935 acci
276 2870 330 2929 iat.

252 2893 364 3016 lXIX.
406 2953 448 3013 Ut
462 2960 536 3012 unte
553 2947 670 3033 viginti
684 2948 833 3032 quinque
848 2971 951 3014 annos
964 2952 1077 3014 aetatis
1091 2970 1152 3012 nec
1164 2948 1330 3010 Diacones

184 3033 400 3114 ordinentur,
420 3056 482 3096 nec
497 3033 643 3117 virgines
662 3045 906 3096 consecrentur.

266 3115 344 3182 XX.
386 3120 430 3180 Ut
448 3117 592 3200 virgines
611 3118 682 3176 Deo
705 3127 845 3178 sacratae
867 3117 962 3178 simul
984 3115 1167 3178 habitantes
1186 3112 1332 3174 invicem

185 3223 220 3266 se
241 3200 439 3279 custodiant,
462 3221 523 3262 nec
538 3197 656 3285 passim
673 3199 820 3281 vagando
837 3199 1003 3262 Ecclesiae
1021 3199 1152 3261 laedant
1169 3195 1329 3260 existima·

186 3286 321 3348 tionem.

269 3364 364 3430 XXl.
405 3367 449 3426 Ut
466 3365 545 3428 salsa
565 3363 696 3426 nomina
712 3363 891 3448 Martyrum
913 3387 979 3426 non
997 3370 1211 3426 venerentur.

269 3447 385 3512 XXll.·
424 3449 468 3508 Ut
491 3469 552 3509 nec
574 3448 694 3509 uxorrl
718 3445 789 3507 viro
817 3447 946 3509 dimissa
972 3447 1074 3507 alium
1095 3444 1252 3527 accipiat,
1279 3441 1332 3502 vi-

188 3542 290 3597 vente
311 3530 383 3594 viro
404 3552 479 3600 suo;
503 3553 565 3592 nec
584 3531 634 3602 vir
655 3529 752 3590 aliam
769 3530 922 3612 accipiat,
943 3531 1075 3592 vivente
1094 3547 1194 3590 uxore
1209 3526 1332 3608 priore.

271 3613 403 3678 XXIll.
445 3615 488 3674 Ut
504 3612 731 3677 Ecclesiastico
747 3612 872 3676 ieiunia
895 3613 965 3676 sine
983 3611 1174 3676 necessitate
1187 3607 1332 3670 rationa-

189 3698 251 3760 bili
270 3719 335 3760 non
358 3697 538 3759 solvantur.
865 3709 867 3714 '

273 3799 401 3867 XXIV.
443 3805 486 3866 Ut
510 3803 699 3864 nullatenus
719 3800 894 3884 Presbyter
912 3809 987 3862 ante
1006 3799 1207 3883 trigesimum
1221 3792 1334 3858 aetatis
1465 3849 1466 3864 ,

192 3909 268 3952 snare
290 3907 414 3948 annum
439 3886 618 3949 ordinetur.

279 3990 384 4058 XXV.
427 3995 471 4056 Ut
486 3991 574 4056 nulli
592 3990 802 4058 sacerdotum
815 3989 913 4052 liceat
928 3990 1078 4074 ignorare
1093 3997 1338 4050 sanctorumca·

194 4100 318 4140 nonum
338 4077 495 4140 instituta.

277 4193 404 4259 XXVI.
446 4195 489 4254 Ut
502 4193 614 4252 nullus
637 4191 816 4272 Episcopus
842 4189 883 4250 ad
901 4186 1081 4249 Clericatus
1109 4185 1250 4246 officium
1269 4205 1338 4246 ser-

194 4300 272 4341 vum
293 4277 437 4353 ulterius,
453 4275 523 4337 sine
538 4274 662 4354 domiui
677 4274 727 4337 sui
744 4273 924 4351 voluntate,
937 4289 1128 4357 promovere
1144 4274 1338 4353 praesumat.

1447 251 1460 446 l
