2920 4972
154 278 224 342 u111
572 269 846 328 ,runnu

154 497 282 554 Eiusdem
298 486 432 548 Ludovici
457 489 579 562 Epistola
600 487 635 542 ad
658 488 810 556 Eugenium
832 488 862 542 ΙΙ
883 490 962 544 missa
984 507 1032 562 per
1048 491 1211 546 Hieremiam

227 579 255 622 et
273 568 376 628 Ionam,
395 563 541 634 Episcopus
553 600 560 625 ‚
571 591 573 596 ·
586 577 649 613 cum
670 563 744 612 Actis
769 560 883 628 Synodis
903 562 1078 628 Parisiensis‚

155 659 355 716 sacramentale
376 654 555 726 promissionis
577 653 651 723 quod
677 653 772 705 Clarus
798 662 826 705 et
849 654 968 724 Populus
986 659 1120 710 Romanus
1136 655 1211 710 fece-

221 739 285 782 runt
303 727 442 780 Ludovico
464 726 512 778 Pio
537 724 694 796 Imperatori
714 734 743 776 et
766 723 893 776 Lotharit
915 725 972 777 lilio
995 729 1053 780 eius
1071 744 1141 781 anno
1159 723 1212 784 824

223 807 363 871 praesente
382 796 525 859 Lothario,
570 823 572 828 .

153 892 308 963 capitulare
326 888 572 957 ingilenheimonso
592 887 686 938 datum
703 903 775 938 anno
793 884 893 940 Christi
909 884 981 952 820,

150 985 282 1040 Ludovici
302 985 343 1042 Pii
362 985 542 1053 Praeceptum
566 980 601 1033 de
618 980 789 1032 institutione
810 980 1006 1034 Monachorum
1028 980 1058 1036 in
1072 981 1209 1038 Monoste-

220 1057 260 1106 rio
278 1055 429 1118 Dervensi‚
1227 1054 1279 1120 370

149 1147 306 1219 capitulare
324 1145 387 1198 anni
404 1146 457 1200 828
475 1143 768 1216 qrraliterconveutus
787 1144 980 1216 Episcoporum
995 1145 1054 1199 fieri
1073 1146 1191 1212 debeat,
1226 1145 1276 1218 371

148 1242 268 1314 Epistola
285 1241 414 1322 generalis
433 1257 513 1309 quam
534 1238 693 1320 Ludo-vicus¹
710 1239 772 1290 Pius
791 1241 938 1308 Imperator
955 1259 988 1293 ex
1005 1241 1107 1311 placito
1115 1242 1211 1314 Aquis·

215 1329 337 1393 granensr
355 1319 436 1371 murt,
448 1309 627 1389 debConcrlus
646 1309 877 1380 Episcoporumin
887 1321 1005 1383 quatuor
1023 1313 1132 1384 Imperii
1147 1331 1208 1385 par·

218 1383 292 1434 trbus
316 1379 524 1446 congregandis,
1225 1383 1279 1451 375

152 1473 309 1543 capitulare
327 1471 523 1525 Wormatieuse
541 1471 605 1524 anni
624 1469 694 1535 820,
1227 1477 1279 1547 378

149 1566 285 1622 Ludovici
305 1565 345 1618 Pii
365 1565 536 1632 Imperatoris
556 1567 735 1633 Praeceptum
752 1564 786 1618 de
805 1565 900 1620 ordine
916 1567 1066 1622 monastico
1083 1570 1209 1626 restituto
1255 1557 1257 1568 Α

220 1639 249 1690 in
267 1637 429 1688 Monosterio
447 1637 533 1688 sancti
550 1637 684 1703 Dionysii:
1228 1642 1281 1710 389

150 1728 525 1812 Εἱυεᾶεωιρπαεοειρωηι·ἀε
545 1730 657 1795 Paganis
676 1728 710 1779 ad
729 1727 962 1802 christianitatem
985 1731 1153 1797 invitandis,
1182 1740 1210 1787 et
1269 1729 1276 1736 ⁶

222 1802 256 1853 de
281 1801 453 1852 institutione
476 1799 656 1867 Episcopatus
676 1799 941 1866 Hammaburgensis,
1228 1801 1282 1873 394

153 1894 253 1951 Charta
278 1891 430 1962 posterioris
452 1891 589 1944 divisionis
615 1891 722 1960 imperii
740 1891 811 1944 inter
834 1893 1000 1962 Pippinum,
1027 1895 1210 1959 Ludovicurn,

224 1975 252 2017 et
294 1963 424 2015 Karoluur
458 1961 528 2012 filios
570 1961 703 2014 Ludovici
727 1961 769 2014 Pii
804 1964 1001 2030 Imperatoris,
1044 1966 1108 2018 data
1141 1983 1212 2018 anno

223 2033 324 2089 Christi
340 2031 394 2092 837
410 2032 570 2104 Aquisgrani
588 2033 617 2082 in
634 2032 751 2100 generali
769 2033 866 2102 populi
884 2043 1041 2100 conventu,
1226 2033 1280 2105 397

186 2216 187 2220 ’
232 2200 461 2284 ¹Capitulurium
480 2199 594 2260 Koroli
612 2198 658 2262 M.
680 2213 711 2262 et
730 2199 889 2263 Ludovici
909 2199 966 2266 Pit
984 2202 1193 2266 collectiones.

152 2351 229 2408 libri
246 2358 365 2422 quatuor
381 2346 491 2400 collecti
510 2347 543 2400 ab
563 2348 688 2417 Ansegiso
705 2348 827 2412 abbate,

152 2445 229 2500 Libri
245 2451 299 2496 tres
317 2440 476 2512 posteriores
493 2440 605 2496 collecti
623 2460 639 2495 a
655 2442 804 2498 Benedicto
823 2439 938 2509 Levita,
987 2489 992 2500 .

152 2537 265 2592 additio
282 2535 305 2590 I·
927 2543 933 2558 ¹

151 2631 264 2687 Additio
282 2631 321 2681 Il.

152 2723 263 2780 additio
282 2723 337 2778 Ill.

150 2818 263 2874 Additio
277 2817 332 2877 tt.
