2952 4988
272 308 344 376 ἐ.
363 319 452 378 can.
556 315 695 375 nnauu
721 313 959 378 rnsucoauu
1063 316 1127 377 aa.
1237 301 1311 375 303

158 461 299 524 illorum
320 460 375 522 vel
398 459 557 546 peculiari
577 461 634 544 qui
657 459 674 519 b
695 459 835 544 propriis
853 459 993 524 dominis
1016 459 1165 524 libertate
1183 462 1311 525 ‹Ionan-

163 556 220 607 tar
238 553 275 606 ut
294 543 335 605 ad
356 545 472 626 gradus
501 541 735 606 ecclesiasticos
755 545 828 606 iure
851 553 1123 626 promoveantur,
1155 554 1311 612 statutum

164 637 215 690 est
235 635 272 688 ut
293 627 327 687 in
350 634 507 723 potestate
536 626 744 687 dominorum
763 626 915 688 consistat
939 635 1047 688 utrum
1065 627 1132 688 illis
1154 630 1312 693 concede·

162 733 213 788 re,
235 731 275 770 an
297 709 359 771 sibi
383 709 550 772 vindIcare
567 710 683 773 velint.
726 711 912 788 Caeterum,
933 709 960 769 si
974 717 1047 792 post
1060 709 1312 774 OrdInationem

163 785 292 875 aliquid
314 792 564 874 adquisiverint,
587 792 673 854 illud
694 792 886 856 observetur
900 793 989 875 quod
1013 793 1047 852 in
1069 789 1248 860 canonibus
1267 793 1310 858 de

165 874 363 937 consecratis¹
382 875 467 935 nihil
484 874 679 938 habentibus
699 874 911 936 constitutum
927 885 983 936 est.
1024 877 1073 938 De
1089 875 1311 940 Ecclesiamm

165 980 244 1019 vero
263 957 373 1035 servis,
395 959 560 1020 communi
577 955 739 1021 sententiat
759 958 926 1020 decretum
944 966 992 1020 ast
1008 967 1044 1018 ut
1063 955 1274 1044 Archiepisco
1298 961 1311 1022 i

189 1061 225 1101 er
244 1041 388 1138 singulas
406 1041 591 1125 provincias
613 1041 783 1104 constituti
806 1050 948 1102 nostram
968 1040 1209 1120 auctoritatem,
1230 983 1310 1106 SuI·

163 1064 312 1206 Iraganer
334 1143 412 1186 vero
443 1125 578 1186 illorum
592 1126 763 1208 exemplar
783 1124 874 1186 illius
898 1123 999 1206 penes
1024 1146 1058 1186 se
1079 1123 1228 1186 habeant.
1268 1125 1311 1188 Et

165 1206 429 1288 quandocunque
453 1209 493 1271 de
514 1207 637 1269 familia
655 1207 821 1272 Ecclesiae
839 1205 929 1268 utilis
948 1207 1103 1270 inventus
1117 1207 1160 1268 ali
1186 1207 1235 1270 uis
1254 1211 1310 1270 ob

166 1289 329 1351 diuandus
349 1299 408 1369 ost,
424 1291 457 1351 in
475 1291 610 1352 ambone
634 1291 702 1375 ipsa
715 1291 887 1352 auctoritas
903 1311 1011 1350 coram
1029 1289 1151 1374 populo
1163 1230 1309 1376 Iegatur,

166 1382 199 1432 et
224 1395 332 1433 coram
350 1374 579 1436 Sacerdotibus
601 1373 653 1436 vel
682 1396 791 1436 coram
810 1373 962 1437 fidelibus
986 1371 1078 1434 laicis
1105 1381 1181 1436 ante
1204 1395 1309 1435 cornu

165 1455 290 1532 altaris,
312 1456 396 1516 sicut
414 1457 446 1517 in
467 1458 781 1520 nostraauctoritate
802 1455 1001 1533 continetur,
1022 1457 1145 1517 remotd
1161 1457 1310 1540 quilibet

162 1537 355 1616 calliditate,
376 1540 559 1601 libertatem
579 1549 813 1623 consequentum
836 1545 872 1601 et
889 1548 968 1600 tnnc
983 1539 1114 1600 demum
1131 1538 1172 1600 ad
1190 1538 1309 1622 gradus

163 1620 402 1683 ecclesiasticos
428 1634 667 1706 promoveatur.
717 1622 876 1684 Similiter
900 1621 1032 1705 quoque
1061 1622 1101 1682 de
1138 1619 1189 1684 his
1212 1639 1309 1704 agen·

165 1703 244 1763 dum
264 1713 312 1764 est
335 1726 416 1786 quos
439 1705 515 1766 laici
538 1705 577 1766 de
602 1703 726 1765 familia
746 1703 966 1766 Ecclesiarum
989 1705 1029 1766 sd
1051 1723 1157 1766 saeros
1177 1706 1308 1766 ordines

163 1807 359 1868 promovere
381 1787 555 1850 voluerint.
598 1788 712 1850 Sedet
737 1788 777 1850 de
798 1786 849 1850 his
864 1809 945 1869 quos
963 1787 1144 1882 Praepositi
1159 1786 1307 1849 Canoni-

164 1891 279 1929 corum
312 1879 367 1931 aut
398 1870 635 1932 Monachorum
657 1869 855 1932 ordinandos
878 1870 1114 1954 expetiverint,
1140 1879 1173 1932 et
1194 1871 1307 1934 eadem

163 1952 267 2013 forma
288 1953 445 2015 servanda
464 1963 522 2016 est
958 1960 960 1966 ’

312 2062 361 2121 De
371 2063 518 2146 personis
535 2064 554 2122 ὰ
570 2063 682 2146 quibus
701 2083 765 2124 nou
779 2075 852 2122 sunt
871 2083 922 2122 res
940 2059 1154 2145 accipiendae.

248 2168 321 2233 VII.
364 2169 526 2230 Statutum
544 2177 606 2232 ‚est
634 2176 670 2228 ut
697 2167 810 2230 nullus
833 2165 974 2251 quilibet
1000 2165 1237 2229 ecclesiasticus
1266 2169 1306 2230 ab

166 2249 216 2310 his
238 2251 385 2334 personis
413 2272 465 2312 res
488 2249 642 2333 deinceps
668 2251 816 2334 accipere
843 2257 1026 2333 praesumat
1051 2270 1188 2332 quarum
1209 2250 1306 2314 liberi

162 2341 221 2393 aut
245 2334 441 2417 propinqui,
465 2331 527 2394 hac
544 2334 728 2395 inconsulta
749 2333 935 2408 oblatione,
963 2332 1088 2415 possint
1107 2353 1217 2394 rerum
1233 2355 1308 2418 pro·

163 2416 308 2497 priarum
327 2415 529 2478 exheredari.
573 2416 670 2495 Quod
684 2417 712 2479 si
729 2416 847 2513 aliquis
867 2415 1022 2497 deinceps
1037 2413 1100 2478 hoc
1114 2416 1221 2478 facere
1236 2425 1307 2480 teu-

161 2499 298 2576 taverit‚
329 2508 417 2560 utet
441 2508 611 2581 acceptor,
642 2499 790 2583 synodali
814 2498 866 2561 vel
889 2497 1050 2580 imperiali
1072 2499 1234 2564 sententia
1260 2499 1307 2563 di-

161 2580 273 2642 stricte
295 2581 443 2659 feriatur,
465 2590 497 2642 et
518 2603 570 2643 res
589 2582 630 2644 ad
651 2582 864 2644 exheredatos
881 2582 1026 2644 redeant.

161 2711 208 2772 Ut
237 2711 342 2772 nullus
371 2712 546 2790 Presbyter
575 2709 683 2796 aliqud
713 2711 887 2855 qqapiditate
918 2731 1106 2798 quemquam
1136 2723 1304 2774 tonsurare

661 2815 717 2856 sua
743 2808 802 2856 eat

243 2899 333 2960 VIII.
374 2901 540 2962 statutum
562 2909 610 2962 est
627 2900 724 2962 etiam
748 2910 785 2961 ut
805 2901 917 2962 nullus
941 2901 974 2960 in
995 2900 1156 2962 canonica
1177 2912 1234 2964 aut
1250 2923 1305 2963 re-

157 2981 267 3065 gulari
295 2983 495 3066 professione
517 2983 714 3046 constitutus
736 2984 880 3068 aliquem
906 2993 1075 3045 tonsurare
1095 2992 1230 3066 propter
1253 3005 1324 3046 res·

162 3064 387 3147 adipiscendas
409 3066 563 3150 deinceps
580 3068 788 3148 persuadeat:
819 3076 851 3128 et
871 3067 928 3149 qui
946 3066 1010 3128 hoc
1030 3067 1137 3127 facere
1154 3074 1305 3130 tentave-

161 3145 215 3226 rit,
238 3148 385 3232 synodali
402 3149 455 3211 vel
471 3148 630 3232 imperiali
647 3149 807 3212 sententiat
827 3150 930 3212 modis
951 3149 1100 3211 omnibus
1117 3148 1263 3212 feriatur.

468 3279 517 3339 De
537 3279 739 3359 Presbyteris
761 3281 1000 3341 constituendis.

244 3383 304 3446 IX.
346 3387 510 3447 statutum
533 3395 580 3448 est
601 3397 638 3449 ut
663 3388 733 3450 sine
753 3386 942 3450 arrctoritate
963 3387 1015 3450 vel
1035 3407 1196 3449 consensu
1209 3389 1306 3473 Epis·-

158 3489 330 3548 coporum,
347 3469 530 3554 Presbyteri
549 3470 581 3530 in
621 3471 798 3533 uibuslihet
810 3469 966 3532 Ecclesiis
984 3491 1045 3532 nec
1065 3471 1307 3534 constituantur

165 3570 226 3608 nec
246 3550 462 3632 expellantur.
503 3553 545 3613 Et
559 3491 683 3616 sidaici
707 3553 853 3615 Clericos
876 3553 1053 3635 probabilis
1068 3555 1153 3615 vitae
1173 3563 1206 3616 et
1225 3555 1305 3616 doc·-

162 3631 270 3692 trinae
300 3633 469 3716 Episcopis
496 3635 749 3707 consecrandos,
784 3637 916 3717 suisque
944 3636 978 3695 in
1002 3636 1158 3699 Ecclesiis
1182 3638 1305 3698 consti-

164 3713 313 3792 tuendos,
336 3715 528 3795 obtulerint,
549 3718 641 3778 nulla
660 3719 806 3802 quilibet
829 3718 997 3780 occasione
1020 3741 1074 3781 eos
1094 3717 1242 3782 reiciant.
1336 3755 1337 3760 κ

411 3821 459 3880 De
481 3825 598 3882 mansis
619 3825 859 3908 uniuscuiusque
881 3823 1054 3886 Ecclesiae.

246 3927 286 3987 X.
329 3927 493 3988 Statutnm
522 3941 569 3991 est
596 3940 632 3990 ut
661 3931 841 4011 unicuique
866 3929 1032 3994 Ecclesiae
1062 3953 1147 3992 unus
1176 3953 1305 3996 mansus

162 4009 292 4091 integer
312 4009 432 4091 absque
456 4011 526 4072 ullo
546 4012 681 4074 servitio
700 4013 912 4088 adtribuatur,
935 4021 968 4071 et
988 4013 1134 4098 Presbyt‹
1144 4007 1173 4074 ri
1198 4016 1231 4076 in
1258 4019 1305 4079 eis

163 4091 334 4152 constituti
363 4115 429 4152 non
457 4093 497 4154 de
523 4095 680 4172 decimis,
708 4115 815 4176 neque
842 4095 882 4156 de
908 4095 1125 4158 oblationibus
1146 4096 1304 4177 fidelium,

162 4193 229 4232 non
249 4174 289 4235 de
308 4174 477 4254 domibus,
509 4197 617 4260 neque
637 4179 677 4239 de
700 4177 790 4239 atriis
812 4177 864 4254 vcl
891 4175 994 4238 hortis
1016 4177 1106 4240 iuxta
1123 4179 1306 4243 Ecclesiam

111 4281 113 4304 ι
162 4255 287 4338 positis,
310 4279 416 4342 neque
433 4259 473 4321 dc
493 4260 693 4346 praescripto
710 4280 820 4324 manso
840 4259 974 4344 aliquod
990 4262 1159 4328 servitium
1184 4264 1306 4328 faciant
