2920 4972
152 301 200 376 76
359 317 394 375 s.
413 316 502 376 cun.
606 315 862 376 carnotinus
965 313 1029 378 ras.
1138 271 1142 280 ⁵

234 459 294 520 dos
318 455 498 535 constituit,
521 459 702 522 secundum
723 461 872 524 Canones
893 457 1044 534 Patrona,
1070 453 1120 516 bis
1145 452 1180 514 in
1200 475 1288 516 anno

149 559 152 562 ·
238 541 415 624 Episcopos
432 540 466 600 in
482 541 622 625 idipsum
637 543 671 602 in
692 564 887 626 unaquaque
912 537 1084 624 provincia
1107 537 1296 600 convenires

233 625 300 707 qni)
331 624 600 708 Metropolitanus
625 626 843 704 constituerit,
875 634 908 688 et
934 623 1043 685 omnia
1063 639 1294 705 quaecumque

234 706 425 768 emerserint
443 708 616 791 corrigere.
636 708 789 794 Episcopi
807 709 885 774 verb
903 707 961 792 qui
975 727 1042 766 non
1060 704 1289 781 convenerint,

236 790 271 850 in
293 789 433 874 propriis
466 791 563 874 positi
586 791 782 870 civitatibus,
804 803 837 856 et
857 811 925 852 non
961 811 1022 874 per
1051 787 1290 872 profectionem

236 874 394 950 absentes,
415 873 551 934 maxime
569 875 803 972 suppeditante
824 873 940 952 salute,
956 882 989 934 ct
1007 873 1026 934 a
1047 867 1234 933 necessariis
1258 882 1294 934 et

234 955 473 1019 excusabilibus
498 959 765 1043 occupationibus
790 956 900 1037 liberi,
928 953 1141 1018 fraternitatis
1167 953 1292 1017 intuitu

236 1040 463 1123 corripiantur.
1088 1059 1090 1066 ’
1200 1061 1202 1066 ·

481 1155 531 1218 De
555 1157 723 1220 Monaciu's
744 1171 777 1221 et
805 1148 947 1224 Clericir.

572 1273 631 1335 Er
646 1296 657 1336 ι
672 1296 719 1336 sc
739 1297 759 1339 o
777 1295 795 1338 r
811 1297 822 1336 ι
841 1295 866 1338 s.

237 1393 326 1464 X'IV.
368 1396 406 1462 ln
436 1402 586 1465 Concilio
611 1401 817 1484 Laodicensi,
845 1423 976 1466 necnon
1008 1411 1041 1464 et
1069 1401 1104 1461 in
1126 1398 1292 1480 Africano,

154 1483 353 1569 praecipitur
374 1492 409 1542 ut
427 1485 578 1547 Monachi
610 1496 643 1549 et
663 1486 786 1550 Clerici
804 1488 955 1558 tabernas
982 1503 1049 1548 uon
1068 1483 1296 1568 ingrediantur

157 1567 277 1632 edendi
293 1567 347 1629 vel
358 1565 494 1628 bibendi
511 1570 617 1631 causti.

177 1675 278 1736 Cone.
299 1673 428 1735 Laodic.
447 1697 517 1736 can.
535 1678 584 1754 24.
613 1676 776 1756 Quoniam
792 1697 859 1738 non
877 1683 1005 1760 oportet
1020 1671 1134 1736 altario
1147 1672 1297 1737 servien-

237 1767 297 1836 tes,
318 1757 551 1840 aPresbyteris
570 1781 672 1842 usque
691 1761 732 1822 ad
746 1759 920 1838 Diaconos,
942 1768 974 1820 et
995 1757 1149 1838 deinceps
1170 1755 1296 1817 ordinis

239 1840 451 1903 ecclesiastici
474 1863 585 1904 omnes
599 1863 701 1925 usque
718 1843 759 1904 ad
775 1831 953 1920 Ministros,
970 1850 1025 1901 aut
1049 1843 1213 1916 Lectores,
1241 1847 1298 1898 aut

238 1925 371 1998 Psaltas,
390 1933 445 1983 aut
458 1925 654 2002 Exorcistas,
671 1936 727 1986 aut
740 1925 909 2004 Ostiarios,
925 1934 981 1986 aut
1002 1923 1098 1985 etiam
1115 1943 1169 1984 eos
1186 1920 1295 2003 quiin

239 2007 405 2090 proposito
427 2017 503 2067 sunt
518 2009 751 2087 continentiae,
771 2009 919 2070 tabernas
941 2007 1088 2069 introire.
1168 2029 1196 2050 ι’

179 2115 279 2177 Conc.
301 2114 401 2176 Afric.
425 2137 546 2198 caup.
588 2121 631 2180 Ut
662 2118 785 2181 Clerici
810 2115 931 2180 edendi
956 2116 1011 2178 vel
1033 2111 1167 2177 bibendi
1195 2112 1292 2174 causti
1365 2099 1368 2103 ’

240 2199 388 2259 tabernas
404 2220 470 2260 non
492 2201 717 2286 ingrediantur
733 2201 796 2262 nisi
812 2198 1084 2286 peregrinationis
1102 2196 1294 2259 necessitate

242 2281 411 2370 compulsi.
1011 2301 1014 2308 ’

356 2421 406 2480 De
429 2419 482 2482 die
499 2421 680 2494 Dominica,
707 2421 845 2506 qualiter
863 2419 1024 2484 servanda
1038 2433 1094 2481 est.

581 2555 652 2617 Ao
692 2577 872 2618 ouras.

228 2669 313 2732 ‹·XV.
356 2667 486 2730 ltemin
514 2671 628 2736 eodem
652 2663 803 2736 Concilio
827 2668 1028 2756 praecipitur
1058 2677 1093 2728 ut
1116 2663 1135 2726 h
1162 2687 1297 2752 vespera

161 2771 265 2834 usqne
281 2751 321 2812 ad
334 2767 512 2835 vesperam·
522 2755 591 2818 dies
612 2756 775 2820 dominica
788 2765 947 2818 servetur.

182 2859 283 2938 Cone.
295 2857 426 2919 Laodic.
444 2882 514 2922 can.
533 2883 583 2944 29.
623 2861 696 2924 Non
710 2871 838 2946 oportet
854 2859 1056 2930 Christianos
1080 2855 1243 2918 iudaizare
1265 2864 1298 2916 et

244 2941 279 3002 in
299 2941 428 3002 sabbato
442 2965 568 3023 vacare,
583 2944 641 3006 sed
661 2945 788 3028 operari
809 2968 863 3008 eos
878 2945 912 3005 in
941 2944 1054 3007 eadem
1080 2941 1143 3001 die.
1185 2937 1299 3000 Domi-

243 3024 317 3084 nica
336 3046 425 3102 vero,
442 3027 674 3110 praeponendo
695 3029 834 3091 cande-m
850 3029 947 3104 diem,
969 3027 995 3089 si
1026 3025 1089 3086 hoc
1114 3023 1160 3082 eis
1179 3021 1298 3102 placet,

244 3116 361 3169 vacent
376 3115 530 3192 tanquam
547 3109 734 3175 Christiani.
776 3109 915 3191 Quodsi
935 3107 1061 3174 inventi
1095 3102 1220 3168 fuerint
1245 3101 1299 3161 iu·

248 3191 374 3251 (latrare
399 3191 568 3254 anaathemo
588 3193 663 3256 sint.

419 3329 469 3390 De
495 3333 611 3410 ignotis
633 3331 824 3412 Angelorum
847 3331 1033 3393 nominibus.

614 3462 643 3522 0
664 3483 785 3523 un1n
807 3483 828 3523 u
845 3482 869 3520 s.
1193 3521 1195 3528 .

247 3565 335 3627 XVI.
377 3565 469 3627 Item.
483 3565 517 3625 in
533 3567 647 3628 eodem
674 3567 827 3630 Concilio·
843 3565 1042 3652 praecipitur
1054 3574 1091 3625 ut
1113 3565 1223 3648 ignota
1240 3587 1300 3626 an-

53 3717 55 3721 ,
164 3647 311 3730 gelorum
326 3649 457 3709 nomina
475 3650 722 3732 necfingantur,
740 3671 801 3711 nec
824 3644 1046 3726 nominentur,
1074 3649 1136 3710 nisi
1167 3648 1301 3709 illorum

163 3751 245 3812 quos
261 3729 416 3792 habemus
431 3731 464 3790 in
482 3734 688 3794 auctoritate:
705 3734 738 3795 id
748 3732 983 3811 suntMichael,
993 3731 1136 3810 Gabriel,
1147 3731 1302 3814 Rapbael.

185 3837 285 3897 Cone.
306 3837 436 3898 Laodio.
455 3859 525 3899 can.
545 3839 594 3902 55.
629 3839 727 3918 Quod
745 3863 811 3901 non
831 3847 959 3922 oportet
979 3839 1192 3914 Christianos,
1211 3837 1303 3898 dere-

246 3920 322 3980 licta
338 3920 484 3981 Ecclesia
501 3923 573 4000 Dei,
589 3923 689 4001 abire,
708 3933 740 3984 et
764 3925 897 4006 angelos
916 3922 1096 4000 nominare,
1110 3929 1142 3982 et
1164 3940 1303 4001 congre-

247 4002 391 4086 gationes
411 4004 534 4064 facere:
558 4027 641 4087 quae
663 4007 771 4066 omnia
790 4005 965 4068 interdicta
982 4011 1065 4067 sunt.
1102 4003 1301 4084 Quicunque

247 4095 354 4146 autem
377 4080 528 4148 inventus
552 4088 651 4150 fuerit
679 4090 806 4152 occulte
838 4089 917 4152 huic
943 4085 1145 4151 idololatriae
1172 4105 1301 4161 vacans,

247 4167 415 4230 anathema
440 4168 492 4246 sit,
514 4171 667 4252 quoniam
696 4172 932 4256 derelinquens
954 4173 1133 4233 Dominum
1156 4177 1303 4232 nostrum

247 4255 357 4317 Jesum
379 4250 544 4316 Christum
561 4253 666 4316 filium
679 4255 753 4336 Dei,
773 4255 906 4320 accessit
926 4255 966 4317 ad
983 4251 1078 4318 idola.
1164 4271 1166 4277 ’
1193 4249 1198 4278 ²
