2920 4972
198 310 253 388 232
401 330 435 402 a.
455 327 542 384 aaa.

282 489 415 534 uxorem
448 470 561 530 ducere
596 489 659 532 non
699 467 742 527 li-

285 566 362 614 teat.

221 639 252 718 4.
278 637 328 696 De
335 633 467 716 seminis
490 645 597 720 sponte
624 631 672 692 vel
690 633 742 691 in-

281 719 347 778 uito
363 761 376 789 ‚
416 716 464 778 vel
492 713 559 777 sin'e
598 717 741 776 uirorum

280 821 452 876 consensu,
474 799 598 860 aetatis.

222 884 251 948 5.
279 884 327 944 De
360 905 396 942 eo
426 885 478 943 cui
505 894 635 940 mortem
656 899 741 940 uxor

279 985 349 1028 cum
369 965 442 1024 aliis
466 964 643 1024 machinata
664 974 719 1027 est.

217 1046 247 1109 6.
276 1050 325 1109 De
356 1049 489 1128 ingenuo
516 1047 572 1128 qui
592 1043 740 1104 ancillam

281 1130 378 1191 duait
395 1149 455 1213 pro
476 1130 625 1208 ingenua,
647 1139 678 1186 et
698 1125 738 1186 de
755 1189 760 1198 ,

278 1215 412 1292 ingenua
433 1231 511 1294 quae
538 1229 631 1270 servo
657 1229 740 1293 nup·

280 1296 321 1354 sit
339 1313 399 1376 pro
421 1294 563 1374 ingenuo.

219 1425 248 1483 7.
278 1399 740 1481 Deservoquiancillamsuam

281 1483 483 1544 concubinam
503 1483 630 1552 habuit,
652 1492 683 1540 et
702 1480 740 1537 il·

279 1568 311 1626 la
327 1567 437 1626 relicta
451 1563 571 1624 domini
589 1563 737 1623 ancillam

279 1647 348 1708 uult
368 1647 492 1706 ducere.

217 1752 246 1819 8.
273 1754 392 1814 Servus
414 1753 434 1812 ia
453 1751 581 1813 domino
596 1753 738 1814 libertate

279 1837 434 1907 donatus,
471 1835 499 1894 si
524 1847 636 1920 postea
668 1856 739 1894 cum

280 1921 345 1978 eius
383 1916 499 1990 ancilla
533 1919 736 1986 moechatur,

279 2001 349 2080 cogi
365 2012 469 2082 potest
489 2011 522 2058 ut
543 2019 677 2059 uxorem
695 1999 737 2058 il-

278 2084 341 2142 lam
359 2083 482 2143 habeat.

650 325 906 390 castrutium
1006 329 1070 389 752.

870 468 925 528 aet
961 489 1032 531 eum
1069 471 1183 534 uaeris
1221 488 1332 534 sorore

871 554 1061 620 moechatur.

795 651 840 698 12.
867 633 915 694 De
931 656 967 699 eo
981 636 1035 718 qui
1054 656 1125 704 cum
1143 632 1265 696 duabus
1284 654 1334 698 to·

872 717 995 777 roribus
1010 715 1185 778 dormierit.

793 795 839 858 15.
870 800 933 882 Qui
948 801 1097 866 ancillam
1117 801 1222 860 volens
1247 819 1334 860 uxo·

871 903 937 943 rem
962 882 1077 956 duxit,
1111 901 1181 944 cum
1211 903 1249 942 ea
1259 900 1334 965 per·

870 977 1002 1026 maneat.
1430 1023 1431 1026 ,

792 1043 836 1122 ¹4
870 1045 913 1106 Ut
952 1047 991 1108 ab
1029 1045 1200 1132 Episcopis
1239 1044 1332 1124 vagis

865 1129 1048 1208 Presbyteri
1084 1147 1148 1190 uon
1183 1124 1333 1190 ordinen-

870 1224 930 1274 tur.

793 1291 839 1356 15.
866 1294 1034 1372 Presbyter
1055 1291 1246 1374 degradatus
1268 1310 1330 1373 po-

870 1389 929 1437 test
954 1379 989 1436 in
1016 1378 1198 1438 necessitate
1225 1372 1330 1457 bapti-

869 1480 951 1520 zare.

793 1538 838 1602 16.
866 1542 913 1603 Ne
932 1541 1047 1602 Clerici
1067 1561 1155 1602 arma
1174 1551 1295 1620 gerunt.

791 1644 836 1704 ¹7·
865 1625 913 1684 De
930 1625 1059 1684 muliere
1078 1644 1156 1706 quae
1183 1621 1243 1681 oiri
1267 1623 1329 1680 im-

863 1708 1036 1792 potentiam
1050 1717 1204 1768 causatur.

791 1789 836 1855 18.
867 1790 916 1848 De
927 1809 963 1848 eo
976 1789 1031 1865 qui
1047 1809 1115 1848 cum
1132 1789 1244 1848 uxoris
1254 1805 1344 1866 suae,

866 1871 1052 1932 consobrina
1065 1872 1254 1931 moechatur.

791 1999 836 2060 ¹9·
863 1978 912 2036 De
928 1997 1019 2037 servo
1036 1989 1066 2035 et
1080 1976 1208 2048 ancilla,
1226 1976 1254 2036 si
1269 1995 1329 2058 per

866 2059 1081 2119 venditionem
1095 2071 1287 2141 separentur.

218 2212 248 2275 9·
278 2190 326 2250 De
342 2189 563 2268 mulgerequae
579 2187 677 2246 virum
690 2209 739 2246 su„
784 2186 835 2232 20.
868 2163 909 2227 Ut
943 2165 1158 2226 Chartularius
1181 2165 1235 2246 qui
1259 2184 1329 2224 cum

279 2293 331 2332 um
349 2272 382 2329 in
400 2272 463 2330 alio
477 2289 558 2353 pago
575 2269 662 2352 sequi
674 2290 738 2330 non

279 2353 353 2412 vult.

204 2459 249 2501 ιο.
281 2435 328 2494 De
338 2432 417 2516 filio
444 2435 498 2514 qui
516 2453 583 2493 eum
602 2453 739 2493 noverca

281 2519 460 2577 moechatus
479 2529 533 2578 est.

205 2624 250 2667 ιι.
278 2599 327 2660 De
358 2600 471 2682 ecqui
497 2619 565 2658 cam
592 2598 739 2678 privigna

868 2248 985 2308 ancilla
1016 2245 1222 2327 fornicatur,
1259 2265 1327 2306 eam

868 2331 1011 2391 libertate
1031 2327 1180 2388 donatam
1194 2347 1328 2389 uxorem

871 2413 983 2473 habere
1000 2423 1137 2490 cogatur.

788 2539 837 2580 21.
866 2519 929 2600 Qui
943 2537 1076 2577 uxorem
1091 2514 1187 2574 velari
1208 2514 1326 2597 permi-

870 2601 929 2672 sit,
952 2600 1047 2660 aliam
1061 2619 1109 2696 ne.
1115 2596 1219 2661 ducat.

308 2731 469 2791 Inclamat
493 2747 715 2788 suentscam'ra
737 2727 898 2789 Centrum
919 2749 957 2787 BT
979 2747 1084 2786 EORUM
1106 2747 1231 2786 tenua.

416 2859 465 2918 De
486 2857 636 2935 coniugiis
656 2857 689 2918 in
711 2859 804 2919 tertio
823 2870 854 2918 et
874 2870 988 2942 quarto
1010 2855 1121 2937 gradu.

284 2969 312 3032 Ι.
353 2967 391 3026 ln
409 2951 511 3025 tertio
527 2961 688 3042 genuculo
702 2973 909 3043 separantur,
942 2972 974 3022 et
1003 2972 1075 3044 post
1099 2962 1330 3044 poenitentiam

203 3063 324 3128 actam,
346 3050 372 3110 si
398 3049 442 3108 ita
460 3043 643 3120 voluerint,
665 3045 829 3106 licentiam
844 3044 965 3104 habent
984 3045 1056 3104 aliis
1074 3065 1108 3104 se
1123 3045 1330 3127 coniungere.

202 3139 242 3200 ln
262 3141 375 3218 quarta
391 3138 498 3190 autem
518 3126 745 3188 coniunctione
766 3129 793 3188 si
810 3125 934 3190 inventi
953 3127 1092 3201 luerint,
1116 3147 1169 3187 eos
1199 3149 1264 3186 non
1283 3149 1331 3188 se-

202 3236 365 3304 paramus,
386 3211 443 3272 sed
462 3209 692 3290 poenitentiam
711 3211 755 3270 eis
774 3209 953 3270 indicamus
975 3209 1014 3286 t).
1055 3207 1202 3269 Attamen
1218 3210 1245 3271 si
1261 3210 1331 3269 sac-

210 3313 279 3364 tum
312 3315 377 3354 non
403 3291 524 3368 luerit,
564 3291 686 3352 nullam
709 3292 894 3353 facultatem
916 3289 1134 3372 coniungendi
1158 3293 1192 3353 in
1217 3301 1331 3374 quarta

206 3376 411 3468 generatione
430 3374 539 3435 damus
562 3373 600 3446 l).

209 3514 257 3574 De
280 3531 315 3569 eo
336 3507 390 3588 qai
411 3525 479 3564 ciam
500 3503 610 3594 axoris
631 3522 704 3560 suae
715 3497 796 3583 filia
822 3497 948 3561 carnale
975 3503 1192 3564 commercium
1213 3500 1332 3569 habuit.

292 3613 336 3675 ΙΙ.
380 3611 414 3672 Si
433 3609 550 3688 aliquis
567 3629 640 3668 cum
655 3606 784 3666 filiastra
805 3627 861 3667 sua
888 3615 1012 3687 manet,
1035 3630 1095 3670 nec
1117 3620 1248 3672 matrem
1269 3633 1331 3672 nec

209 3699 307 3762 filiam
324 3695 423 3778 ipsius
437 3690 678 3773 potesthabere‚
698 3709 759 3749 nec
780 3687 835 3750 ille
856 3712 917 3750 nec
941 3693 996 3750 illa
1022 3693 1093 3752 aliis
1114 3715 1146 3754 se
1180 3703 1334 3774 poterunt

212 3782 409 3860 coniungere
431 3775 500 3834 ullo
515 3793 656 3854 unquam
672 3780 825 3854 tempore.
866 3771 1012 3833 Attamen
1039 3795 1120 3833 uxor
1139 3763 1219 3851 elus,
1241 3775 1266 3835 si
1288 3776 1334 3835 ita

210 3863 366 3938 voluerit,
388 3857 414 3919 si
432 3879 464 3917 se
480 3855 645 3916 continere
665 3875 728 3912 non
743 3863 862 3936 potest,
886 3854 912 3915 si
936 3864 1045 3936 postea
1064 3878 1159 3936 quam
1174 3858 1334 3938 leogiiovit

210 3947 297 4030 quod
323 3965 397 4004 cum
415 3939 481 3999 filia
492 3961 548 4000 sua
562 3937 613 4000 vir
641 3935 709 3997 eius
734 3937 797 3996 fuit
824 3937 858 3995 in
884 3935 1063 4016 adulterio,
1097 3940 1222 4004 carnale
1249 3961 1335 3999 com-

228 4097 444 4114 W

883 4193 938 4242 nisi
963 4194 1041 4260 prius
1064 4188 1122 4245 illis
1148 4192 1333 4262 constituatur

244 4202 276 4268 lc)
295 4200 331 4252 al.
349 4215 398 4249 ms.
417 4194 577 4246 indicamus.

879 4263 1061 4329 poenitentia.

244 4272 271 4338 l)
294 4269 326 4321 ln
345 4283 398 4318 uno
416 4281 467 4320 ms.
486 4263 593 4314 additur
611 4258 741 4312 clausula:
