2958 4986
286 333 321 388 A.
341 327 429 388 cna.
536 327 673 387 arcun
694 328 932 386 ranuconuu
1037 307 1099 385 tos.
1205 293 1276 384 1'93

139 478 250 568 Quae
277 487 482 570 sequuntur
513 473 712 567 Capitale,
744 473 837 542 dato
866 473 1040 544 videatur
1063 474 1104 543 lu
1125 473 1277 568 Synodo

186 578 293 672 cuius
303 577 440 645 mentio
446 575 498 666 fit
509 575 548 644 in
555 585 750 675 postrema
757 583 870 666 porte
878 573 1086 665 superioris
1103 573 1278 669 Capituli.

202 699 251 758 De
276 699 363 757 lcostc
383 710 412 756 et
432 717 540 779 pugno
561 709 654 776 cupre
677 695 773 754 aratis
790 691 1015 756 Sacerdotibus
1034 694 1218 798 prpliibitis.

224 803 375 866 Secunda
392 803 488 880 vice,
508 811 642 884 propter
665 799 855 882 'ampliorem
877 797 1133 880 observantiam,
1156 812 1282 884 aposto-

136 889 203 950 licis
225 887 414 947 auctoritate
436 895 470 947 et
486 885 665 944 multorum
681 892 866 944 sanctorum
881 881 1118 963 Episcoporum
1139 885 1283 948 admoni-
1308 923 1313 931 ·

137 973 232 1033 tione
251 968 419 1044 instructi,
442 977 691 1047 sanctorumque
710 968 881 1026 Canonum
905 965 1028 1046 regulis
1048 966 1177 1045 edocti,
1201 989 1283 1031 con·
1316 995 1319 1002 ·

140 1054 233 1117 sultu
246 1051 400 1116 videlicet
419 1050 565 1113 omnium
582 1048 743 1109 nobilium
757 1056 958 1124 nostrorum,
983 1049 1195 1132 nosmetipsos
1210 1072 1285 1112 cor-

140 1137 304 1218 rigentes,
331 1133 534 1216 posterisque
564 1131 680 1193 nostris
707 1130 894 1213 exemplum
920 1128 1050 1208 dantes,
1073 1133 1225 1196 volumus
1247 1140 1285 1193 ut

144 1219 258 1280 nullus
282 1216 437 1278 Sacerdos
463 1214 648 1280 inhostem
671 1219 800 1297 pergat,
824 1212 887 1272 nisi
913 1211 1055 1294 duo'vel
1076 1223 1141 1276 tres
1159 1213 1286 1276 tantiam

141 1299 318 1384 Episcopi,
348 1299 510 1360 electione
538 1307 760 1372 caeterorum,
794 1303 928 1378 propter
954 1295 1219 1360 benedictionem
1253 1305 1287 1359 ct

143 1383 422 1468 praedicationem
436 1380 615 1464 populique
629 1377 949 1454 reconciliationem,
967 1387 1090 1440 etcum
1107 1381 1172 1444 illis
1189 1380 1288 1442 electi

144 1467 358 1544 Sacerdotes,
380 1463 438 1546 qui
458 1464 542 1524 bene
568 1462 671 1524 sciant
684 1461 816 1544 populis
832 1459 1049 1543 poenitentias
1065 1462 1159 1542 dare,
1176 1464 1291 1526 Missas

146 1545 399 1618 celebrare,.de
430 1545 567 1606 infirmis
598 1567 709 1606 curam
730 1545 850 1605 hahere
865 1587 877 1615 ,
907 1543 1087 1626 sacratique
1115 1546 1181 1607 olei
1213 1568 1289 1608 cum

147 1631 248 1695 sacris
266 1629 417 1712 precihus
440 1627 630 1690 unctionem
651 1627 858 1710 impendere,
878 1635 910 1686 et
928 1625 991 1688 hoc
1010 1627 1147 1690 maxime
1162 1628 1289 1712 praevi-

138 1717 228 1777 dere
251 1734 292 1773 ne
325 1713 395 1774 sine
424 1712 543 1774 viatico
564 1711 638 1794 quis
665 1710 704 1770 dc
740 1711 851 1770 seculo
883 1705 1023 1770 recedat.
1065 1711 1107 1770 Hi
1128 1712 1206 1773 reri>
1228 1733 1290 1772 nce

148 1819 237 1858 arma
253 1795 380 1874 lerant,
395 1811 457 1855 nec
471 1793 512 1855 ad
524 1815 667 1880 pugnam
679 1803 832 1876 pergant,
852 1813 913 1853 nec
929 1789 1081 1870 effusores
1094 1795 1292 1876 sanguinum

60 1926 64 1935 ι
148 1879 206 1945 vel
227 1879 398 1960 agitatores
420 1877 520 1956 fiant,
547 1877 604 1939 sed
627 1875 754 1936 tantiam
775 1876 966 1938 Sanctorum
987 1875 1124 1958 pignora
1146 1887 1178 1938 et
1202 1899 1292 1939 sacra

148 1961 332 2024 ministeria
347 1959 471 2038 ferant,
497 1969 529 2021 et
551 1957 750 2021 orationihus
770 1980 831 2041 pro
847 1957 971 2021 viribus
989 1957 1158 2032 insistant;
1181 1969 1217 2020 ut
1231 1981 1292 2043 po-

149 2044 251 2131 pulus
272 2043 330 2125 qai
348 2063 494 2126 pugnare
513 2042 625 2120 dehet,
649 2041 827 2102 auxiliante
848 2040 1008 2120 Domino,
1032 2040 1138 2103 victor
1159 2042 1294 2121 existat,

152 2137 187 2189 et
206 2148 273 2186 non
288 2125 330 2186 sit
344 2127 500 2188 Sacerdos
516 2124 599 2188 sicut
613 2124 763 2207 populus.
804 2123 937 2205 Reliqui
953 2123 1032 2186 verb
1051 2123 1108 2206 qui
1127 2125 1168 2189 ad
1181 2125 1296 2187 Eccle-

133 2207 137 2218 “
153 2203 303 2273 sias'suas
320 2217 511 2284 remanent,
530 2229 605 2269 suos
624 2206 773 2267 homines
781 2205 871 2266 bene
887 2209 1023 2268 armatos
1038 2206 1223 2286 nobiscum,
1239 2217 1295 2271 aut

153 2314 232 2356 cum
251 2289 368 2372 quibus
387 2289 593 2368 iusserimus,
617 2289 776 2372 dirigant3
798 2297 831 2348 et
848 2287 909 2371 ipsi
926 2311 986 2372 pro
1012 2289 1105 2352 nobis
1126 2302 1158 2352 et
1174 2301 1295 2354 cuncto
1363 2353 1373 2366 ,

154 2375 304 2438 exercitu
322 2381 432 2435 nostro
452 2373 584 2450 Missas,
606 2372 765 2449 letanias,
782 2371 981 2448 oblationes,
1002 2370 1222 2458 eleemosynas
1245 2376 1296 2435 fa-

154 2458 257 2534 ciant,
279 2465 406 2518 orantes
420 2458 526 2516 Deum
544 2455 628 2517 coeli
646 2465 682 2516 ut
695 2454 901 2537 proficiamus
916 2453 950 2512 in
969 2453 1086 2532 itinere
1101 2478 1166 2538 quo
1185 2454 1297 2541 pergi-

154 2537 240 2617 mus,
262 2539 477 2620 victoresque,
491 2540 563 2600 Deo
578 2537 842 2614 adminiculante,
860 2535 1042 2598 existamus.
1073 2541 1194 2601 Gentes
1209 2543 1297 2602 enim

155 2633 191 2686 et
203 2625 306 2704 Reges
323 2643 434 2684 earum
456 2642 537 2702 quae
554 2621 741 2682 Sacerdotes
754 2642 795 2682 se
810 2641 885 2680 cum
904 2641 1049 2702 pugnare
1067 2623 1296 2703 permiserunt,

155 2704 460 2788 necpraevalebant
474 2703 625 2780 inbelle,
641 2725 702 2764 nec
712 2703 853 2766 victores
863 2703 1052 2775 extiterunt
1066 2705 1218 2786 quianon
1229 2717 1298 2768 crat
1328 2759 1333 2768 ,

155 2787 341 2851 differentia
359 2787 446 2862 inter
459 2785 573 2847 Laicos
590 2795 623 2846 et
636 2786 843 2863 Sacerdotes,
866 2785 984 2867 quibus
1000 2807 1144 2869 pugnare
1163 2811 1230 2850 non
1249 2799 1299 2852 cst

155 2871 296 2933 licitum.
323 2871 409 2930 Haec
427 2869 506 2930 verb
525 2868 722 2946 Galliarum,
736 2868 981 2950 Hispaniarum,
998 2864 1298 2952 Longobardorum,

156 2951 402 3033 nonnullasque
422 2951 499 3012 alias
512 2949 634 3012 Gentes
651 2961 683 3012 et
698 2953 801 3032 Reges
814 2972 926 3014 earum
939 2952 1054 3014 iecisse
1069 2955 1299 3037 cognovimus3

156 3057 244 3120 quae
264 3043 400 3117 propter
417 3034 621 3116 praedictum
641 3033 908 3095 nefandissimum
925 3034 1049 3111 scelus,
1076 3057 1137 3098 nec
1156 3038 1299 3102 victores

159 3119 352 3194 extiterunt,
370 3138 430 3178 nec
447 3115 565 3199 patrias
578 3117 796 3177 retinuerunt.
815 3117 921 3193 Quam
934 3117 1062 3178 foveam
1076 3131 1301 3189 caventesma·
1356 3130 1361 3139 '

157 3204 270 3264 lamus
287 3222 362 3260 cum
376 3199 493 3282 paucis,
503 3208 535 3259 et
548 3197 792 3260 licitisDomino
808 3219 901 3280 opem
914 3199 1054 3278 ferente,
1066 3203 1204 3266 victores
1220 3205 1301 3268 exis·

158 3296 244 3361 tere,
254 3305 350 3365 quam
366 3304 439 3343 cum
453 3281 563 3343 multis
579 3291 611 3344 et
623 3280 757 3342 inlicitis
777 3289 877 3362 terga.
897 3279 985 3363 quod
995 3283 1098 3362 absit,
1110 3297 1237 3348 vertere
1247 3333 1256 3366 ,
1267 3298 1299 3349 et

161 3389 239 3430 cum
258 3365 433 3448 praedictis
459 3363 608 3447 gentibus
629 3363 747 3447 perire.
791 3357 905 3441 Qualis
933 3363 1021 3424 enim
1043 3367 1180 3430 victoria
1206 3371 1302 3431 datur

161 3449 220 3512 uhi
240 3448 430 3510 Sacerdotes
455 3447 520 3508 una
543 3447 623 3508 horai
648 3445 812 3506 dominica
835 3455 1035 3528 pertractant
1063 3451 1237 3532 mysteria,
1254 3463 1302 3515 'et
1386 3515 1396 3534 ῃ

163 3530 358 3595 Christianis
376 3529 576 3592 dominicum
587 3529 760 3610 porrigunt
777 3549 893 3609 corpus
907 3551 965 3610 pro
979 3550 1108 3592 suarum
1122 3535 1302 3597 animarum

161 3613 408 3696 redemptione,
439 3621 471 3674 et
489 3622 562 3696 post
576 3612 792 3686 Christianos,
821 3610 939 3691 quibus
958 3610 1020 3672 hoc
1041 3615 1222 3678 ministrare
1242 3619 1302 3681 de-

162 3700 322 3773 buerant,
345 3706 400 3757 aut
421 3697 585 3778 Paganos,
598 3693 726 3778 ,quihus
747 3692 913 3754 Christum
935 3695 1141 3776 praedicare,
1163 3701 1303 3782 propriis

163 3778 397 3861 sacrilegisque
419 3779 566 3840 manibus
586 3777 722 3849 aecant;
736 3773 916 3859 ¹praecipue
936 3775 1063 3840 dicente
1085 3779 1130 3840 cis
1143 3783 1302 3845 Domino:

168 3863 235 3926 Vos
256 3863 331 3920 estis
349 3861 399 3921 sul
418 3874 522 3922 terroe
588 3859 654 3922 uod
667 3861 705 3921 sii
718 3859 768 3918 sol
786 3861 970 3930 evanuerit,
991 3861 1026 3920 iu
1042 3882 1105 3944 quo
1117 3864 1304 3928 condietur?

164 3943 222 4006 Ad
246 3943 483 4004 nihilum'oulet
508 3945 594 4003 ultro
621 3945 684 4004 nisi
701 3947 740 4002 'ut
759 3943 904 4002 mittatur
915 3939 1032 4021 sorar,
1054 3957 1084 4003 et
1105 3949 1305 4009 conculcetur

167 4027 410 4089 abhominatur.
452 4027 495 4086 Et
510 4025 588 4086 dum
603 4024 684 4086 haec
705 4025 750 4084 ita
766 4045 800 4084 se
822 4021 981 4102 habeant,
1003 4025 1160 4108 elegimus
1179 4033 1305 4112 potius,

166 4109 310 4172 Domino
338 4108 612 4184 adminiculante,
637 4107 798 4187 nobisque
819 4104 885 4167 illis
904 4115 936 4167 et
958 4109 1085 4172 cunctis
1107 4130 1220 4173 eorum
1240 4113 1305 4175 Ec-

9 4241 11 4246 ,
69 4265 71 4268 Ι
168 4179 278 4266 clesiis
297 4212 390 4271 opem
411 4193 558 4266 ferente,
583 4189 835 4272 necquicquam
853 4188 899 4250 eis
915 4211 976 4271 pro
993 4189 1057 4251 hoc
1075 4192 1114 4253 de
1128 4191 1306 4257 honoribus

171 4275 225 4337 vel
248 4267 468 4346 Eccl'esiarum
490 4273 587 4333 rebus
605 4273 793 4347 minuente,
807 4279 847 4344 ut
869 4272 985 4353 gradus
1002 4295 1114 4334 eoram
1137 4285 1169 4336 et
1182 4290 1310 4342 sancto-
1393 4296 1401 4306 '

1014 4387 1075 4456 13-
