2920 4972
285 337 428 396 aena.
537 333 930 392 nsounrnsnconun
1037 333 1098 394 sss.
1202 316 1250 389 39

110 478 497 562 bus,'ad'corrigend1im
519 487 551 540 et
574 475 816 540 emendandum
832 476 1012 540 secundam
1031 477 1179 542 ordinem
1195 501 1249 541 ca-

115 561 271 657 nonicam
306 562 533 646 spiritualem,
569 571 605 622 ut
631 562 677 624 sic
710 558 823 624 vivant
852 559 995 644 qualiter
1021 562 1093 622 Deo
1119 562 1248 645 plaeere

115 654 248 727 possint.
1107 669 1111 682 ·

190 793 193 808 ·
219 761 268 823 De
285 759 407 823 duabus
424 759 556 840 synodis
569 779 630 842 per
645 757 786 838 singulos
807 779 905 826 annos
924 758 1150 848 convocandis.

198 871 253 934 IV.
282 871 325 930 Ut
346 870 395 930 his
416 868 449 928 in
478 890 563 928 anno
589 867 730 950 synodus
752 867 816 935 fiat.
858 866 967 930 Prima
984 867 1252 950 synodusmensc

112 951 230 1034 primo,
260 953 350 1034 quod
369 961 417 1017 est
437 951 568 1016 Martias
589 947 770 1028 Kalendas,
802 949 993 1033 ubicunque
1012 951 1158 1012 Domuus
1182 952 1251 1012 Rex

113 1034 257 1112 iusserit,
279 1035 314 1096 in
329 1035 399 1096 eius
419 1032 611 1118 praesentia.
654 1032 804 1094 Secunda
818 1033 961 1116 synodus
977 1032 1141 1096 Kalendas
1154 1033 1252 1094 Octo-

109 1117 193 1198 bris,
215 1127 271 1178 aut
287 1119 328 1178 ad
341 1117 541 1195 Suessiones,
564 1124 619 1176 aut
638 1113 694 1176 ubi
719 1113 753 1176 in
774 1116 904 1178 Martias
920 1116 1083 1178 Kalendas
1102 1115 1190 1188 inter
1206 1115 1253 1199 ip-

110 1223 164 1262 eos
182 1200 360 1284 Episcopus
383 1199 548 1272 convenit.
597 1199 640 1268 Et
661 1197 711 1258 illi
734 1197 889 1285 Episcopi
912 1197 1034 1260 ibidem
1055 1197 1253 1260 conveniant

110 1305 199 1364 quos
220 1285 315 1346 modis
333 1284 404 1352 nice
426 1281 753 1364 Metropolitanorum
773 1280 1007 1344 constituimus.
1055 1281 1098 1344 Et
1119 1280 1170 1340 illi
1195 1281 1253 1342 alii

109 1366 270 1450 Episcopi
293 1368 346 1428 rel
363 1365 502 1428 Abbates
519 1387 577 1426 seu
599 1363 795 1448 Presbyteri,
818 1385 899 1446 quos
924 1362 1252 1446 ipsiMetropolitani

110 1449 202 1530 apud
221 1471 254 1510 se
275 1451 389 1512 venire
411 1447 576 1525 iusserint,
598 1447 719 1512 ibidem
738 1447 772 1506 in
791 1446 861 1530 ipsa
876 1448 1018 1516 secunda
1033 1447 1162 1532 synoda
1176 1467 1252 1508 con·

110 1531 231 1598 venire
248 1532 380 1597 faciant.

157 1645 230 1730 Qud
259 1649 382 1710 rasione
411 1652 475 1710 sint
505 1646 697 1709 emendandi
730 1649 792 1732 qui
814 1649 959 1710 oiromm
990 1661 1044 1716 aut
1069 1647 1250 1732 puellarum

240 1733 432 1796 monasteria
458 1744 576 1812 regunt.
754 1739 760 1748 '

199 1840 239 1904 V.
261 1841 304 1898 Ut
321 1838 526 1916 monasteria,
543 1848 609 1898 tam
624 1839 770 1902 virorum
786 1841 883 1924 quim
901 1839 1096 1924 puellarum,
1115 1835 1250 1900 'secun-

111 1921 194 1982 diam
211 1920 360 1983 ordinem
372 1921 568 2005 regulariter
584 1922 706 1986 vivant.
747 1923 790 1984 Et
810 1924 837 1984 si
850 1923 913 1984 hoc
929 1923 1034 1984 lacere
1054 1931 1253 2002 contempse-

110 2005 192 2082 rint,
213 2003 392 2088 Episcopus
408 2005 442 2064 in
461 2004 554 2066 cuius
569 2005 720 2088 parochia
740 2027 807 2068 esse
827 2005 983 2068 videntur
997 2005 1061 2067 hoc
1079 2005 1252 2067 emendare

112 2087 225 2156 dehet.
268 2089 366 2166 Quod
384 2088 410 2148 si
431 2110 496 2148 non
515 2089 637 2170 poterit
654 2089 717 2150 hoc
734 2090 923 2168 emendare,
953 2087 1004 2148 illi
1023 2109 1122 2172 quem
1135 2088 1253 2149 Metro-

111 2171 299 2252 politanum
317 2171 542 2234 constit'uimus
560 2170 622 2232 hoc
640 2171 837 2251 innotescat,
859 2181 893 2236 et
911 2171 979 2255 ipse
1001 2169 1065 2232 hoc
1085 2169 1253 2232 emendari

112 2253 224 2314 faciat.
265 2253 364 2332 Quod
382 2253 411 2315 si
425 2253 488 2314 hoe
509 2276 570 2316 nec
593 2254 662 2336 ipse
681 2255 855 2316 emendare
872 2254 1008 2340 poterit,
1020 2281 1022 2288 ’
1035 2255 1076 2316 ad
1092 2252 1254 2336 synodum

111 2336 283 2417 publicam
302 2335 421 2398 exinde
439 2336 585 2416 veniant,
607 2346 644 2404 et¹
654 2337 775 2400 ibidem
790 2338 979 2403 canonicam
995 2335 1188 2398 sententiam
1203 2356 1252 2396 ac·

117 2419 254 2501 cipiunt.
294 2418 337 2480 Et
357 2419 384 2480 si
404 2419 570 2504 publicam
591 2419 751 2503 synodum
774 2420 1042 2504 contempserint,
1072 2428 1128 2480 aut
1143 2417 1252 2478 hono·

113 2523 187 2564 rem
200 2523 295 2562 suum
317 2503 475 2582 perdant,
501 2512 560 2564 aut
574 2503 897 2566 excommunicentur
926 2501 965 2564 ab
983 2502 1132 2564 omnihus
1153 2500 1251 2585 Epis-

115 2585 220 2666 copis,
244 2593 275 2652 et
288 2585 369 2646 tales
384 2585 418 2646 in
437 2607 553 2670 eorum
564 2587 638 2648 loco
653 2587 688 2648 in
704 2586 772 2670 ipsa
784 2586 907 2670 synodo
926 2586 1175 2662 constituantur,
1191 2604 1251 2668 per

115 2668 256 2729 verbnm
276 2677 309 2728 et
328 2669 530 2731 voluntatem
547 2669 667 2730 Domni
684 2667 799 2752 Regis,
829 2669 880 2732 vel
901 2691 1063 2732 consensu
1083 2687 1251 2731 semorum

113 2750 190 2829 Dei,
213 2749 271 2832 qui
288 2751 467 2814 secundum
488 2751 636 2814 ordinem
653 2761 801 2830 sanctum
813 2751 919 2836 ipsum
939 2773 1070 2838 gregem
1083 2759 1207 2834 regant.

156 2865 207 2930 Ne
230 2866 400 2927 Abbatissa
423 2865 546 2928 duobus
573 2869 699 2950 praesit
727 2869 943 2939 monasteriis,
983 2888 1039 2934 aaa
1064 2879 1159 2928 exara
1185 2885 1251 2924 mo·

199 2949 387 3020 asceterium,
409 2951 474 3008 nisi
486 2951 559 3017 Iler:
574 2963 679 3021 uocet,
701 2950 864 3012 licentiam
878 2951 990 3020 habeat
1009 2945 1159 3010 exeundi.
1200 2947 1250 3005 De

201 3031 392 3098 monialibus
413 3033 510 3104 item,
540 3053 579 3092 ne
598 3045 734 3102 exeam,-
763 3045 794 3092 ct
815 3044 848 3092 ut
874 3033 981 3116 lapsae
1007 3032 1041 3092 in
1058 3031 1249 3090 manasterio

201 3115 273 3197 ipso
293 3115 521 3195 poenitentiam
539 3127 642 3194 agant.
688 3113 732 3175 Ut
745 3133 804 3196 par
821 3114 903 3178 alios
921 3115 1063 3188 ipsarum
1079 3113 1254 3176 necessum.

203 3212 250 3258 tes
269 3195 346 3275 Regi
366 3196 422 3256 vel
442 3196 571 3273 synodo
593 3211 813 3276 suggerantur,
852 3196 896 3257 Et
913 3195 953 3257 de
973 3195 1161 3280 predatione
1180 3194 1251 3254 illa-

206 3299 277 3348 rum
294 3299 372 3362 quac
390 3280 579 3363 regulariter
598 3281 708 3339 uiuere
727 3279 851 3347 nolunt,

179 3385 238 3448 Vl.
271 3385 506 3448 constituimus
535 3385 675 3447 utnulla
693 3383 857 3449 abbatissa
874 3383 938 3446 duo
957 3386 1149 3451 monasteria
1164 3407 1258 3468 prae.

118 3477 227 3531 sumat
239 3465 375 3539 hahere;
398 3490 460 3530 nec
477 3478 567 3531 extra
579 3469 809 3531 monasterium
828 3468 997 3530 licentiam
1016 3469 1132 3530 haheat
1150 3470 1252 3544 exire,

120 3551 186 3618 nisi
198 3549 375 3612 hostilitate
390 3561 537 3634 cogente.
579 3551 648 3622 Sed
660 3553 806 3617 Domnus
818 3553 888 3632 Rex
903 3551 1033 3632 quando
1051 3552 1193 3634 aliquam
1213 3551 1253 3610 de

121 3633 200 3716 ipsis
214 3631 390 3694 Abbatissis
402 3635 442 3695 ad
455 3656 490 3696 se
511 3635 623 3702 venire
646 3633 785 3714 iusserit,
806 3630 907 3696 semel
924 3633 957 3692 in
978 3655 1076 3712 anno,
1098 3655 1158 3716 per
1175 3654 1254 3694 con-

118 3737 255 3778 sensum
271 3715 426 3800 Episcopi
446 3716 481 3776 in
504 3715 596 3791 euius
614 3715 767 3798 parochia
785 3727 851 3794 est,
881 3725 918 3776 ut
934 3725 1014 3775 tune
1033 3719 1073 3778 ad
1097 3738 1172 3776 eum
1193 3715 1255 3774 ali-

121 3821 186 3880 qua
203 3797 316 3859 veniat
330 3820 370 3860 ex
385 3822 442 3860 sua
458 3796 612 3878 iussione,
628 3799 654 3860 si
672 3800 844 3861 necessitas
858 3796 969 3876 fuerit,
988 3807 1019 3859 et
1032 3797 1107 3860 alibi
1122 3797 1260 3862 omnini),

122 3902 190 3939 non
203 3880 320 3940 debeat
334 3902 395 3942 ricc
407 3903 468 3963 per
483 3883 577 3944 villas
597 3902 657 3942 nec
671 3903 730 3962 per
747 3881 809 3941 alia
826 3881 897 3942 loca
913 3880 1083 3958 demorari,
1110 3881 1170 3946 nisi
1188 3889 1258 3938 tan·-

121 3963 190 4022 tirm
211 3963 309 4043 quam
329 3964 472 4026 celerius
487 3964 628 4046 potuerit
649 3963 812 4024 a-mlnrlare
828 3973 860 4024 et
875 3963 1005 4025 reverti.
1045 3966 1087 4026 Et
1101 3963 1174 4023 antis
1192 3983 1258 4021 non

122 4055 253 4112 moveat
271 4045 311 4105 de
337 4069 395 4107 suo
413 4047 607 4108 monasterio
626 4047 926 4130 priusquim'suum
944 4045 1079 4113 Missum
1100 4045 1260 4106 transmit-

122 4133 172 4188 tat
194 4127 236 4188 ad
254 4128 420 4190 Domuum
442 4131 572 4210 Regem
625 4131 667 4190 Et
691 4129 717 4190 si
743 4128 873 4191 iusserit
890 4130 961 4189 Rex
982 4130 1112 4206 venire,
1140 4127 1259 4188 ueniat.

124 4209 186 4269 Sin
201 4219 321 4287 autem,
338 4211 372 4270 in
388 4212 586 4273 monasterio
598 4220 787 4296 permaneat
802 4211 934 4272 interim
950 4213 1039 4292 quod
1052 4211 1182 4272 inantesl
1198 4209 1260 4268 hoc

131 4293 262 4374 plenius
281 4293 460 4360 secuudum
480 4316 619 4360 canonos
639 4294 867 4368 emendaverit.
898 4347 902 4356 .
924 4293 1080 4358 Similiter
1101 4317 1167 4356 nec-
1186 4293 1261 4352 illac
