2920 4972
199 255 248 330 42
404 271 439 328 n.
462 271 548 328 cna.
656 269 911 330 carnuteni
1016 271 1078 332 75⁵.

198 423 265 476 tate
294 412 449 476 laicorum
474 409 629 488 militare,
651 414 706 474 sed
736 411 855 474 ibidem
884 432 1071 496 permanere
1101 413 1135 474 iu
1159 435 1222 496 qua
1241 417 1329 499 prin·
1429 413 1431 418 ’

201 496 286 580 cipio
309 493 489 554 ministrare
507 505 709 566 mernerunt;
732 504 823 556 extra
843 515 896 556 eos
922 495 998 576 qui,
1020 495 1132 558 amissa
1148 499 1269 578 patria,
1287 501 1330 560 ad

200 579 296 640 aliam
312 576 489 637 Ecclesiam
504 597 562 658 pro
590 577 778 638 necessitate
801 577 959 638 venerint.
1001 577 1066 654 Qui
1092 599 1169 638 vero
1191 580 1328 661 Episco-

197 683 315 746 porum
338 669 393 720 aut
414 657 586 735 laicorum,
607 668 679 740 post
698 657 761 718 hoc
776 659 995 736 constitutum,
1016 660 1148 722 alterius
1162 661 1327 724 Ecclesiae

199 744 365 806 Clericum
377 739 572 836 susceperit,
596 739 658 800 nisi
679 741 720 800 ad
738 742 957 802 excusandum
972 741 1226 821 rationabiliter,
1256 745 1330 827 pla·

200 826 270 889 cuit
295 827 313 886 a
339 843 566 884 communione
589 821 763 906 suspendi,
786 833 819 884 et
846 843 920 884 eum
942 822 999 906 qui
1021 823 1180 905 suscepit,
1203 834 1237 887 et
1256 847 1331 886 eam

200 909 257 992 qui
273 916 438 988 susceptus
461 913 526 982 est,
548 903 905 986 quousquesClericum
925 905 982 989 qui
1013 905 1185 972 translatus
1212 917 1260 969 est
1279 909 1329 970 ie·

202 992 284 1053 cerit
299 991 340 1050 ad
360 1009 451 1049 suam
467 985 586 1047 reverti
602 985 781 1048 Ecclesiam
797 991 833 1065 r).

200 1121 250 1182 De
281 1117 446 1200 Episcopis
475 1115 680 1194 vagantibus,
717 1128 752 1176 at
780 1137 877 1200 neque
905 1118 1084 1178 ministrent
1114 1141 1212 1203 neque
1239 1120 1329 1184 ordi-

241 1202 398 1262 nationem
420 1198 516 1256 ullam
534 1195 661 1280 saciant
684 1199 750 1340 si'pe
777 1199 905 1260 lieentia
925 1199 1077 1284 Episcopi
1089 1204 1176 1262 euius
1194 1224 1291 1288 paro-

688 1301 759 1342 cia
779 1293 834 1340 est.

282 1383 382 1446 Xlll.
422 1384 470 1442 De
485 1383 651 1466 Episcopis
668 1385 855 1468 vagantibus
873 1392 916 1464 s),
936 1386 993 1470 qui
1006 1387 1172 1468 parochias
1188 1409 1255 1449 nou
1276 1389 1330 1450 ba-

201 1469 303 1546 bent,
327 1487 387 1526 nec
401 1465 517 1526 scimus
534 1465 770 1528 ordinationem
787 1489 899 1530 eorum
916 1469 1057 1550 qualiter
1073 1469 1136 1530 fuit
1152 1478 1185 1549 t),
1197 1471 1330 1552 placuit,

203 1554 293 1614 iuxta
307 1548 453 1610 instituta
470 1557 651 1608 sanctorum
674 1551 825 1629 Petrum,
847 1559 884 1610 ut
905 1551 938 1610 in
953 1551 1084 1613 alterius
1102 1553 1253 1634 parochia
1274 1556 1331 1614 rni-

201 1635 353 1708 nistrare‚
376 1651 437 1690 nec
451 1631 551 1690 ullam
568 1631 803 1694 ordinationem
817 1633 924 1694 facere
940 1633 1078 1695 debeant
1096 1633 1164 1694 siue
1188 1635 1330 1698 iussione

201 1715 351 1799 Episcopi
374 1713 466 1774 cuius
478 1711 628 1794 parochia
648 1723 704 1775 est.
746 1714 828 1778 Etsi
848 1713 910 1776 hoc
922 1715 1028 1778 facere
1044 1719 1330 1800 praesumpserint,

203 1799 243 1859 ab
264 1797 369 1857 officio
387 1795 624 1876 suspendantur
638 1795 769 1857 interim
793 1797 881 1878 quod
897 1797 937 1858 ud
955 1799 1114 1881 synodum
1132 1801 1251 1861 exinde
1274 1823 1332 1862 ve-

204 1879 335 1957 nerint,
365 1886 398 1940 et
429 1876 549 1938 ibidem
571 1879 748 1940 secundum
770 1879 957 1940 canonicam
986 1880 1224 1943 iustitutionem
1246 1884 1333 1944 acci-

202 1963 294 2046 piant
312 1960 520 2029 seutentiam,
544 1960 605 2021 nisi
619 1970 745 2021 tautum
762 1983 822 2044 pro
837 1961 962 2024 itineris
981 1983 1084 2024 causa.
1138 1965 1180 2025 Et
1199 1965 1226 2026 si
1244 1967 1333 2028 ullus

203 2045 351 2106 Clericus
373 2051 428 2102 ant
452 2041 552 2104 laicus
566 2043 664 2104 talem
685 2043 879 2126 Episcopum
896 2053 952 2104 aut
971 2045 1197 2127 Presbyterum
1217 2048 1333 2109 deten-

205 2126 324 2190 saverit
343 2125 412 2186 siue
432 2135 611 2188 commeatu
632 2125 785 2208 Episcopi
811 2126 903 2188 cuius
929 2126 1081 2209 parochia
1104 2135 1151 2189 est
1158 2171 1170 2200 ,
1201 2149 1332 2190 excom-

207 2209 393 2270 municetur
411 2229 513 2291 usque
531 2208 572 2269 ad
588 2207 854 2273 emendationem.

285 2315 347 2376 Die
369 2311 525 2376 dominico
545 2311 625 2396 quid
644 2313 747 2397 operis
755 2309 869 2394 secere
889 2314 983 2376 liceat
995 2327 1050 2376 ant
1068 2335 1131 2376 non
1144 2315 1245 2376 liceat.

285 2417 378 2484 XIV.
421 2415 505 2494 Quia
521 2437 708 2500 persuasum
723 2426 770 2478 est
786 2417 916 2500 populis
931 2417 983 2481 die
999 2417 1162 2482 dominico
1184 2422 1234 2505 agi
1255 2446 1329 2485 curn

208 2501 341 2564 caballis
363 2499 430 2562 sive
447 2499 552 2560 bubus
571 2508 603 2560 et
623 2498 779 2560 vehiculis
797 2500 912 2562 itinera
931 2522 996 2562 non
1017 2502 1146 2582 debere,
1159 2525 1267 2586 neque
1282 2508 1330 2568 ul·

205 2585 269 2646 lam
291 2605 361 2645 rem
385 2583 423 2642 ad
444 2583 563 2646 rictum
579 2582 771 2664 praeparari,
787 2581 839 2644 vel
855 2583 894 2644 ad
911 2584 1049 2646 nitorem
1070 2585 1181 2648 domus
1199 2589 1251 2648 rel
1274 2588 1332 2649 ho·

205 2667 301 2728 minis
317 2663 533 2750 pertinentem
553 2664 713 2724 ullatenus
729 2665 904 2742 exerceri,
926 2685 1008 2747 qaae
1036 2687 1087 2728 res
1110 2667 1150 2728 ad
1169 2669 1331 2741 Iudaicam

204 2749 306 2832 magis
326 2767 422 2829 quam
447 2747 486 2808 ad
505 2745 716 2806 Christianam
749 2747 1005 2809 observationem
1027 2749 1191 2831 pertinere
1213 2755 1330 2835 proba-

203 2839 267 2911 tur,
284 2831 318 2892 id
335 2828 520 2904 statuimus,
543 2836 579 2888 ut
599 2827 650 2888 die
673 2827 834 2890 dominico
850 2830 938 2912 quod
958 2839 1052 2892 autea
1068 2831 1139 2892 fieri
1160 2833 1266 2912 licuit,
1289 2837 1331 2895 li·

204 2923 287 2978 ceat.
327 2915 376 2973 De
399 2931 495 2994 opera
513 2919 618 2970 tamen
640 2909 751 2986 rurali,
772 2921 870 2988 arato,
887 2921 941 2972 aut
964 2911 1079 2974 vineae
1095 2915 1249 2994 sectione,
1274 2939 1330 2978 ex-

205 2996 370 3070 cussione,
392 2993 446 3058 vel
473 3013 548 3074 sepe
578 2991 760 3054 censuimus
781 2993 1006 3056 abstinendum
1014 3039 1024 3074 ‚
1046 3016 1111 3076 quo
1142 2997 1269 3059 facilius
1291 3000 1332 3059 ad

203 3076 381 3139 Ecclesiam
395 3074 562 3136 venientes
579 3071 730 3135 orationis
747 3076 848 3156 gratia
874 3085 999 3142 vacent.
1040 3077 1137 3154 Quod
1165 3079 1191 3140 si
1213 3079 1331 3142 inven-

203 3165 257 3218 tus
273 3159 373 3218 fuerit
391 3156 464 3239 quis
489 3156 522 3216 in
542 3155 689 3240 operibus
703 3177 740 3216 su
764 3157 936 3240 rescriptis,
954 3179 1035 3239 quae
1065 3158 1236 3222 interdicta
1256 3173 1332 3224 suut

204 3259 377 3318 exercere,
400 3237 539 3322 qualiter
556 3238 719 3298 emendari
737 3179 860 3316 debeat,
883 3259 947 3302 uon
973 3241 1005 3300 iu
1025 3239 1179 3303 laicorum
1201 3243 1331 3306 distric-

205 3319 318 3400 tione,
340 3319 398 3386 sed
416 3321 450 3382 in
467 3319 648 3384 Sacerdotis
673 3315 878 3404 castigatione
892 3322 1051 3387 consistat.

487 3425 529 3488 Ut
549 3427 676 3510 nuptiae
698 3447 803 3486 omnes
819 3427 943 3509 publice
957 3424 1056 3508 flant.

285 3530 360 3599 XV.
403 3534 445 3594 Ut
468 3551 578 3592 omues
610 3529 855 3620 homiuesllaioi
881 3531 1023 3626 publicas
1049 3533 1177 3618 nuptias
1192 3534 1333 3618 faciant,

204 3627 268 3680 tam
293 3615 442 3692 nobiles,
463 3635 560 3696 qnam
578 3613 744 3695 ignobiles.

350 3719 390 3784 Ut
412 3721 527 3782 Clerici
546 3719 737 3780 secularibus
754 3719 886 3796 negotiis
903 3739 966 3780 non
983 3721 1191 3802 implicentur.

285 3827 378 3892 XVI.
418 3824 593 3887 UtClerici
608 3823 821 3885 conductores
839 3843 905 3884 nou
923 3825 1009 3899 sint,
1031 3826 1093 3888 hoc
1120 3839 1183 3905 est,
1206 3841 1243 3892 ut
1267 3855 1334 3896 non

205 3971 463 3988 m

242 4048 273 4118 r)
292 4050 324 4102 In
352 4063 407 4098 uno
431 4062 479 4098 ms.
499 4041 629 4096 'additura
655 4041 746 4097 eodem
831 4045 858 4116 t)
877 4044 910 4096 al.
929 4062 976 4099 ms.
992 4051 1045 4102 'nea
1061 4051 1159 4104 scimus
1177 4067 1269 4107 eorum
1288 4073 1336 4107 or.

291 4115 388 4171 ordine
407 4113 607 4235 qualiterupuin
801 4149 805 4156 .
881 4114 971 4172 dinem
996 4120 1195 4194 ,adspersum

238 4192 268 4260 s)
287 4187 322 4238 sl.
342 4202 403 4238 mss.
423 4195 532 4238 vacanti
553 4201 591 4237 us.
