2952 4988
167 296 256 403 Ι900
416 333 452 395 s.
473 331 561 388 cua.
664 333 926 392 caerretanus
1024 332 1086 395 aaa

267 471 324 534 lX.
366 472 410 532 Ut
427 470 539 534 nullus
553 483 735 556 praesumat
755 473 789 536 iu
809 495 911 538 coena
926 473 1061 537 Domini
1077 473 1240 538 ieiunium
1258 478 1326 540 sol-

182 575 269 618 vere.
1141 591 1144 596 ·

216 667 219 674 ·
264 637 304 700 X.
346 635 390 698 Ut
416 634 528 697 trullus
542 635 705 720 baptizare
725 648 919 726 praesumat,
934 639 998 704 nisi
1014 640 1049 702 iu
1060 641 1184 704 Pascha
1201 641 1328 704 etPen-

185 728 346 797 tecosten,
364 728 499 801 excepto
518 718 657 782 infirmo.
1047 779 1050 785 ,

264 801 321 862 ΧΙ.
364 805 407 876 Ut
422 801 537 863 nullus
562 804 746 886 Presbyter,
771 823 833 864 nec
858 805 1036 884 Diaconus,
1068 826 1130 867 nec
1163 805 1325 883 Clericus,

183 884 322 948 chrisma
335 882 435 946 alicui
449 883 524 946 dare
542 896 725 968 praesumat
735 907 796 970 pro
811 886 921 972 aliqua
936 888 1135 951 necessitate.
1178 888 1246 967 Qui
1261 889 1325 951 hoc

184 968 312 1044 fecerit,
334 966 539 1047 degradetur.

249 1041 340 1112 'x11.
382 1051 425 1109 Ut
447 1049 557 1112 nullus
573 1048 746 1133 Presbyter
760 1050 800 1112 ad
814 1049 983 1134 Synodum
999 1057 1187 1120 contemnat
1201 1051 1324 1114 venire.

183 1133 283 1210 Quod
305 1132 331 1192 si
354 1131 449 1192 aliter
465 1133 573 1194 fircera
592 1134 841 1220 praesumpserit
857 1144 987 1196 coactus
1004 1139 1125 1218 veniat,
1147 1146 1182 1200 et
1205 1157 1326 1199 secun-

186 1217 265 1279 dum
291 1235 432 1277 canones
453 1213 627 1276 iudicetur.

154 1381 162 1419 l
412 1369 573 1440 KAROLI
615 1379 751 1442 MAGNI
792 1381 1096 1478 PRAECEPTUM‚

185 1491 250 1563 De
273 1485 420 1562 Scholia
441 1491 600 1562 Graecis
626 1503 661 1560 et
686 1489 842 1565 Latinis
875 1471 1114 1586 instituendis
1136 1495 1177 1566 in
1197 1491 1328 1566 Eccle-

568 1592 630 1661 sia
660 1591 950 1682 osnabrugensi.
1234 1611 1240 1624 '

511 1687 650 1762 Datum
681 1714 776 1761 anno
800 1692 1008 1765 DCCCIV.

189 1786 237 1902 In
258 1841 388 1904 nomine
404 1851 531 1905 sanctae
549 1852 580 1905 et
599 1843 789 1906 individuae
804 1843 985 1906 Trinitatis.
1024 1841 1166 1906 Karolus
1184 1841 1330 1920 Impera-

188 1925 422 2008 torAugustus,
431 1928 612 1986 Romanum
631 1925 814 2009 gubernans
822 1928 1008 2008 Imperium,
1027 1927 1085 2007 qui
1108 1935 1140 1985 et
1153 1925 1332 1984 RexFran-

189 2031 302 2074 corum
318 2009 651 2090 etLongobardorum,
669 2012 797 2072 uec'ncn
810 2007 1331 2074 mcdoDominatcretSaxonum.

190 2095 312 2154 Notum
339 2092 380 2152 sit
407 2091 556 2153 omnihus
578 2093 713 2154 Sanctae
735 2093 798 2154 Dei
825 2093 991 2154 Ecclesiae
1009 2091 1170 2166 fidelibus,
1193 2087 1331 2151 nostris·
1372 2085 1375 2094 ’

191 2197 256 2258 que
279 2174 503 2256 praesentibus
520 2174 646 2236 scilicet
670 2185 702 2236 et
718 2175 849 2251 futuris,
870 2175 1014 2258 qualiter
1035 2195 1106 2250 uos,
1129 2173 1170 2233 ob
1201 2179 1331 2230 nostrae

191 2255 350 2318 mercedis
369 2265 589 2340 augmentum,
607 2257 743 2322 Wihoui
762 2257 1027 2340 Osuabrukgensi
1040 2257 1212 2337 Episcopo,
1234 2273 1330 2314 suae.-

192 2362 259 2422 que
276 2339 455 2416 Ecclesiae,
478 2362 575 2420 quam
597 2361 655 2401 nos
673 2341 811 2423 primam
836 2341 982 2402 omnium
998 2340 1032 2399 in
1054 2339 1195 2400 Saxonia
1216 2336 1252 2418 in
1272 2335 1331 2394 ho-

192 2443 274 2484 nore
297 2421 401 2482 sancti
422 2423 511 2484 Petri
538 2423 700 2504 Principis
721 2423 960 2508 Apostolorum,
985 2432 1018 2484 et
1039 2433 1225 2484 sanctorum
1246 2420 1331 2479 Mar·

192 2516 301 2589 tyrum
331 2504 473 2588 Crispini
500 2515 532 2566 et
557 2506 729 2590 Crispiani,
747 2506 998 2582 construximus,
1021 2505 1185 2586 quoddam
1203 2521 1331 2562 nemus

129 2585 131 2590 ¹
193 2588 247 2652 vel
268 2587 423 2647 forestum
443 2587 527 2648 infral
549 2587 630 2649 haec
658 2589 730 2649 loca
750 2587 860 2666 situm,
881 2586 1105 2664 Farnevinlil,
1127 2583 1331 2658 Rutanstcin,

194 2669 328 2752 Angeri,
350 2669 487 2752 Osning,
514 2671 640 2748 Sinedi,
669 2671 896 2754 Bergashovid‚
922 2669 1164 2746 Drevcnsmeri,
1190 2667 1334 2727 Etauar*

194 2753 275 2828 feld,
287 2751 435 2829 Dumeri,
449 2753 688 2814 collaudatione
706 2753 795 2814 illius
810 2753 953 2835 regionis
969 2761 1136 2834 potentum
1153 2751 1228 2811 curu
1243 2745 1334 2809 omni

195 2834 392 2930 integritate,
410 2835 566 2918 innlporcis
582 2834 921 2919 videlicetsylvaticis,
946 2845 1043 2917 atque
1071 2834 1186 2911 cervis,
1207 2831 1333 2906 avibus,

198 2927 229 2980 et
252 2917 405 2998 piscihus,
424 2917 579 3000 omnique
593 2918 766 2980 venatione
786 2939 868 3000 quae
887 2918 946 2980 sub
962 2918 1072 2980 banuo
1092 2915 1199 2977 usuali
1220 2914 1261 2974 ad
1285 2914 1335 2972 fo-

118 3051 119 3056 ,
195 3009 318 3080 rustum
336 2999 520 3082 deputatur,
531 3001 570 3061 ad
590 2999 839 3070 similitudinem
853 3000 967 3062 foresti
982 2998 1335 3080 nostriAquisgranum

102 3095 114 3156 J
197 3081 392 3168 pertinentis
416 3082 449 3140 in
469 3084 558 3166 sylvu
575 3083 726 3166 Osningi,
749 3083 784 3142 iu
801 3091 997 3168 perpetuum
1009 3081 1217 3164 proprietatis
1239 3099 1335 3139 usum

198 3165 400 3244 donavimus,
415 3165 452 3224 eal
472 3165 627 3228 videlicet
651 3165 777 3228 ratione
801 3167 889 3249 quod
911 3165 938 3226 si
960 3165 1141 3246 quisquam*
1159 3161 1336 3236 hoc-idem

198 3269 312 3308 nemus
327 3255 438 3307 nostro
462 3248 571 3310 hanno
596 3249 757 3310 munitum
783 3248 853 3309 sine
872 3249 1055 3331 praedictae
1075 3247 1160 3310 sedis
1180 3241 1335 3326 Episcopi
1436 3322 1439 3326 .

197 3329 343 3406 licentia,
360 3330 466 3391 studio
479 3331 632 3410 venandi,
650 3331 704 3392 vel
717 3331 839 3415 sylvam
855 3330 1048 3413 extirpandi,
1058 3328 1110 3390 vel
1129 3327 1261 3408 aliquod
1274 3326 1337 3384 lur-

198 3411 338 3475 iusmodi
352 3413 519 3494 negotium
533 3413 720 3496 peragendi,
740 3413 893 3496 umquam
922 3414 1043 3474 intrare
1071 3407 1335 3494 praesumpserit,

196 3497 278 3559 sciat
291 3517 324 3556 se
341 3504 406 3554 tam
418 3496 544 3558 divinae
556 3497 654 3578 qulam
673 3505 705 3557 et
717 3497 825 3578 regiae
845 3497 981 3557 ultionis
993 3494 1169 3556 vindictam
1183 3492 1336 3550 incursu·

197 3601 282 3658 rum,
298 3599 427 3638 necnon
452 3601 513 3661 pro
541 3579 663 3641 delicto
695 3579 862 3660 sexaginta
885 3578 1005 3640 solidos
1035 3577 1136 3638 nostri
1167 3573 1336 3656 ponderis,

198 3683 281 3744 quos
297 3660 389 3722 nohis
414 3683 473 3744 pro
493 3661 602 3722 hanno
629 3659 750 3722 violato
781 3661 895 3722 deberi
919 3661 1099 3736 statuimus,
1120 3655 1337 3718 redditurum.

197 3743 335 3826 Insuper
353 3765 431 3804 vero
446 3745 553 3806 eidem
569 3739 731 3826 Episcopo
745 3743 875 3826 suisque
895 3743 1135 3806 successoribus
1146 3747 1338 3822 perpetuam

199 3827 408 3888 concedimus
425 3825 619 3904 libertatem,
630 3836 663 3888 et
678 3827 716 3886 ah
735 3826 824 3886 omni
837 3827 941 3909 regali
959 3824 1089 3886 servitio
1110 3821 1342 3884 confirmamus

198 3909 445 3971 absolutionem.
485 3909 554 3970 Nisi
579 3905 849 3990 forte'contingat
869 3919 905 3970 ut
927 3909 1106 3990 Imperator
1118 3907 1339 3986 Romanorum
1402 3937 1404 3944 ,

197 3993 249 4052 vel
267 3993 335 4052 Rex
359 3993 559 4053 Graecorum
581 3993 766 4075 coniugalia
781 3993 913 4054 foedera
932 3992 1018 4051 inter
1036 3990 1120 4050 filios
1134 4003 1247 4048 eorum
1261 4007 1340 4046 cou-

197 4073 326 4135 trahere
343 4074 526 4154 disponant,
541 4085 620 4136 tunc
633 4075 798 4136 Ecclesiae
814 4075 904 4135 illius
918 4073 1109 4157 Episcopus,
1127 4070 1341 4150 omnisump-

170 4215 175 4219 .
198 4167 232 4216 tu
249 4157 266 4216 ai
288 4158 375 4238 Rege
390 4158 441 4217 vel
465 4159 660 4240 Imperatore
680 4156 836 4234 adhibito,
853 4157 996 4217 lahorem
1011 4149 1159 4216 simulet
1178 4152 1339 4211 honorem

198 4239 289 4300 illius
307 4239 478 4321 legationis
492 4249 641 4302 assumat.
654 4241 696 4301 Et
716 4241 779 4302 hoc
801 4261 838 4300 ea
854 4239 894 4300 de
909 4261 1003 4328 causa
1019 4237 1198 4311 statuimus,
1209 4233 1285 4314 quia
1303 4234 1336 4292 in

199 4321 314 4382 eodem
330 4322 403 4384 loco
422 4319 552 4407 graecas
570 4333 603 4386 et
623 4322 738 4386 latinas
764 4321 897 4391 Scholas
923 4323 957 4382 iu
985 4330 1181 4404 perpetuum
1205 4337 1339 4378 munere
