2920 4972
222 331 270 404 36
445 345 491 402 n.
511 339 599 399 cun.
701 338 960 398 consumma
1062 339 1125 402 sss.

219 492 289 554 eius
309 509 380 551 eam
399 483 540 561 duxerit,
561 491 654 566 pater
670 482 877 580 postmodum
895 497 962 544 non
984 481 1101 548 hahent
1124 505 1272 565 uxorem,
1296 508 1356 550 nec

217 575 287 658 ipsa
313 571 432 632 mulier
465 567 581 632 virum.
638 566 761 645 Filius,
798 565 856 649 qui
891 566 1020 630 facinus
1051 565 1152 651 patris
1182 569 1355 652 ignoravit,

219 658 315 718 aliam
342 651 489 736 accipiet.

238 741 288 801 De
303 759 339 799 eo
360 738 416 822 qui
424 733 605 820 filiastrum
625 743 680 794 cut
692 729 873 818 filiastrum
891 747 963 794 onte
978 731 1172 818 Episcopum
1189 739 1335 798 tenuerit.

301 821 357 882 lll.
380 819 414 880 Si
432 817 505 900 quis
524 814 692 876 filiastrum
709 824 764 875 aut
780 815 945 876 filiastram
960 839 1050 878 suam
1067 828 1141 878 ante
1157 819 1357 903 Episcopum

218 905 259 966 ad
273 901 551 966 confirmationem
565 899 724 975 tenuerit,
751 908 920 980 separetur
939 900 978 960 ab
992 921 1094 964 uxore
1112 923 1182 980 sua,
1213 903 1355 964 etaliam

217 1008 387 1068 nunquam
407 983 554 1066 accipiat.
596 981 755 1044 Similiter
777 991 808 1044 et
831 982 959 1043 mulier.

257 1105 307 1164 De
328 1104 384 1162 illo
406 1101 462 1185 qni
477 1119 548 1160 cum
558 1095 718 1181 filiastra,
738 1101 902 1178 ignorante
927 1112 1040 1171 matre,
1053 1097 1239 1180 fornicatus
1256 1115 1314 1164 est.

297 1187 354 1250 lv.
376 1185 410 1246 si
429 1181 504 1264 quis
523 1201 598 1242 cum
617 1189 718 1240 matre
740 1189 772 1242 et
799 1181 864 1242 lilia
887 1183 1066 1244 fornicatus
1084 1191 1148 1261 est,
1184 1184 1353 1266 ignorante

214 1278 316 1332 matre
339 1268 378 1328 de
401 1265 479 1343 filia,
502 1265 534 1326 et
555 1263 623 1324 lilia
645 1264 685 1324 de
705 1273 817 1341 matre,
841 1266 897 1327 ille
920 1287 1097 1348 numquam
1117 1266 1256 1350 accipiat
1277 1290 1356 1329 uxo-

214 1375 294 1414 rem.
335 1350 415 1410 Illae
437 1348 528 1424 verb,
550 1347 576 1408 si
595 1345 722 1422 volunt,
745 1348 906 1430 accipiant
925 1349 1064 1411 maritos.
1106 1350 1274 1412 Siautem
1293 1349 1356 1412 hoc

214 1433 350 1498 scierint
377 1432 463 1515 ipsae
490 1429 656 1518 feminae,
694 1429 814 1512 absque
843 1431 966 1493 maritis
994 1431 1029 1492 iu
1062 1441 1261 1516 perpetuum
1287 1455 1356 1495 ma-

215 1524 325 1580 neant.
381 1565 383 1578 .

351 1598 399 1657 De
413 1596 470 1657 itto
485 1597 540 1680 qui
559 1609 629 1655 cnm
652 1593 774 1656 dnobus
791 1597 955 1657 sororibus
966 1595 1150 1679 fornicatus
1166 1611 1222 1660 est.

296 1683 337 1744 V.
369 1679 526 1742 Similiter
547 1688 581 1740 et
607 1677 647 1738 de
679 1677 803 1739 duabus
828 1679 1010 1757 sororibus,
1048 1681 1105 1762 qui
1133 1703 1210 1742 eum
1230 1681 1354 1742 unuin

215 1763 375 1828 adulterio
401 1761 534 1838 mansit,
561 1770 594 1821 et
613 1759 709 1820 aliam
732 1761 863 1843 publice
885 1763 1029 1844 accepit,
1060 1785 1126 1824 non
1150 1762 1269 1824 habeat
1287 1786 1356 1825 mu·

213 1851 330 1911 lierem
349 1865 453 1929 usque
477 1845 511 1904 in
534 1843 622 1906 diem
636 1844 765 1915 mortis;
788 1845 846 1904 illa
860 1865 944 1926 quae
959 1846 1108 1925 nescivit,
1131 1847 1269 1930 accipiat
1289 1869 1354 1908 ma·

217 1934 326 1996 ritum.
735 1983 738 1992 ,

514 2007 640 2092 Siquis
657 2023 793 2092 propter
814 2010 945 2092 saidam
956 2009 1057 2092 fagit.

296 2097 353 2158 Vl.
375 2094 410 2156 si
432 2092 490 2175 qui
511 2100 644 2175 propter
659 2092 835 2154 vindictam
853 2093 985 2174 fugiunt
1007 2093 1040 2154 in
1064 2093 1143 2156 alias
1185 2095 1298 2174 atrias,
1320 2104 1353 2157 et

213 2179 381 2240 dimittunt
400 2197 519 2238 uxores
536 2195 620 2251 suas,
643 2175 771 2236 necilli
792 2197 853 2238 nec
874 2175 949 2237 illae
971 2175 1065 2238 alteri
1081 2117 1288 2262 copulentur.

681 2258 730 2316 De
754 2261 892 2318 incestis.

297 2342 369 2404 Vll.
393 2341 426 2402 Si
440 2339 514 2423 quis
531 2339 691 2402 incestum
711 2361 786 2420 cum
804 2341 950 2422 proximu
971 2363 1029 2402 sua
1048 2341 1261 2421 commiserit,
1290 2367 1350 2428 pe-

213 2425 338 2488 culium
357 2446 452 2484 suum
470 2423 593 2505 perdat,
616 2423 642 2484 si
659 2419 769 2494 habet;
792 2423 872 2485 etsi
894 2446 926 2484 se
948 2445 1013 2484 non
1037 2425 1209 2486 emendare
1233 2428 1350 2489 volue-

213 2510 272 2585 rit,
302 2507 415 2566 nullus
434 2527 509 2568 eum
530 2505 564 2564 in
594 2505 689 2566 domo
713 2505 868 2586 recipiat,
904 2527 1014 2587 neque
1041 2507 1072 2567 ei
1103 2506 1212 2568 cibum
1239 2509 1349 2572 donet.

212 2589 311 2668 Qubd
330 2589 356 2649 si
374 2587 500 2662 feeerit,
532 2588 699 2670 sexaginta
713 2589 833 2650 solidos
854 2588 935 2670 Regi
956 2599 1137 2671 componat.
1178 2591 1222 2650 Et
1244 2592 1272 2652 si
1291 2615 1350 2676 pe-

213 2671 344 2734 cuniam
365 2670 561 2747 nonhabet,
593 2671 758 2748 mittatur,
792 2671 819 2733 si
842 2671 927 2732 liber
947 2681 1017 2749 est,
1046 2671 1080 2732 in
1101 2693 1274 2736 carcerem.
1316 2675 1351 2737 si

213 2778 329 2820 servus
348 2763 407 2834 est,
429 2753 563 2837 vapulet
582 2754 693 2814 multis
711 2754 824 2836 plagis.

654 2838 703 2896 De
725 2834 909 2919 parricidis.

295 2922 385 2987 VIll.
416 2920 449 2982 Si
471 2918 569 2981 homo
597 2918 682 2980 liber
709 2928 834 3002 patrem
860 2929 916 2982 aut
945 2931 1102 3000 matrem,
1136 2923 1272 2986 fratrem
1299 2923 1354 2988 vel

213 3005 414 3066 avunculum
439 3003 612 3080 occiderit,
647 2999 862 3064 hereditatem
887 3003 1053 3087 propriam
1074 3004 1206 3067 amittat.
1260 3009 1303 3068 Et
1327 3007 1354 3068 si

212 3089 287 3168 quis
307 3088 495 3150 moechatus
514 3086 615 3148 fuerit
636 3105 711 3145 cum
727 3094 827 3148 matre
849 3094 882 3148 et
896 3108 1007 3149 sorore
1023 3096 1055 3150 et
1075 3087 1190 3176 amita,
1220 3088 1352 3152 heredi·

213 3179 313 3232 tatem
337 3171 460 3252 perdat.

629 3250 710 3312 Item
737 3247 777 3308 de
801 3251 939 3312 incestis.

296 3333 352 3392 lX.
374 3333 524 3416 Episcopi
542 3333 741 3393 incestuosos
763 3330 956 3415 investigare
973 3335 1133 3398 studeant.
1173 3337 1216 3398 Et
1234 3337 1260 3398 si
1276 3359 1351 3421 poe-

215 3414 318 3475 nitere
340 3416 520 3492 noluerint,
543 3417 582 3476 de
600 3413 746 3475 Ecclesia
764 3415 982 3496 expellantur,
1005 3418 1108 3480 donec
1127 3419 1168 3480 ad
1183 3421 1352 3502 poeniten·

211 3498 290 3556 tiam
316 3508 533 3563 revertantur.
586 3497 684 3575 Qubd
709 3495 736 3557 si
765 3497 896 3558 obedire
923 3500 1149 3564 Sacerdotibus
1172 3503 1352 3580 noluerint,
1435 3545 1436 3588 ,

212 3589 339 3664 oportet
353 3601 408 3644 eos
428 3603 488 3668 per
508 3581 687 3641 secularem
708 3579 914 3662 disciplinam
935 3584 1090 3644 coerceri.
1435 3589 1436 3600 ¹

455 3735 665 3799 CAPITULA
688 3735 845 3796 SYNODl
868 3738 1114 3818 VERNENSIS,

264 3849 383 3920 Edita
409 3851 435 3920 ὰ
458 3851 622 3944 Pippino
645 3847 918 4017 Riii'cnpilab
945 3851 1174 3946 Episcopis,
1203 3878 1304 3925 anno

130 4099 132 4105 ·
234 4070 353 4154 Incipit
373 4070 547 4131 Concilium
573 4069 662 4150 quod
682 4069 810 4154 fuctum
836 4069 907 4153 snit
938 4069 984 4132 ad
1013 4039 1175 4134 Palatium
1206 4071 1332 4134 Vernis.

216 4177 431 4287 suffecerant
456 4226 589 4308 quidem
612 4225 792 4305 priscorum
808 4235 935 4309 patrum
954 4229 1086 4308 regulae
1099 4241 1226 4293 sanctae
1240 4233 1353 4294 Eccle-

210 4308 279 4373 siae
301 4307 505 4388 Catholicae,
541 4309 802 4394 rectissimamque
825 4331 958 4397 nonnae
983 4311 1024 4376 ad
1041 4315 1227 4379 mortalium
1248 4337 1353 4380 corre·
