2952 4988
209 335 252 395 s.
271 333 362 392 cna.
472 323 611 390 aucun
630 330 866 390 ruaucoaun
964 332 1027 404 sou.
1167 316 1243 390 237

236 475 287 534 De
303 474 425 535 iustitia
446 474 649 536 cuiuslibet&
670 473 761 536 nullo
780 429 1113 558 quolibet‘diiatarsdt.

181 573 265 646 ΝῘΙΙ.Υ
297 584 341 642 Ut
365 582 476 642 nullus
499 581 654 662 quislibet
676 579 792 642 Missus
814 589 943 663 noster,
971 600 1081 666 neque
1107 584 1241 663 Comes,

94 661 222 744 iudex,
253 674 310 727 aut
330 663 489 726 Scahinus
511 663 684 746 quislibet,
710 661 866 726 iustitiam
888 661 1023 724 dilatare
1042 677 1243 748 praesumat,

91 752 175 812 cium
197 751 304 812 statim
324 748 500 832 adimpleta
519 747 688 831 potuerint
705 767 774 808 esse
795 743 976 807 seeundum
992 747 1242 822 rectitudinem

98 853 209 914 neque
230 832 374 916 praemia
396 851 456 914 pro
476 831 540 892 hoo
562 832 580 892 i
599 831 748 916 quolibet
766 828 899 918 homine
918 849 977 913 per
993 827 1129 915 aliquod
1148 832 1243 918 inge·-

97 915 193 976 uium
207 916 329 1014 malum
347 924 538 999 praesumat.

556 1021 606 1082 De
623 1033 772 1083 mercato.

181 1129 271 1193 Vlll.
314 1131 358 1190 Ut
372 1136 549 1192 mercatum
568 1128 602 1190 iu
618 1127 671 1189 die
689 1121 853 1190 dominico
872 1123 907 1187 in
923 1123 1017 1190 nullo
1030 1127 1104 1190 loco
1116 1125 1242 1208 haberi,

94 1211 163 1276 nisi
178 1211 236 1274 uhi
253 1212 433 1295 antiquitus
449 1211 514 1273 fuit
531 1220 564 1272 et
577 1211 721 1294 legitime
740 1232 808 1272 esse
824 1207 933 1272 debet.

229 1321 280 1380 De
301 1339 369 1380 aon
390 1317 532 1398 cogendo
559 1315 606 1378 ari
620 1331 750 1404 pontem
777 1317 845 1389 ire,
867 1315 966 1378 cousi
984 1315 1110 1379 telonei.

180 1428 237 1502 IX.
279 1427 322 1488 Ut
347 1424 458 1486 nullus
480 1433 615 1506 cogatur
642 1425 681 1487 ad
698 1433 831 1506 pontem
855 1423 902 1486 ire
920 1425 961 1485 ad
975 1423 1115 1489 fluvium
1135 1435 1241 1490 trans·

94 1512 245 1574 eundum
265 1517 399 1590 propter
415 1506 682 1584 teloneioausas,
705 1507 837 1589 quando
850 1507 884 1568 in
909 1505 974 1568 alio
990 1509 1064 1570 loco
1076 1503 1135 1570 ille
1158 1531 1243 1571 com»

96 1591 289 1678 pendiosiiss
319 1590 404 1652 illud
434 1590 556 1655 flumen
578 1591 716 1652 transire
739 1599 855 1674 potest.
896 1589 1056 1653 Similiter
1079 1589 1115 1655 in
1142 1591 1241 1676 plano

94 1699 237 1761 campo,
260 1673 317 1736 ubi
339 1697 400 1736 nee
426 1693 508 1758 pons
529 1695 590 1736 nec
607 1674 760 1735 treiectus
779 1682 846 1752 est,
868 1672 913 1736 ibi
937 1674 1132 1736 omnimodis
1144 1695 1240 1761 prae·

96 1760 235 1842 cipimus
260 1767 296 1818 ut
323 1778 389 1818 non
408 1758 576 1818 teloneum
594 1758 751 1840 exigatur.

138 1869 188 1928 De
204 1869 262 1929 lroc
286 1869 314 1926 si
333 1867 506 1944 Presbyter
522 1879 662 2010 saraptam
686 1867 823 2008 clpzp'isrna
840 1862 968 1925 dederit
985 1862 1031 1925 ad
1045 1859 1199 1927 aedictum

540 1971 574 2008 su
598 1956 707 2008 vertera
734 1969 795 2008 um.

178 2056 221 2120 X.
265 2035 500 2139 UiPresnyter
519 2055 576 2138 qui
598 2064 744 2116 sanctum
756 2053 897 2115 chrisma
911 2052 1080 2118 donaverit
1093 2055 1133 2117 ad
1150 2056 1240 2118 iudi-

96 2141 183 2203 cium
197 2140 474 2217 subvertendum,
495 2149 665 2222 postquam
687 2138 728 2214 de¹
745 2137 847 2220 gradu
856 2157 919 2198 sno
933 2138 1033 2203 fuerit
1042 2135 1239 2222 expoliatus,

96 2247 228 2284 manum
243 2223 375 2296 amittat.

95 2334 145 2394 De
165 2325 329 2395 iudicibus
339 2375 352 2403 ,
374 2324 570 2400 Advocatis,
594 2325 810 2469 PtiaepositiS,
831 2339 865 2388 et
893 2325 1025 2412 reliquis
1053 2323 1236 2408 Ministris,

545 2429 625 2494 ‚qtta
641 2432 673 2470 es
700 2423 783 2470 stnt.'

179 2517 240 2582 XI.
282 2523 326 2581 Ut
342 2521 489 2597 Iudices,
513 2517 690 2592 Advocati,
714 2516 925 2594 centenarii,
950 2513 1150 2601 Praepositi,
1176 2523 1239 2587 Vi.

96 2603 198 2676 carii,
215 2598 364 2679 scabini,
380 2599 493 2686 quales
506 2596 657 2664 meliores
671 2599 812 2662 inveniri
826 2607 978 2685 possunt,
999 2603 1240 2670 constituantur

96 2687 139 2746 ad
156 2685 334 2746 ministeria
349 2707 406 2748 sua
417 2685 615 2747 exercenda.

357 2790 407 2854 De
425 2787 567 2858 cavenda
589 2765 761 2877 cupiditate
781 2801 812 2852 et
833 2793 982 2854 avaritia.

181 2898 254 2964 Xll.
297 2903 340 2962 Ut
360 2919 454 2964 nemo
482 2910 615 2985 propter
634 2897 847 2982 cupiditatem
867 2899 1026 2982 pecuniae
1050 2910 1083 2964 et
1104 2914 1239 2988 propter

97 2985 264 3046 auaritiam
284 3007 374 3046 suam
393 2986 483 3067 p'riiis
511 2985 565 3045 det
592 2983 752 3066 pretium,
776 2991 809 3042 et
828 2983 971 3046 futurum
998 2987 1238 3070 coemptionem

95 3069 157 3130 sihi
178 3078 349 3150 praeparet
371 3077 407 3128 ut
425 3069 561 3150 duplum
579 3067 633 3127 vel
654 3066 788 3148 triplum
805 3073 885 3146 tunc
900 3063 1036 3152 recipiat
1047 3093 1058 3142 ς
1077 3069 1136 3134 sed
1156 3079 1237 3134 tuuc

95 3133 228 3234 quantia
246 3151 372 3212 fructus
387 3172 539 3236 praeseus
557 3159 620 3226 est,
644 3149 739 3209 illum
754 3157 931 3230 comparet.

508 3259 558 3318 De
577 3258 674 3318 mallo
685 3256 828 3340 ,publico
919 3296 924 3304 ι

180 3367 269 3430 ΧΠΙ.
312 3372 353 3430 Ut
370 3365 406 3428 in
425 3369 505 3430 locis
518 3363 573 3428 ulai
584 3367 700 3428 mallus
714 3359 1097 3447 publieaslsaberisolet,
1114 3375 1251 3434 tectum.

93 3449 160 3512 tale
174 3454 394 3547 ¹constituatur
408 3451 498 3535 quud
511 3451 544 3510 in
555 3450 693 3512 hiberno
708 3457 741 3511 et
754 3447 787 3507 in
800 3453 918 3512 aestate
934 3447 1152 3514 observandus
1163 3447 1236 3512 ‘esse

95 3543 206 3619 possit.
1320 3545 1322 3552 ⁴

298 3641 354 3700 De
372 3637 576 3700 sacramentis
594 3636 640 3699 ad
656 3639 813 3722 palatium
832 3636 1030 3700 adhramitis.

180 3743 268 3802 XIV.
310 3743 353 3802 Ut
373 3755 570 3805 sacramenta
589 3767 670 3827 quae
690 3745 724 3805 in
744 3740 864 3828 palatio
890 3743 1015 3806 fuerint
1039 3744 1236 3830 adhaanqita,

97 3825 132 3884 in
155 3824 273 3906 palatio
295 3825 525 3906 perficiantur,
557 3826 599 3888 Et
616 3830 642 3888 si
659 3828 968 3889 consacramentales
989 3826 1139 3890 homines
1162 3847 1239 3910 enin

96 3906 168 4002 ipso
195 3907 306 3967 venire
338 3905 529 3986 renuerint,
561 3909 704 3973 iussione
731 3908 894 3973 dominica
921 3917 979 3972 aut
1007 3907 1154 3974 indiculo
1181 3919 1236 3974 aut

96 3989 206 4072 sigillo
227 3989 339 4050 venire
354 4000 522 4071 cogantur.
1236 3986 1238 3991 ¹

266 4095 315 4156 De
338 4095 551 4179 hospitalitate
571 4111 601 4158 et
624 4099 820 4186 susceptione
840 4098 1067 4162 itinerantium.

180 4203 250 4264 XV.
290 4205 341 4262 De
367 4201 586 4284 hospitalitate
614 4213 648 4266 et
670 4209 876 4291 susceptione
899 4208 1147 4286 itinerantium,
1172 4178 1256 4274 taust

96 4288 268 4352 Missurum
292 4294 474 4348 nostrorum
492 4289 591 4370 quim
608 4289 812 4384 reliqumum
832 4287 994 4354 honorum
1014 4291 1216 4366 huminumt.'
1256 4328 1263 4366 ς
