2928 4986
173 301 251 380 stt
413 320 450 378 a.
470 319 558 380 cua.
665 317 923 378 cortracum
1028 319 1092 378 aas.

173 461 277 527 tribus
296 459 376 524 locis
394 471 612 548 congregent,
633 463 689 526 nbi
709 483 822 527 omncs
842 461 882 524 ad
900 481 1014 524 eorum
1030 461 1236 548 legationem
1245 481 1333 546 per·
1448 487 1449 500 ¹

174 547 319 608 tinentes
352 546 529 610 convenire
556 547 696 630 possint;
726 557 759 610 ct
789 545 940 609 omnibns
969 545 1172 630 generaliter
1208 555 1331 608 notum

174 629 296 694 belant
311 628 417 714 qualis
435 628 477 690 sit
492 649 609 693 eorum
623 630 761 714 legatio,
781 629 905 692 scilicet
918 628 959 690 ad
974 629 1036 692 boc
1051 651 1085 692 se
1102 649 1171 692 esse
1192 631 1211 690 d
1231 625 1330 690 nobis

174 713 290 777 Missos
308 711 519 790 constitutos,
541 722 578 774 nt
588 711 615 776 si
632 713 772 796 quilibet
785 713 965 796 Episcopus
981 722 1036 774 ant
1049 713 1168 778 Comes
1180 711 1330 772 ministe-

174 794 263 858 rium
290 815 386 856 snum
413 804 547 880 propter
576 796 747 880 quodlibet
781 795 1049 881 impedimentum
1077 795 1216 880 implere
1256 813 1323 855 non

175 877 293 964 possit,
317 879 358 942 ad
375 899 430 941 eos
452 889 619 958 recurrat,
641 887 675 942 et
690 901 765 942 enm
782 899 899 944 eornm
919 877 1082 942 adiutorio
1103 877 1329 941 ministerium

176 981 271 1026 annm
285 961 469 1046 adimpleat
510 959 596 1024 Etsi
617 963 691 1027 talis
713 985 809 1026 causa
829 961 931 1024 fuerit
946 985 1030 1046 quae
1048 983 1108 1044 per
1129 979 1245 1024 eornm
1266 961 1325 1022 ad·

176 1043 391 1107 monitionem
407 1045 572 1108 emendari
590 1067 656 1108 non
674 1047 792 1132 possit,
807 1068 868 1131 per
882 1067 936 1107 cos
952 1045 993 1108 ad
1012 1055 1161 1107 nostram
1175 1044 1326 1106 notitiam

165 1127 356 1191 deferatur.
396 1128 439 1190 Et
457 1127 485 1192 si
505 1129 590 1192 forte
608 1129 788 1214 Episcopus
805 1139 861 1218 aut
877 1125 994 1191 Comes
1010 1128 1135 1226 aliquid
1155 1127 1333 1222 negligens
1449 1143 1450 1150 ¹

177 1210 244 1274 tius
260 1208 295 1269 in
308 1231 367 1273 sno
382 1211 563 1274 ministerio
583 1213 708 1296 egerit,
721 1235 784 1296 per
799 1213 935 1275 istorum
952 1211 1209 1278 admonitionem
1225 1231 1327 1272 corrr-

179 1301 285 1378 gatnr.
325 1293 370 1356 Et
384 1293 488 1356 omnis
506 1295 647 1378 populna
665 1297 745 1360 sciat
758 1297 800 1360 ad
817 1295 881 1358 boc
899 1315 954 1358 eos
972 1315 1041 1357 esse
1055 1293 1271 1360 constitutos.
1290 1300 1327 1352 ut

180 1369 372 1459 qn'cnnque
384 1397 444 1460 per
456 1377 687 1462 negligentiam
699 1389 756 1442 ant
774 1379 952 1457 incuriam,
965 1378 1024 1440 vel·
1035 1375 1331 1462 impossibilitatem

180 1399 336 1538 Cdmitis,
357 1457 515 1522 iustitiam
532 1483 622 1524 suam
639 1464 813 1546 adquirere
840 1481 905 1524 non
926 1460 1085 1546 potnerit,
1113 1459 1155 1520 ad
1180 1480 1236 1520 eos
1256 1457 1329 1538 pri«

179 1550 271 1618 m'um
290 1543 460 1624 querelam
482 1564 573 1606 snam
596 1547 697 1628 possit
723 1545 874 1622 deferre,
896 1553 929 1606 et
949 1565 1008 1626 per
1029 1562 1143 1605 eornm
1164 1541 1327 1601 auxilium

181 1622 338 1687 iristitiam
352 1624 540 1707 adquirere;
554 1635 586 1688 et
597 1629 729 1710 quando
748 1627 868 1710 aliquis
884 1627 925 1688 cd
942 1649 1001 1687 nos
1017 1625 1217 1686 necessitatis
1231 1624 1330 1686 causei

181 1707 426 1786 reclamaverit,
446 1709 487 1770 ad
505 1731 560 1772 eos
577 1711 733 1794 possimus
749 1711 928 1772 relatorum
943 1709 1093 1792 querelas
1115 1707 1154 1768 ad
1168 1706 1334 1768 deliniens

183 1791 261 1856 dum
277 1791 452 1853 remittere.
496 1792 562 1874 lpsi
585 1815 662 1856 vero
683 1793 772 1858 Missi
793 1815 859 1855 non
874 1794 944 1856 sine
967 1790 1144 1854 certissima
1159 1811 1255 1852 cansa
1274 1787 1330 1848 vel

183 1873 375 1938 necessitate
400 1874 467 1935 buc
488 1875 635 1957 illucque
658 1878 858 1948 discurrant;
888 1877 952 1937 nisi
982 1874 1067 1936 farte
1097 1873 1229 1956 qnando
1260 1870 1331 1932 tale

184 1957 311 2040 aliquid
325 1957 359 2017 in
379 1957 556 2020 cuiuslibet
570 1959 751 2023 ministerio
766 1959 807 2020 ad
827 1959 1022 2042 legationem
1035 1978 1128 2018 snam·
1137 1955 1326 2038 pertinente

184 2049 294 2103 ortum
320 2061 387 2102 esse
412 2042 626 2124 cognoverint
644 2044 734 2126 qnod
755 2061 869 2104 eorum
894 2039 1076 2125 praesentiat
1099 2037 1268 2120 indigeat,
1294 2045 1330 2096 et

183 2122 256 2186 sine
273 2123 404 2184 illorum
417 2125 554 2187 oonsilio
574 2126 627 2186 vel
645 2123 807 2188 adiutorio
825 2123 991 2186 emendari
1010 2143 1078 2183 non
1096 2121 1206 2204 possit.
1240 2119 1328 2179 lude

184 2215 292 2268 tamen
317 2206 438 2268 debent
460 2229 528 2270 esse
553 2209 703 2288 solliciti,
731 2218 767 2269 nt
789 2215 922 2292 propter
942 2201 1076 2267 illorum
1094 2201 1330 2285 negligentiam

185 2288 271 2352 nibil
291 2289 325 2348 in
343 2311 400 2351 sua
420 2289 582 2373 legatione
607 2291 826 2354 incorrectum
842 2297 1021 2358 remaneat;
1051 2286 1109 2348 sed
1131 2285 1186 2345 nbi
1207 2293 1327 2346 certam

187 2379 221 2434 et
239 2393 351 2434 veram
370 2374 598 2435 necessitatem·
616 2373 849 2462 cognoverint,
868 2382 1010 2437 nostram
1027 2367 1203 2432 iussionem
1223 2367 1329 2428 adim«

186 2455 280 2540 plere
294 2475 361 2516 non
378 2457 554 2540 negligant.

228 2561 287 2628 De
309 2564 368 2630 boc
387 2559 479 2646 quod
493 2584 554 2646 per
571 2561 689 2626 Missos
710 2559 887 2625 dominicos
909 2583 947 2623 ea
966 2581 1045 2645 quae
1063 2579 1125 2642 per
1143 2555 1291 2640 Capitale

394 2657 511 2706 statuta
525 2658 616 2718 sunt,
639 2645 783 2707 omnibus
803 2659 879 2708 note
889 2644 974 2730 fieri
989 2641 1133 2704 debeant.

213 2817 216 2822 ,
271 2750 408 2812 xxva.
449 2751 609 2814 volumus
629 2731 732 2812 'aaran
751 2760 788 2812 aa
810 2751 958 2813 omnious
984 2757 1099 2811 aarum
1123 2745 1166 2808 aa
1188 2742 1264 2826 qna
1290 2743 1332 2804 aa

188 2831 252 2896 boc
268 2832 436 2895 constituti
449 2842 542 2910 sunt,
563 2841 600 2894 ut
616 2855 653 2894 ea
669 2855 753 2916 qnae
770 2855 832 2916 per
842 2835 993 2917 Capitnla
1006 2841 1114 2893 nostra
1134 2826 1337 2909 generaliter

188 2915 231 2978 (le
249 2915 500 2998 qulbusottnque
517 2915 621 2978 (tausis
638 2917 825 2995 statuimus,
845 2939 905 3000 per
917 2917 1030 2978 Missos
1044 2923 1120 2974 nota
1136 2911 1215 2970 fiant
1229 2907 1335 2968 omnia

188 2997 272 3074 bns,
305 3008 338 3062 et
368 2999 402 3060 iu
434 3019 549 3062 eorum
575 2999 804 3076 procuratione
831 2999 1025 3075 consistant,
1048 3005 1084 3056 ut
1113 2995 1153 3055 ab
1178 2991 1329 3052 omnibus

190 3081 438 3162 adimpleantur.
480 3083 522 3142 Et
551 3080 607 3142 ubi
636 3081 720 3142 forte
749 3081 860 3164 aliquo
888 3082 945 3142 tali
968 3079 1219 3162 impedimento,
1242 3072 1334 3156 quod

189 3186 317 3248 percos
333 3165 498 3227 emendari
514 3187 581 3226 non
594 3165 710 3246 possit,
734 3165 860 3246 aliquid
877 3165 916 3226 de
936 3163 986 3225 bis
1008 3184 1090 3245 quae
1105 3157 1332 3220 constituimus

192 3268 229 3308 ac
256 3245 405 3309 iussimus
429 3249 620 3310 remanserit
638 3247 881 3329 imperfectum,
914 3268 1029 3308 corum
1050 3244 1154 3304 relatis
1176 3240 1267 3303 nobis
1289 3239 1332 3298 ad

191 3337 318 3411 tempus
335 3329 517 3430 indicetur,
540 3341 577 3392 ut
591 3351 651 3414 per
673 3351 731 3392 nos
753 3331 933 3414 corrigatur
947 3329 1036 3412 quod
1056 3349 1117 3412 per
1138 3345 1192 3386 eos
1211 3319 1334 3404 corrigi

196 3431 264 3473 non
283 3421 399 3496 potuit.

382 3515 568 3582 Admonitio
588 3517 637 3580 od
651 3539 703 3579 eos
723 3519 779 3600 qui
796 3518 950 3598 legatione
962 3513 1151 3598 sisagutus-ur.

276 3609 427 3672 XXVlll.
469 3613 567 3671 Nosse
591 3631 648 3670 vos
664 3608 825 3670 credimus
843 3606 956 3690 quanti
976 3606 1017 3668 sit
1038 3601 1193 3688 ponderis
1213 3598 1337 3694 legatio

194 3711 291 3775 qnam
307 3693 398 3754 vobis
420 3692 654 3766 commisimus,
676 3699 711 3751 et
734 3712 830 3773 quam
850 3690 892 3752 sit
907 3688 1127 3770 periculosum
1151 3693 1258 3743 tautae
1284 3702 1335 3775 rep

194 3797 306 3836 curam
326 3775 492 3860 negligere
515 3783 671 3856 quantam
691 3795 748 3835 vos
775 3793 834 3855 pro
862 3781 971 3832 nostra
1000 3768 1146 3831 omnium
1169 3784 1336 3826 communi

195 3859 298 3921 salute
317 3879 358 3921 ex
376 3869 484 3921 nostra
502 3858 698 3941 obligatione
716 3854 892 3936 suscepisse
908 3875 974 3914 nou
1000 3851 1162 3936 ignoratis.
1203 3849 1337 3928 Deque
1361 3925 1365 3930 Ι

195 3963 232 4002 re
255 3940 330 4003 ciam
349 3963 406 4003 vos
426 3942 730 4023 interrogassemus,
754 3959 818 3998 non
839 3938 885 3998 sic
904 3936 998 3998 nobis
1019 3953 1207 4016 responsum
1227 3939 1277 4001 est
1298 3936 1337 3988 ut

197 4025 232 4086 in
253 4045 292 4086 eo
311 4045 467 4107 responso
489 4025 635 4086 sufficere
651 4021 807 4104 potuisset
827 4021 867 4081 ad
889 4041 959 4082 eam
973 4015 1216 4100 dispositionem
1236 4031 1337 4094 quana

195 4127 307 4168 rerum
322 4107 494 4170 necessitas
502 4107 542 4168 ad
556 4125 761 4167 communem
771 4103 942 4164 utilitatem
954 4097 1187 4185 pertinentium
1200 4113 1337 4178 poscere

198 4191 389 4268 videbatur,
412 4191 465 4254 vel
482 4211 564 4272 quae
588 4188 680 4250 nobis
696 4186 830 4268 aliquod
851 4184 1032 4248 securitatis
1050 4179 1199 4246 solatium
1220 4177 1336 4238 afferre

197 4273 364 4358 potuisset.
401 4273 448 4335 Et
464 4273 525 4334 boc
543 4273 618 4336 ideo
638 4269 783 4333 euenisse
802 4267 1025 4354 perspeximus
1045 4265 1120 4351 qnia
1138 4282 1226 4324 anno
1246 4279 1339 4346 prae·
