2928 4986
313 275 455 341 acan.
566 276 701 334 aenon
725 274 965 342 rnsncoauu
1069 276 1134 338 eu.
1232 259 1304 334 393

160 445 231 489 ram
250 419 407 499 exhibitis
428 428 545 484 cuncta
566 437 649 504 quac
672 417 706 482 in
730 439 843 481 eorum
864 417 1068 486 accusatione
1083 416 1233 504 diaes-ant
1251 422 1306 484 val

160 506 356 589 scripserant
375 504 456 584 falsa
478 523 546 574 esse
576 501 663 566 reris
691 501 920 581 assertionibus
947 501 1140 584 idoneisque
1173 504 1308 585 prolatis

160 589 298 655 testibus
317 586 550 670 probaverunt,
572 583 657 650 sicut
677 605 718 648 ex
741 584 856 648 ordine
878 585 913 644 in
939 584 1060 668 scripto
1082 584 1307 648 manifestatur

161 673 250 757 quod
271 691 312 734 ex
333 669 394 730 hac
415 690 510 732 causa
530 677 563 730 et
583 668 727 730 secunda
749 667 991 735 constitutionis
1021 676 1149 728 nostrae
1181 669 1307 752 synodo

161 753 293 817 archivo
315 751 418 814 nostri
437 750 560 835 palatii,
572 771 647 813 cum
665 749 822 812 chartulis
843 772 907 834 que
929 749 1062 812 nomina
1081 749 1214 810 testium
1228 773 1305 814 eon-

159 835 270 902 tinent
288 834 347 917 qni
368 833 514 917 utrisque
535 831 749 896 conventibus
771 832 1002 912 interfuerunt,
1018 832 1178 894 directum
1195 833 1235 896 ob
1249 857 1306 916 ge-

161 927 284 982 storum
305 917 494 979 memoriam
513 923 742 993 conservatur,
773 916 861 977 unde
891 914 982 976 aliud
1011 915 1114 984 etiam,
1136 917 1175 977 ab
1205 917 1307 1002 ipsius

160 999 349 1064 monasterii
368 999 498 1063 scriniis
518 997 688 1062 retinetur.
711 997 776 1080 lpsi
798 997 838 1060 de
860 1007 988 1060 caetero
1008 998 1136 1076 fratres,
1156 1009 1308 1084 respectu

161 1082 275 1148 divino
294 1103 449 1166 processu
476 1080 630 1165 temporis
659 1083 758 1144 corda
788 1081 921 1142 illorum
953 1089 1120 1163 tangente,
1149 1083 1308 1166 propositi

161 1165 211 1231 sui
229 1163 358 1228 suenni
379 1175 413 1228 et
431 1163 681 1250 praeteritarum
702 1163 1215 1247 negligentiarumpoenitentiae
1246 1165 1306 1226 de·—

160 1249 229 1314 voti
251 1255 441 1310 executores
462 1247 582 1325 effecti,
604 1268 766 1310 consensu
786 1246 909 1310 salubri
938 1253 1035 1328 atque
1056 1247 1211 1328 prudenti
1240 1257 1306 1309 tres

160 1329 325 1398 chartulas
346 1331 628 1414 conscripserunt3
650 1339 687 1392 ut
707 1351 772 1390 una
794 1351 905 1392 earum
926 1329 967 1398 ed
987 1336 1083 1410 caput
1111 1329 1306 1411 gloriosissi·

161 1433 290 1482 morum
297 1411 419 1474 Christi
426 1414 603 1498 Martyrum
623 1411 727 1491 tieret,
739 1413 840 1476 altera
858 1411 966 1495 regiae
983 1410 1212 1474 dominationis
1235 1434 1306 1474 nos·

44 1515 47 1522 ’
161 1503 232 1560 trae
254 1493 399 1557 custodia
417 1495 541 1558 servari
563 1494 824 1576 demandaretur,
844 1495 972 1557 tertiam
991 1514 1071 1558 vero
1100 1493 1201 1578 ipsius
1234 1517 1306 1556 mo-

162 1577 297 1640 nasterii
317 1575 422 1640 Attae
442 1577 595 1665 haberet3
616 1579 651 1639 in
673 1578 792 1662 quibus
813 1599 846 1641 se
868 1578 887 1639 d
906 1578 1002 1640 beato
1022 1585 1113 1662 patre
1125 1577 1311 1652 Benedictox

159 1659 287 1744 Spiritu
306 1669 417 1724 sancto
436 1661 575 1724 docente
598 1660 792 1744 descriptam
809 1660 955 1745 regulam
975 1669 1052 1722 sunt
1072 1679 1198 1723 servare
1219 1661 1306 1725 velle
1375 1722 1377 1728 ,

129 1759 135 1768 ”
159 1741 314 1830 professis
336 1752 370 1805 et
387 1743 614 1829 unusquisqne
634 1765 747 1806 eornm
768 1765 887 1806 nomen
908 1743 1078 1828 proprium
1096 1765 1172 1806 cum
1201 1743 1303 1825 gradu

161 1834 196 1888 et
215 1823 367 1889 monachi
382 1825 605 1912 'appellatione
627 1826 749 1889 eisdem
768 1824 889 1890 chartis
910 1826 1168 1888 subterfirmavit.
1213 1828 1304 1904 Qua-

160 1929 237 1972 rum
257 1929 356 1972 uuam
374 1907 585 1992 benignitatis
607 1917 734 1972 nostrae
756 1909 959 1992 praesentiae
986 1908 1216 1986 exhibuerunt,
1238 1909 1303 1969 hu-

161 1990 284 2052 militer
301 1994 513 2076 postulantes,
525 1992 610 2055 sicut
621 2002 664 2070 ¹et
684 1991 948 2077 saepememorati
968 1991 1171 2052 venerabiles
1183 1993 1306 2070 Patres,

162 2073 323 2156 equibus
342 2075 512 2159 synodales
533 2074 740 2138 definitiones
761 2074 941 2136 celebratae
963 2083 1050 2152 sunt,
1080 2073 1304 2136 auctoritatem

163 2165 308 2218 nostram
327 2157 443 2220 sedulo
462 2156 641 2242 petierunt,
662 2167 823 2240 quatenus
843 2156 906 2218 hoc
928 2155 1017 2239 quod
1037 2165 1102 2216 tam
1128 2157 1241 2218 subtili
1274 2167 1306 2219 et
1339 2218 1340 2230 ,

162 2237 316 2322 diligenti
337 2239 586 2325 investigatione
608 2239 790 2319 inventurn,
818 2249 852 2302 et
872 2239 954 2300 iusta
975 2237 1102 2301 ratione
1124 2239 1305 2318 delinitum,

163 2341 223 2385 seu
242 2321 364 2384 salubri
384 2321 805 2406 restitutionereparatum,
819 2331 915 2406 atque
937 2321 1094 2382 canonica
1116 2322 1306 2386 auctoritate

164 2411 319 2465 statutum
339 2425 407 2466 esse
428 2405 620 2486 dinoscitur,
634 2404 858 2488 amplitudinis
873 2413 1000 2466 nostrae
1012 2403 1186 2486 privilegio
1209 2407 1308 2489 scrip·

164 2486 206 2547 tis
227 2486 447 2571 imperialibus
469 2484 749 2561 confirmaremus3
772 2487 918 2570 utrquod
939 2486 1096 2548 canonica
1117 2487 1214 2558 docet
1233 2511 1308 2549 auc-

165 2567 289 2646 toritas,
311 2578 345 2630 et
364 2581 439 2632 rota
459 2573 585 2655 Regum
605 2581 863 2652 cunctorumque
885 2569 1112 2652 ildelium,qui
1133 2569 1238 2652 ipsum
1260 2571 1309 2631 lo·

160 2648 241 2712 ‘cum
259 2660 393 2736 propter
411 2657 623 2717 monasticum
645 2653 794 2716 ordinem
815 2653 862 2714 ibi
883 2652 1076 2716 serrandum
1107 2653 1204 2715 rebus
1238 2653 1305 2716 suis

164 2731 361 2812 ditaverunt,
383 2735 616 2816 demonstrant,
637 2758 712 2798 cum
735 2757 941 2820 nequaquam
963 2733 1001 2794 ah
1024 2756 1062 2796 eo
1083 2736 1152 2797 sine
1173 2737 1306 2819 pericu-

163 2815 198 2877 lo
219 2824 252 2877 et
271 2817 367 2899 Regis
389 2828 422 2880 et
442 2820 536 2904 regni
557 2819 659 2904 possit
679 2819 789 2897 avelli,
820 2827 929 2880 nostra
956 2817 1134 2900 imperialis
1165 2828 1306 2902 potestas

163 2897 408 2962 continuatione
429 2901 601 2986 provideat
618 2923 660 2964 ne
683 2923 724 2964 ex
745 2901 860 2962 eodem
888 2901 961 2962 loco
983 2900 1147 2962 modernis
1168 2901 1305 2963 futuris-

163 3001 229 3060 que
249 2983 452 3066 temporibus
480 2984 568 3047 idem
595 2985 676 3046 ordo
703 2984 913 3055 destituatur;
944 2983 1001 3044 sed
1031 2984 1138 3064 potius
1175 2983 1305 3046 Christo

162 3063 305 3125 Domino
335 3065 493 3155 largiente
522 3067 564 3128 ad
592 3066 760 3128 cumulum
789 3064 947 3128 mercedis
976 3075 1123 3142 nostrae,
1156 3066 1302 3149 coniugis

162 3167 307 3230 quoque,
337 3157 370 3210 et
389 3149 501 3231 prolis,
536 3169 713 3232 eorumque
742 3148 879 3212 salutem
911 3152 1051 3228 quoium
1079 3158 1160 3231 post
1178 3159 1306 3210 tanturn

162 3227 290 3311 lapsum
309 3231 471 3314 reparatio
491 3233 576 3294 facta
598 3241 656 3308 est,
679 3253 807 3294 necnon
829 3239 863 3295 et
892 3251 1005 3292 eorum
1034 3253 1093 3314 per
1122 3254 1204 3312 quos
1231 3235 1303 3296 Deo

161 3321 328 3374 annuente
351 3323 460 3381 nostra
487 3313 676 3376 auctoritate
710 3313 822 3379 cadem
855 3313 1015 3394 reparatio
1045 3315 1207 3382 celebrata
1239 3325 1306 3394 est,

161 3392 260 3454 simul
281 3404 314 3455 et
336 3395 468 3460 illorum
490 3396 754 3458 informationem
774 3395 832 3478 qui
852 3405 925 3479 post
945 3395 992 3458 ad*
1013 3397 1227 3461 monasticum
1248 3419 1304 3459 or-

161 3473 273 3536 dinem
300 3477 441 3540 Domino
470 3477 648 3562 inspirante
680 3479 721 3540 ad
754 3477 896 3542 eundem
928 3478 1148 3542 confluxerint
1182 3481 1302 3558 locum,

160 3566 285 3618 remota
300 3559 395 3620 omni
415 3559 621 3623 simulatione
642 3581 769 3644 semper
789 3559 823 3621 in
846 3560 960 3622 eodem
981 3563 1175 3625 monasterio
1206 3585 1305 3646 regu-

160 3636 239 3706 laris
260 3641 341 3702 ordo
361 3653 565 3725 permaneat,
598 3643 729 3722 floreat,
756 3653 790 3706 et
818 3642 971 3704 felicibus
1002 3646 1201 3709 successibus
1232 3648 1304 3708 Deo
1338 3643 1344 3648 ’

160 3742 256 3804 opem
274 3722 404 3786 ferento
423 3727 555 3806 polleat.
615 3727 658 3788 Et
680 3735 715 3788 nt
735 3723 816 3790 haec
838 3725 1034 3804 auctoritas,
1057 3749 1154 3809 quam
1177 3729 1217 3790 oh
1239 3729 1304 3791 Dei

160 3823 302 3866 amorem
324 3807 503 3868 et'animae
526 3818 664 3885 nostrae,
686 3808 845 3908 coniugis,
875 3818 909 3870 et
928 3808 1040 3890 prolis,
1071 3819 1107 3869 ut
1136 3809 1303 3894 praedixi-

159 3908 242 3962 mus,
264 3888 412 3966 salutem,
435 3899 531 3972 atque
553 3890 681 3972 imperii
705 3902 806 3953 nostrr
834 3899 951 3954 statum
979 3891 1223 3971 constituimus,
1248 3893 1304 3954 fir·-

158 3967 295 4030 miorcm
317 3970 462 4033 obtineat
483 3973 639 4056 rigorem,
662 3982 695 4034 et
715 3972 869 4072 deinceps
890 3973 1084 4037 inconvulsa
1106 3977 1213 4037 valeat
1232 3997 1305 4059 per-

157 4050 288 4130 durare,
309 4053 389 4115 duas
406 4053 482 4117 inde
494 4055 564 4138 pari
581 4064 694 4117 tenore
714 4077 841 4119 consors
867 4065 912 4118 tas
931 4054 1129 4120 firmationes
1146 4057 1218 4121 fieri
1236 4059 1300 4120 ins-

157 4133 274 4204 simus}
298 4143 335 4196 ut
356 4156 422 4197 una
436 4136 612 4220 imperialis
629 4139 721 4200 aulae
734 4079 955 4201 reconditorio
978 4137 1130 4221 palatinis
1157 4143 1303 4204 salvetur

86 4305 89 4309 ι
157 4214 435 4297 exorbitantem
451 4221 490 4285 sb
510 4219 609 4308 ipsius
629 4221 815 4298 monasterii
838 4221 1024 4288 custodibus
1050 4221 1083 4288 in
1108 4233 1303 4318 perpetuum
