2928 4986
321 308 356 362 Α.
376 305 463 364 cur.
567 306 703 373 rnoun
734 303 973 362 raarconon
1086 303 1148 360 osa
1225 267 1327 354 1389

183 450 296 514 nentia
312 448 440 531 exlege
456 446 613 509 convenit
625 447 803 530 provideri,
821 469 900 530 quas
919 443 1053 508 omniuo
1073 464 1183 505 causas
1202 442 1242 504 de
1257 443 1329 540 qui·

180 535 374 615 huscunqne
392 529 489 593 rebus
513 550 597 613 quae
619 533 705 592 intra
731 529 863 611 triginta
879 550 980 590 annos
1003 547 1069 587 non
1091 524 1216 588 fuerint
1242 525 1328 588 diffi-

182 617 282 694 nitae,
307 614 399 674 nullo
417 635 469 675 eas
491 614 696 695 postmodum
716 613 843 674 licebit
859 612 974 676 ordine
1001 608 1214 672 commoveri:
1249 608 1329 691 quia

181 699 256 760 sutis
266 696 444 778 unicuique
459 695 499 757 ad
511 695 748 777 requirendum
762 705 792 756 et
806 693 1033 778 recipiendum
1042 691 1132 773 quod
1144 689 1174 752 ei
1183 689 1329 752 debitum

180 780 296 854 fuerit,
309 777 546 863 suprascriptus
567 799 727 839 annorum
741 798 895 840 numerus
918 784 1044 840 constat
1058 795 1151 859 posse
1171 773 1328 836 sufficere.

522 881 581 964 *De
603 883 769 968 inquilinis
792 895 824 943 er
845 882 976 950 colonis.

220 989 286 1058 Ill.
296 989 331 1058 si
342 990 415 1074 quis
429 988 583 1062 colonum
594 989 741 1051 alienum
751 989 785 1049 in
797 1011 832 1051 re
843 1010 899 1054 sua
910 987 1044 1070 triginta
1053 1008 1155 1055 annos
1166 987 1328 1067 hahuerit,

180 1099 218 1145 ac
229 1075 255 1138 si
270 1095 366 1136 suum
378 1072 542 1137 vendicet.
556 1071 621 1150 Qui
637 1072 664 1132 si
681 1073 767 1132 infra
780 1071 912 1155 triginta
925 1091 1027 1132 annos
1045 1069 1199 1132 inventus
1215 1070 1328 1150 fuerit,

180 1156 336 1226 ddomino
349 1178 424 1217 cum
433 1155 509 1216 filiis
523 1153 583 1220 sihi
592 1154 710 1218 debitis
720 1163 753 1216 et
764 1154 852 1216 omni
859 1152 995 1238 peculio
1009 1163 1191 1215 revocetur.
1200 1153 1234 1214 si
1247 1174 1325 1216 vero

177 1253 323 1310 mortuus
338 1237 450 1314 fuerit,
461 1237 628 1320 peculium
645 1237 715 1300 eius
734 1237 885 1298 dominus
901 1243 1044 1299 revocet.
1064 1235 1189 1300 Colona
1205 1237 1326 1299 verosi

179 1322 297 1406 viginti
310 1320 403 1382 annis
420 1321 456 1387 in¹
466 1319 576 1386 alieno¹
588 1319 732 1386 dominio
745 1319 959 1402 permanserit
969 1318 986 1378 a
995 1317 1103 1400 priore
1114 1317 1246 1378 domino
1257 1339 1324 1380 non

178 1404 374 1486 requiratur.
406 1401 533 1463 Colono
555 1401 638 1467 duae
658 1412 765 1485 partes
785 1401 966 1486 agnationis
982 1409 1171 1481 sequantur,
1191 1399 1325 1469 colonae

179 1509 258 1550 vero
272 1485 368 1555 tertia
375 1505 447 1566 pars
455 1493 620 1566 sequatur.
635 1483 718 1552 Nam⁴
728 1484 755 1547 si
769 1484 896 1567 agnatio
910 1483 998 1550 infra
1011 1481 1129 1564 viginti
1142 1497 1245 1543 annos
1257 1482 1325 1545 edi-

178 1579 212 1632 ta
235 1568 347 1644 fuerit,
361 1565 493 1648 quando
516 1565 623 1636 adhuc
642 1567 758 1634 colona
771 1567 903 1636 domino
921 1565 1137 1647 competebat,
1152 1565 1327 1647 repetenti-

177 1653 238 1720 bus
252 1672 318 1713 non
334 1657 490 1732 negetura
507 1647 584 1732 quia
603 1649 637 1710 in
652 1649 792 1716 novellis
804 1649 930 1732 legibus
940 1657 988 1710 est
998 1645 1220 1710 constitutum.
1237 1647 1322 1708 Sane

180 1757 221 1796 ne
236 1730 394 1816 separatio
408 1730 553 1813 coniugii
570 1731 636 1808 fiat,
649 1729 864 1814 praecipimus
878 1731 942 1792 uta
958 1729 1090 1794 domino
1112 1728 1223 1797 coloni
1236 1729 1324 1792 vica·

178 1819 248 1886 riae
268 1811 399 1880 mulieri
420 1834 496 1877 cum
508 1813 681 1899 agnatione
697 1813 797 1898 partis
811 1811 925 1876 tertiae
942 1835 1009 1876 nou
1025 1821 1172 1896 negetur.

509 1978 985 2074 rusucurruu

194 2110 196 2114 ·
249 2091 312 2164 De
343 2089 485 2164 Ordine
509 2089 726 2164 Monostico
752 2088 920 2160 restituto
948 2087 989 2163 in
1013 2086 1249 2162 Menosterio

576 2189 709 2263 Sancti
732 2185 926 2280 Dionysii.

179 2291 230 2400 In
253 2341 384 2404 nomine
397 2343 529 2406 Domini
539 2344 602 2407 Dei
625 2353 657 2408 et
673 2341 849 2408 salvatoris
864 2340 967 2405 nostri
988 2341 1062 2404 Iesu
1081 2341 1211 2406 Christi.
1234 2342 1317 2402 Hiu-

179 2420 344 2505 domiuus,
361 2424 472 2489 divina
482 2426 651 2490 ordinante
664 2425 881 2512 providentii,
891 2423 1244 2509 Imperatorhugustus.
1260 2423 1322 2486 Di-

178 2509 264 2570 vinis
285 2509 464 2592 praeceptis
480 2518 512 2573 et
530 2510 714 2606 apostolicis
727 2509 860 2572 monitis
877 2507 1059 2584 incitamur,
1074 2508 1131 2569 sed
1142 2509 1323 2590 etimpera-

177 2591 254 2653 torii
279 2591 447 2674 regiminis
477 2591 584 2655 officio
612 2613 867 2671 commonemur,
895 2599 932 2652 ut
954 2611 1014 2675 pro
1045 2589 1211 2652 Ecclesiae
1236 2597 1321 2652 statu

177 2684 277 2755 atque
293 2682 424 2737 sanctae
443 2674 625 2758 Religionis
642 2684 815 2761 augmento
829 2673 967 2758 impigro
991 2693 1119 2754 semper
1148 2673 1321 2756 vigilemus

176 2757 305 2832 allecta,
329 2778 365 2817 ac
387 2777 447 2839 per
468 2758 650 2821 necessario
677 2781 737 2822 sen
760 2759 927 2820 fructuoso
957 2755 1166 2837 studiosoque
1197 2755 1322 2820 labore-

176 2861 247 2899 mus
278 2835 412 2913 effectu,
445 2847 479 2902 ct
498 2839 525 2902 si
547 2841 629 2922 quid
650 2862 786 2925 usquam
806 2837 1056 2924 reprehensioni
1078 2837 1247 2902 invenitur
1268 2836 1322 2898 ob·

176 2920 322 2999 noxium,
343 2920 456 3003 regiae
473 2923 672 2987 auctoritatis
691 2923 913 2988 sollicitudine
928 2919 1144 3003 corrigamus:
1166 2921 1320 3002 quatinus

176 3004 245 3065 aria
259 3012 461 3082 revocantes,
480 3005 643 3088 superflua
667 3015 881 3091 amputantes,
904 3005 1045 3086 collapsa
1075 3024 1206 3086 quoque
1228 3024 1320 3085 repa-

174 3107 293 3164 remus,
308 3095 406 3168 atque
429 3097 576 3170 reparata
589 3098 622 3150 et
635 3089 674 3150 ab
694 3087 921 3152 ecclesiasticis
936 3084 1318 3169 ririsApostolorurnque

175 3168 308 3230 Domini
325 3169 565 3231 successorihus
574 3171 697 3253 Spiritu
709 3181 820 3234 sancto
837 3179 971 3252 regente
983 3169 1069 3230 hene
1089 3177 1217 3248 statuta,
1232 3168 1318 3230 edic·

175 3251 215 3314 tis
241 3251 463 3334 imperialibus
485 3252 729 3327 confirmemus3
760 3255 837 3337 quia
867 3253 1003 3335 dignum
1023 3253 1170 3333 profecto
1205 3261 1253 3312 est
1280 3259 1318 3311 ut

174 3334 264 3415 qnod
284 3333 491 3397 sacerdotalis
514 3335 652 3418 dignitas
675 3337 788 3401 divino
808 3337 990 3397 illuminata
1005 3333 1131 3414 Spiritu
1153 3333 1315 3416 corporali

175 3415 308 3496 Christi,
320 3417 409 3500 quod
428 3426 475 3479 est
490 3417 636 3480 Ecclesia
650 3419 794 3481 eiusdem
811 3419 873 3480 Dei
891 3439 927 3479 ac
939 3416 1071 3478 Domini
1093 3426 1124 3477 et
1143 3416 1317 3479 salvatoris

175 3499 276 3559 nostri
293 3500 462 3581 redempta
477 3499 647 3584 sanguine,
674 3501 843 3563 adinvenit
862 3500 896 3563 in
924 3501 1039 3576 salute,
1066 3499 1118 3559 vel
1143 3501 1318 3560 reformata

174 3580 286 3642 statuit
308 3580 342 3640 in
364 3581 533 3664 religionis
555 3594 741 3665 augmento,
769 3584 802 3645 id
817 3582 992 3666 imperialis
1012 3581 1158 3643 maiestas
1180 3581 1317 3643 inviola.

173 3662 285 3726 hiiiter
298 3683 544 3746 permansurum
559 3665 593 3725 in
610 3675 806 3748 perpetuum
824 3665 991 3748 potestatis
1008 3685 1083 3726 suae
1107 3665 1235 3728 studeat
1261 3685 1316 3725 ro-

172 3745 287 3810 borare
314 3755 506 3830 praeceptor
535 3747 690 3830 quoniam
718 3748 878 3832 quicquid
900 3748 933 3811 in
962 3745 1147 3810 huiusmodi
1176 3747 1316 3830 negotiis

173 3828 364 3904 laboratum,
386 3849 446 3888 seu
460 3828 515 3911 pio
535 3829 640 3890 cultui
657 3831 675 3892 d
695 3831 788 3893 nohis
810 3830 912 3892 fuerit
934 3829 1129 3906 dedicatum,
1159 3828 1223 3890 hoc
1243 3851 1316 3912 pro-

173 3910 228 3972 cul
252 3910 352 3971 dubio
376 3917 505 3972 nostrae
532 3913 788 3976 mansuetudinis
817 3935 919 3995 regno
953 3921 987 3974 et
1016 3912 1139 3996 populo
1169 3912 1315 3992 regendo

173 3991 334 4054 credimus
359 3992 533 4072 specialius
548 3995 766 4076 profuturum.
800 3997 925 4059 Idcirco
949 4005 1063 4056 notum
1082 3995 1315 4062 essevolumus

172 4075 322 4138 omnihus
344 4073 506 4155 fidelibus,
525 4078 751 4173 praesentibus
767 4079 893 4140 scilicet
911 4087 945 4140 et
970 4079 1101 4154 futuris,
1125 4078 1202 4160 quia
1226 4087 1315 4156 post·

171 4179 269 4238 quarn
283 4161 354 4218 Deo
379 4159 509 4241 auspice
527 4158 700 4255 imperium
715 4170 887 4245 paternum
912 4161 1124 4244 suscepimus,
1141 4158 1239 4220 studii
1258 4181 1315 4219 no-

172 4239 220 4306 bis
235 4240 372 4306 maxime
389 4261 519 4331 semper
536 4243 600 4316 suit
619 4251 654 4308 ut
676 4244 807 4312 Domini
829 4244 988 4325 Ecclesia,
1008 4240 1077 4309 eius
1101 4241 1316 4328 magnificen-
