2952 4988
208 273 293 368 274Ι
446 293 479 348 a.
499 290 588 351 cnr.
694 291 952 352 canruaruua
1058 297 1120 362 aa.

254 435 296 499 Ut
313 433 528 498 Ecclesiarum
543 432 716 516 priuilegia
728 432 980 516 uelsacultates‚
1003 436 1071 497 siue
1091 435 1245 522 quicquid
1258 437 1306 500 ad

376 516 501 578 easdem
513 517 652 602 pertinet
661 561 675 590 ,
695 517 801 578 nullus
819 515 974 578 inuadere
988 533 1179 602 praesumot.

287 633 375 694 Xlll.
417 631 638 714 Praecipimus
659 633 809 695 omnibus
826 633 943 696 ditioni
966 643 1092 695 nostiae
1114 635 1289 717 subiectis,
1311 649 1346 701 ut

206 717 318 779 nullus
338 715 509 800 privilegia
524 715 746 780 Ecclesiarum
767 717 821 779 vel
841 717 1113 783 Monasteriorum
1139 719 1344 804 infrangere,

205 820 323 884 resque
346 797 569 862 Ecclesiarum
593 797 766 876 invadere,
788 798 841 862 vel
864 807 1006 877 rasura,
1029 807 1093 860 aut·
1106 801 1273 882 alienare,
1294 808 1344 865 val

204 883 376 946 facultates
397 901 509 946 eurum
526 881 670 966 diripere
690 890 891 966 praesumat,
914 902 975 944 nec
992 882 1065 944 sine
1079 885 1228 966 precario
1244 887 1345 968 possi-

206 969 284 1030 dere
300 973 481 1049 pertentet;
497 963 592 1048 quia,
609 966 695 1028 sicut
712 963 731 1024 i
748 963 867 1027 sanctis
884 964 1035 1027 Patribus
1056 965 1205 1028 instructi
1225 991 1345 1048 sumus,

204 1046 425 1132 gravissimum
435 1057 604 1132 peccatum
618 1047 682 1110 hoc
696 1068 765 1109 esse
779 1046 977 1127 dinoscitur,
991 1057 1128 1110 testante
1144 1051 1233 1111 sacra
1249 1053 1346 1135 scrip-

204 1135 296 1209 tura,
318 1151 403 1214 quaa
424 1131 490 1192 ait:
507 1132 571 1216 Qui
586 1131 754 1194 abstulerit
768 1129 895 1213 aliquid
909 1129 1005 1192 Patri
1021 1132 1077 1192 uel
1093 1135 1208 1204 matri,
1223 1149 1257 1194 et
1270 1135 1347 1196 dicit

205 1219 263 1278 hoc
278 1235 342 1276 non
358 1235 424 1276 esse
449 1226 631 1299 peccatum,
648 1213 810 1300 particeps
829 1211 1009 1274 homicidae
1026 1226 1082 1274 est.
1123 1215 1222 1276 Pater
1237 1227 1346 1279 noster
1387 1238 1392 1242 ’
1428 1285 1430 1288 ,

204 1300 275 1362 sine
289 1297 389 1360 dubio
403 1299 493 1360 Deus
509 1305 574 1369 est5
597 1307 700 1359 mater
716 1305 842 1375 nostra,
857 1295 1022 1373 Ecclesia,
1040 1317 1124 1378 quae
1143 1317 1201 1358 nos
1216 1298 1253 1359 in
1269 1300 1346 1384 bap-

204 1381 299 1444 tismo
322 1379 513 1463 spiritaliter
539 1377 754 1463 regeneravit.
794 1379 883 1462 Ergo
906 1377 965 1462 qui
988 1379 1110 1442 Christi
1131 1382 1292 1462 pecunias
1318 1391 1348 1444 et

202 1462 368 1528 Ecclesiae
387 1463 516 1524 fraudat
530 1461 584 1524 rel
607 1463 709 1545 rapit,
733 1460 801 1523 sive
814 1470 933 1540 vastat,
958 1461 1013 1522 vel
1026 1463 1164 1540 alienat,
1182 1463 1348 1527 homicida

204 1557 278 1608 ante
292 1554 502 1628 conspectum
518 1544 593 1606 iusti
608 1543 730 1606 Iudicis
743 1565 811 1606 esse
829 1543 1048 1628 deputabitur.
1069 1547 1119 1606 De
1133 1567 1199 1628 quo
1214 1548 1347 1630 quidam

203 1629 388 1712 sapientum
406 1628 509 1690 dicit:
532 1629 597 1711 Qui
610 1629 695 1712 rapit
703 1627 871 1711 pecuniam
886 1629 1033 1710 proximi
1045 1629 1119 1701 sui,
1143 1629 1346 1711 iniquitatem

195 1709 308 1878 pacit:
335 1713 391 1795 qui
421 1723 525 1772 autem
549 1712 717 1796 pecuniam
745 1708 907 1777 Ecclesiae
931 1709 1119 1784 abstulerit,
1147 1713 1348 1794 sacrilegium

220 1797 294 1858 acta

252 1899 352 1986 Quid
372 1895 549 1962 homicidae
575 1913 648 1962 ante
664 1897 768 1958 Deum
789 1898 981 1982 deputentur
997 1899 1055 1986 qui
1074 1919 1126 1960 res
1141 1897 1309 1963 Ecclesiae

703 1994 842 2043 uastam.

289 2087 378 2154 XIV.
419 2087 581 2152 Volumus
596 2107 708 2150 omnes
721 2095 804 2149 scire
819 2085 909 2170 qubd
926 2087 983 2171 qui
998 2082 1120 2151 Christi
1134 2096 1165 2149 et
1176 2087 1347 2152 Ecclesiae

201 2174 359 2262 pecunias
389 2173 565 2250 auferunt,
589 2189 707 2252 resque
739 2169 809 2231 eins
836 2171 1007 2250 fraudant,
1029 2172 1178 2254 rapiunt,
1199 2181 1347 2251 vastant,

202 2258 255 2321 rel
270 2256 446 2338 diripiunt,
468 2253 651 2316 homicidae
670 2261 745 2313 ante
759 2249 948 2315 Deum'esse
965 2254 1178 2337 deputantur;
1196 2253 1278 2338 quia
1296 2276 1348 2318 res

201 2361 403 2426 pauperum,
418 2359 500 2424 quos
519 2335 667 2401 Ecclesia
687 2355 818 2420 pascere
835 2335 955 2416 debet,
977 2337 1147 2421 diripiunt.

334 2527 606 2592 crememur
647 2525 842 2588 aaarruu
883 2525 1059 2588 uenam
1098 2482 1211 2591 auur.

203 2689 372 2784 Capituli
390 2711 411 2758 a
430 2687 567 2760 domno
588 2687 731 2759 Karolo
753 2698 792 2758 et
812 2685 889 2758 filio
909 2690 986 2758 eius
1006 2687 1273 2783 Hlndouvico,
1304 2715 1346 2762 ao

313 2789 587 2882 sapientissimis
613 2789 778 2890 ipsorum
801 2785 1019 2880 Episcopis,
1046 2801 1228 2884 excerpta.

244 2925 360 2992 Deliis
381 2931 438 3014 oui
450 2943 645 3016 putauerunt
662 2929 786 2992 idcircd
803 2943 1007 3018 praeceptum
1026 2953 1170 2994 essenon
1191 2935 1239 2996 ire
1258 2933 1307 2995 ad

352 3033 494 3098 pugnam
509 3011 720 3088 Sacerdotes,
745 3027 780 3074 ut
796 3015 899 3076 honor
915 3015 959 3074 eis
981 3016 1185 3100 minueretur.

282 3143 311 3208 Ῑ·
356 3118 466 3254 Quia
493 3176 667 3262 instigante
694 3177 829 3260 antiquo
849 3175 941 3239 hoste
972 3173 1158 3242 audivimus
1187 3183 1345 3264 quosdam

201 3283 261 3323 nos
282 3271 447 3344 suspectos
468 3258 608 3339 habere,
630 3261 802 3359 propterei
822 3260 914 3343 quod
936 3263 1154 3332 concessimus
1174 3265 1343 3349 Episcopis

201 3355 235 3406 et
254 3343 503 3422 Sacerdotibus,
525 3365 562 3405 ac
577 3343 793 3428 reliquisDei
808 3343 923 3421 servis,
945 3353 983 3404 ut
1002 3343 1036 3405 in
1057 3343 1181 3425 hostes,
1200 3347 1263 3409 nisi
1278 3349 1342 3409 duo

201 3437 256 3488 aut
276 3429 376 3488 tresis
396 3426 532 3490 caeteris
554 3425 669 3506 electi,
691 3437 723 3489 et
745 3427 935 3506 Sacerdotes
960 3426 1111 3488 similiter
1128 3431 1282 3512 perpauci
1303 3431 1342 3490 ab

201 3512 248 3572 eis
264 3509 380 3589 electi,
396 3509 463 3573 non
476 3510 581 3589 irent,
599 3511 683 3579 sicut
699 3510 733 3571 in
756 3508 920 3594 prioribus
940 3510 1058 3572 nostris
1075 3511 1265 3573 continetur
1280 3515 1341 3574 Ca-

199 3593 416 3678 pitularibus,
440 3614 501 3654 nec
522 3593 563 3654 ad
580 3615 727 3736 pugnam
749 3601 983 3677 properarent,
1006 3614 1067 3655 nec
1089 3616 1176 3653 arma
1200 3595 1339 3672 ferrent,
1390 3597 1394 3612 “

201 3697 264 3738 nee
287 3675 436 3738 homines
460 3685 526 3736 tam
553 3676 577 3736 C
604 3677 754 3739 ristianos
781 3675 878 3758 quim
904 3675 1051 3757 Paganos
1076 3685 1249 3756 necarent,
1281 3698 1341 3738 nec

200 3761 374 3841 agitatores
399 3757 595 3842 sanguinum
617 3760 752 3839 tierent,
776 3757 828 3820 vel
854 3757 1029 3840 quicquam
1058 3769 1172 3820 contra
1194 3759 1340 3822 Canones

199 3843 364 3920 facerent,
380 3842 467 3926 quad
483 3840 624 3904 honores
640 3842 851 3904 sacerdotum
866 3851 898 3902 et
913 3861 963 3903 res
977 3841 1199 3905 Ecclesiarum
1213 3845 1340 3908 auferre

201 3926 256 3987 vel
280 3925 443 3986 minorare
471 3924 517 3986 eis
543 3924 772 4002 voluissemus,
794 3923 884 4005 quod
906 3923 1093 3986 nullatenus
1110 3926 1219 3985 iacere
1236 3925 1339 4000 velle,
1447 3935 1448 3938 ’

99 4042 106 4057 s
201 4009 255 4070 vel
276 4010 385 4070 facere
408 4007 596 4070 volentibus
617 4008 803 4070 consentire
830 4027 941 4067 omnes
968 4008 1052 4068 scire
1077 4007 1234 4090 cupimus.
1278 4005 1341 4069 Sed
1447 4027 1448 4034 ¹

95 4129 97 4144 ι
201 4092 324 4172 quanti)
338 4091 410 4172 quis
424 4113 538 4152 eorum
551 4091 688 4174 amplids
702 4111 791 4152 suam
807 4109 952 4150 normam
968 4093 1154 4168 servaverit,
1162 4089 1254 4150 tanti>
1269 4111 1343 4152 eum

199 4175 274 4255 plus
289 4173 451 4234 bonorare
468 4182 500 4234 et
513 4174 670 4236 cariorem
685 4173 804 4234 habere
822 4174 982 4234 volumus.
1015 4174 1057 4234 Et
1075 4183 1111 4234 ut
1124 4173 1204 4234 haec
1220 4173 1340 4234 certius

201 4255 377 4316 credantur
396 4265 428 4316 et
441 4277 500 4338 per
520 4257 630 4348 t'uturn
643 4265 785 4340 tempora
806 4265 1058 4336 conserventur,
1075 4254 1291 4342 praecipimus
1306 4264 1341 4316 ut
