2958 4986
209 276 281 352 tro
500 291 535 346 a.
555 289 642 348 cun.
751 291 1009 352 caerretanus
1112 296 1177 354 sos.

207 435 262 500 dio
280 431 449 502 collocari;
473 431 689 514 discussisque
707 432 944 496 obiectionibus
965 455 1049 518 quae
1071 435 1148 518 ipsis
1175 437 1352 523 Presbyte-

207 521 253 582 ris
270 517 507 602 impinguntur,
528 515 555 576 si
575 516 729 578 convinci
749 515 928 600 potuerint,
948 516 967 578 t
987 521 1179 582 sacerdotali
1198 542 1353 584 remove·

207 612 305 664 autur
324 601 441 676 officio,
459 597 546 680 (quia
566 597 624 680 qui
644 600 745 662 suncti
771 619 836 661 non
861 608 949 678 sunt,
976 611 1087 663 sancta
1116 613 1254 666 tractare
1281 626 1351 665 non

229 690 351 762 essunt)
372 693 469 764 atque
486 681 585 742 alieni
607 681 790 744 efficiantur
817 683 834 743 t
864 681 1044 746 ministerio
1072 687 1173 766 quod,
1206 687 1352 749 vivendo

205 767 345 844 rulicite,
363 767 564 850 polluerunt.
606 765 648 826 Et
665 763 691 826 si
708 765 860 826 convinci
877 787 943 826 uon
970 769 1149 850 potuerint,
1170 771 1353 831 secuudum

203 851 351 928 ,anterius
366 847 557 931 capitulum,
575 848 728 908 consultu
748 849 866 910 Leonis
882 849 988 930 Papae
1005 861 1038 912 et
1055 852 1234 912 multorum
1251 853 1351 936 Epis-

206 955 363 1018 coporum
383 941 549 1007 statutum,
569 953 643 991 cum
659 930 731 994 ullis
747 931 948 1016 Presbyteris
972 943 1005 993 et
1022 933 1173 997 fidelibus
1188 933 1351 1018 iustisque

206 1016 394 1082 hominibus
413 1013 609 1076 satistaciunt
622 1013 785 1100 Episcopo
802 1033 861 1077 suo
883 1023 917 1078 et
932 1016 1066 1100 populo.

425 1277 558 1342 ITEM
599 1275 760 1340 ALIUD
803 1278 1143 1345 CAPITULUM

473 1425 536 1495 De
559 1425 791 1518 Purgatione
806 1424 1075 1519 Sacerdotem,

205 1569 346 1672 lletum
372 1589 440 1662 sub
466 1591 576 1662 finem
602 1591 687 1660 enni
721 1589 927 1661 DCCClll.
951 1587 1184 1684 Aquisgrani,
1219 1605 1261 1668 ut
1285 1597 1350 1668 ri·
1382 1575 1386 1580 ⁵
1458 1677 1459 1690 χ

203 1700 328 1784 detur,
359 1717 433 1788 quo
458 1713 499 1761 ee
524 1691 721 1760 contulisse
746 1691 928 1761 Karalum
954 1688 1238 1786 imperatorem,
1263 1717 1351 1788 post
1458 1729 1459 1788 t

204 1797 368 1870 habitum
389 1795 620 1864 conventum
647 1791 974 1878 Wormatiensem,
1001 1789 1185 1884 colligitur
1204 1818 1251 1867 ex
1266 1795 1352 1868 An-
1458 1807 1459 1814 ’

440 1893 583 1964 uatibus
622 1891 847 1962 Francorum
873 1888 1110 1992 Metensibus.

204 2096 260 2160 De
279 2091 468 2178 purgatione
489 2085 710 2160 Sacerdotem,
734 2089 873 2172 qualiter
895 2085 1095 2151 Wormatiae
1116 2087 1256 2153 secanda
1275 2093 1352 2155 uice

287 2176 456 2236 &Deciano
479 2171 600 2234 Karolo
623 2183 652 2232 et
674 2173 694 2232 ir
723 2173 788 2232 suis
810 2185 946 2236 tractata
966 2187 1060 2259 atque
1081 2177 1186 2260 sopita
1206 2189 1264 2236 est.

206 2327 391 2444 Omnibus
406 2381 508 2462 vobis,
525 2393 589 2444 tam
606 2383 827 2466 praesentibus
851 2407 947 2470 quam
964 2393 996 2449 et
1014 2383 1145 2464 suturis,
1170 2384 1254 2448 scire
1285 2407 1350 2447 cu·
1458 2399 1459 2468 3

131 2471 134 2480 ’
203 2469 311 2553 pimus
331 2467 408 2550 quia
430 2466 672 2529 ideoconsultu
693 2467 1009 2550 sedisapostolicae,
1040 2477 1073 2530 et
1092 2469 1238 2530 omnium
1266 2490 1349 2530 nos·
1458 2505 1459 2516 κ

203 2550 573 2634 trorumEpiscoporum
592 2572 628 2611 ac
644 2549 848 2631 reliquorum
857 2553 1081 2629 Sacerdotem,
1096 2561 1192 2640 atque
1206 2551 1348 2612 maxime
1458 2589 1459 2630 4

203 2644 399 2697 cunctorum
425 2634 573 2695 fidelium
593 2641 787 2712 nostrorum,
810 2635 850 2696 de
876 2635 1069 2718 purgatione
1100 2635 1349 2696 criminatorum

203 2717 415 2782 sacerdotum
427 2727 514 2777 tanta
528 2717 745 2793 tractavimus,
755 2737 889 2800 eamque
903 2741 978 2780 cum
988 2718 1135 2795 testibus,
1148 2717 1233 2780 sicut
1246 2716 1278 2776 in
1291 2739 1350 2776 an·
1458 2725 1459 2768 f

203 2799 318 2864 teriori
339 2800 515 2883 Cupitulari
530 2809 640 2860 nostro
655 2800 855 2878 continetur,
872 2801 942 2862 fieri
958 2801 1173 2879 decrevimus,
1189 2799 1348 2883 quoniam
1458 2879 1459 2890 ἵ

203 2882 426 2946 nesciebamus
442 2883 577 2944 eandem
594 2905 721 2943 causam
739 2883 868 2945 theuto
891 2883 1049 2968 Gregorio
1067 2885 1154 2967 Papa
1178 2904 1245 2944 esse
1262 2883 1347 2942 defi-

204 2967 319 3028 nitam.
358 2968 438 3026 Nam
461 2965 536 3026 cum
554 2965 729 3026 Warmatiti
749 2967 935 3047 generalem
960 2976 1160 3030 conventum
1181 2965 1347 3026 habuisse-

203 3073 285 3126 mus,
305 3049 410 3110 adlata
425 3059 472 3110 est
489 3047 615 3110 nobisit
636 3047 778 3126 Riculfo,
797 3049 1059 3132 Mogonciacensi
1081 3049 1344 3131 Metropolitano,

204 3133 341 3215 epistola
358 3131 444 3193 beati
466 3131 615 3214 Gregorii
636 3134 753 3214 Papae,
772 3131 806 3191 in
835 3151 901 3214 qua
928 3132 1019 3194 inter
1040 3141 1166 3194 caetera
1192 3130 1345 3192 contine-

202 3215 323 3276 bantur
338 3215 433 3276 haec:
456 3217 505 3277 De
529 3215 724 3292 Presbytero
740 3236 819 3276 vero.
839 3215 1052 3298 velquolibct
1068 3213 1240 3274 Sacerdote
1252 3213 1272 3272 ir
1286 3235 1346 3297 po-

200 3297 278 3384 pulo
303 3311 462 3371 accusato,
485 3299 515 3358 si
533 3299 613 3359 certi
629 3293 827 3377 nonfuerint
844 3310 937 3358 testes
955 3299 1015 3384 qui,
1025 3298 1152 3360 crimini
1164 3296 1263 3356 inlato
1279 3317 1345 3355 non

204 3379 383 3464 adprobent
401 3383 580 3450 veritatem,
604 3377 825 3440 iusiurandum
845 3382 905 3441 erit
926 3382 960 3441 in
975 3380 1095 3451 medio,
1115 3392 1145 3439 ct
1166 3379 1255 3438 illum
1277 3391 1345 3438 tes-

203 3476 266 3522 tem
285 3461 433 3547 proferat
456 3462 496 3523 de
512 3464 709 3524 innocentiae
733 3484 807 3524 suae
824 3464 962 3548 puritate
990 3465 1042 3524 cui
1065 3461 1152 3522 nuda
1179 3474 1210 3522 et
1231 3473 1346 3543 aperta

202 3558 276 3606 sunt
291 3545 417 3616 ornnia;
439 3547 544 3627 sicque
565 3557 690 3604 maneat
706 3547 740 3606 in
754 3548 889 3630 proprio
901 3545 1014 3626 gradu.
1057 3546 1120 3606 Ista
1138 3565 1216 3607 vero
1234 3542 1345 3602 omnia

202 3627 280 3709 qnia
294 3627 380 3690 vires
396 3638 519 3690 nostras
534 3627 709 3706 excedunt,
724 3628 757 3687 in
776 3627 898 3698 iudicio
921 3628 1156 3712 Episcoporum
1170 3627 1259 3686 iuxta
1288 3647 1344 3686 ca-

202 3710 355 3771 nonicam
374 3713 574 3772 sanctionem
591 3709 777 3772 definienda
792 3709 1001 3793 reliquimus;
1013 3719 1061 3770 ut
1089 3709 1181 3788 haec,
1209 3708 1344 3789 quando

202 3803 272 3855 orta
287 3794 423 3872 suerint,
440 3795 485 3855 ita'
498 3792 635 3856 definire
662 3801 817 3876 uatagant,
843 3803 881 3854 ut
905 3815 967 3855 nec
989 3793 1168 3856 secundum
1195 3791 1346 3853 seculum

102 3907 105 3914 ·
200 3876 317 3938 iustam
336 3877 635 3960 reprehensionem,
657 3899 718 3938 nec
739 3897 839 3958 penes
852 3879 969 3954 Deum,
996 3878 1085 3973 quod
1104 3875 1196 3953 obsit,
1213 3873 1346 3935 damna-

201 3959 336 4036 tionem,
354 3961 412 4022 sed
428 3969 576 4021 aeternae
591 3959 814 4036 beatitudinis,
841 3958 910 4042 ipso
940 3960 1117 4022 aumliante
1148 3958 1207 4045 qui
1232 3957 1346 4018 omnia

202 4042 345 4104 infucata
360 4053 511 4129 praestat,
531 4043 671 4128 praemia
684 4052 934 4126 consequantur.
