2958 4986
283 352 430 430 nena-
529 349 667 407 aeeon
693 343 934 432 rnancounu'
1037 353 1098 406 soe.
1211 332 1280 406 165

135 497 224 581 perit
240 515 334 560 aenum
346 492 520 577 paruulum
533 505 669 578 propter
684 512 745 564 me,
767 513 815 553 me
833 493 973 578 suscipit.
1015 495 1058 556 Et
1078 493 1172 554 alibi:
1198 494 1284 558 Hos·

135 601 195 662 pes
202 576 261 658 sui
260 623 273 650 ,
297 589 328 636 et
348 576 527 658 suscepistis
547 596 605 636 me.

143 687 246 769 Quem
262 679 502 768 providentium
524 683 662 744 Comites
681 697 713 744 et
726 684 906 745 Centenarii
924 681 1038 745 babere
1057 684 1193 746 debeant
1211 705 1285 764 erga

550 769 670 828 Missos
693 765 879 828 dominicos.

144 941 147 948 ,
224 875 376 939 XXVIII.
419 877 467 938 De
490 875 707 958 legationibus
728 875 890 938 itDomno
908 875 1104 958 Imperatore
1125 876 1288 938 venienti-

142 959 204 1030 bus
219 958 324 1019 Missis
339 958 482 1037 directis,
505 969 542 1018 ut
557 959 696 1020 Comites
710 967 743 1018 et
759 959 946 1020 Centenarii
968 961 1181 1040 praevideant
1197 959 1287 1020 omni

143 1041 389 1119 sollicitudine,
416 1041 501 1104 sicut
527 1040 660 1125 gratiam
686 1042 806 1102 Domni
837 1042 1040 1123 Imperatoris
1065 1043 1221 1124 cupiunt,
1251 1049 1287 1101 ut

145 1126 265 1206 absque
280 1123 387 1185 ullum
402 1135 453 1186 ort
472 1137 547 1187 cant
559 1147 619 1207 per
636 1123 814 1185 ministeria
828 1147 956 1201 reorum,
984 1126 1197 1208 omnibusque
1217 1147 1287 1184 om-

146 1210 227 1270 nino
246 1207 447 1290 praecipiant
467 1209 525 1290 qui
548 1208 612 1270 hoc
638 1206 738 1270 debiti
760 1217 855 1283 sunt,
890 1207 1080 1288 praevidere
1104 1219 1140 1292 up
1162 1209 1287 1268 nullam

145 1312 268 1350 moram
287 1311 448 1371 nusquam
463 1291 638 1374 patiantur,
658 1292 715 1352 scd
734 1311 807 1350 cum
826 1291 914 1351 omni
936 1291 1142 1352 festinatione
1159 1313 1214 1350 eos
1238 1291 1283 1348 fa-

146 1375 234 1435 ciant
258 1376 304 1434 ire
334 1374 420 1434 riam
444 1397 555 1453 suam,
584 1383 617 1435 et
636 1373 746 1436 taliter
767 1374 1007 1457 providentiam
1033 1393 1122 1436 suam
1149 1374 1289 1434 habeant

148 1468 183 1521 ut
202 1457 290 1522 Missi
316 1457 417 1519 nostri
438 1457 623 1542 disponant.
1275 1479 1278 1486 ⁴

417 1567 467 1626 De
485 1567 678 1656 prustperibus
700 1588 764 1627 non
785 1567 1013 1651 opprimendis.

143 1681 149 1688 '
225 1673 344 1734 XXIX.
386 1673 434 1736 De
459 1673 655 1757 pauperibus
675 1696 754 1736 vero
769 1675 826 1757 qui
845 1676 880 1736 in
896 1698 954 1737 saa
969 1677 1174 1758 eleemosyna
1189 1676 1287 1732 Dom-
1340 1669 1341 1680 ¹

145 1777 209 1816 uus
235 1757 412 1840 Imperator
440 1757 591 1818 concedit
617 1756 675 1838 qui
699 1779 757 1838 pro
787 1759 900 1819 banno
918 1779 978 1820 suo
1001 1758 1129 1820 solvere
1155 1756 1286 1832 debent,

145 1848 185 1897 ut
201 1861 254 1900 eos
272 1839 410 1917 ludices,
434 1837 590 1918 Comites,
609 1843 662 1904 rel
677 1839 766 1901 Missi
783 1842 884 1902 nostri
905 1864 965 1926 pro
979 1862 1132 1903 concesso
1151 1860 1217 1899 non
1235 1838 1288 1898 ha'-

143 1921 246 1984 beant
266 1923 487 2006 constringere
511 1943 571 2006 pro
588 1933 656 1984 arte
675 1945 742 1989 sua.

356 2033 406 2092 De
428 2035 478 2093 bis
499 2030 622 2120 quieti
639 2033 870 2115 Imperatorem
891 2031 1087 2115 confugiunt.

231 2141 332 2202 XXX.
372 2139 422 2202 De
446 2139 497 2202 bis
517 2161 599 2222 quos
612 2141 685 2204 salt
698 2143 846 2202 Domnus
856 2141 1046 2224 Imperator,
1069 2136 1199 2200 Christo
1215 2159 1288 2220 pro·

145 2220 240 2305 pitin,
263 2233 299 2284 ut
321 2243 482 2306 pacemne
499 2223 724 2287 defensionem
737 2224 877 2285 habeant
890 2223 923 2282 in
940 2245 1043 2307 regno
1059 2243 1130 2300 suo,
1151 2221 1186 2282 id
1201 2229 1288 2302 sunt,

147 2306 206 2386 qui
228 2306 268 2366 ad
287 2327 377 2366 snam
399 2305 605 2368 clementiam
620 2308 777 2370 festinant
794 2305 920 2388 aliquid
939 2306 1091 2366 nuntiare
1107 2304 1289 2385 cupientes,

148 2390 221 2450 sive'
238 2411 277 2450 ex
299 2389 502 2466 Christianis,
526 2391 593 2452 sive
615 2413 654 2452 ex
679 2390 823 2474 paganis,
846 2398 902 2450 aut
916 2399 1051 2472 propter
1072 2389 1215 2471 inopiam
1234 2386 1289 2448 vel

146 2481 281 2554 propter
301 2473 419 2534 barnem
438 2473 676 2556 suffragantium
690 2482 864 2556 quaerunt,
885 2482 922 2532 ut
937 2473 1050 2532 nullus
1070 2491 1124 2531 eos
1145 2470 1207 2532 sibi
1226 2489 1291 2531 ser·

145 2555 228 2616 vitio
246 2555 468 2638 constringere
489 2557 543 2619 vel
558 2579 712 2640 usurpare
730 2557 861 2632 audeat,
883 2577 990 2636 neque
1007 2555 1162 2630 alienare,
1179 2573 1288 2634 neque

145 2638 306 2710 vendere5
338 2639 395 2698 scd
422 2639 478 2698 ubi
503 2641 616 2720 sponte
641 2661 772 2701 manere
797 2639 981 2710 voluerint,
1015 2639 1075 2699 sub
1098 2635 1288 2696 defensione

144 2721 266 2780 Domni
290 2721 495 2802 Imperatoris
514 2723 558 2783 ihi
582 2723 723 2785 habeant
750 2721 899 2804 suffragia
926 2721 960 2780 in
986 2743 1043 2782 sua
1072 2719 1288 2800 eleemosyna.

147 2804 182 2864 Si
201 2805 274 2884 quis
290 2802 352 2864 hoc
370 2805 593 2888 transgredere
615 2805 882 2888 praesumpserit,
909 2803 989 2866 sciat
1006 2825 1038 2866 se
1063 2802 1182 2864 exinde
1204 2801 1290 2861 dam-

147 2909 228 2960 num
240 2885 307 2968 pati
324 2887 421 2948 vitam
435 2890 708 2975 praesumptiosus
722 2888 912 2971 dispositum
934 2889 1019 2950 iussa
1038 2889 1204 2947 Domuum
1225 2885 1289 2944 lm·

146 2978 286 3052 perator.

244 3077 294 3137 De
316 3078 365 3136 bis
382 3079 438 3160 qui
454 3079 606 3138 iustitiam
626 3078 745 3139 Domui
765 3079 972 3162 Imperatoris
995 3078 1192 3138 annuntiant.

231 3185 349 3244 XXXI.
393 3190 435 3246 Ut
458 3186 509 3247 his
531 3185 589 3268 qui
614 3185 769 3248 iustitiam
792 3185 912 3246 Domni
935 3183 1140 3266 Imperatoris
1163 3202 1291 3241 tinnun-

149 3265 242 3344 tiant,
265 3267 349 3328 nihil
373 3269 524 3330 laesionis
541 3263 602 3331 ¹vel
629 3269 767 3332 iniuriae
790 3268 863 3351 quis
886 3267 1291 3346 machinarepraesumat,

148 3371 258 3431 neque
286 3351 411 3433 aliquid
437 3353 628 3414 inimicitiae
652 3362 765 3415 contra
804 3373 858 3414 eos
888 3371 1029 3411 movere.
1089 3349 1154 3426 Qui
1183 3355 1293 3406 autem

148 3437 410 3516 praesumpserit,
432 3436 575 3499 bannum
590 3436 790 3498 dominicum
803 3434 914 3497 solvat.
959 3433 1021 3494 Vel
1042 3431 1069 3493 si
1084 3429 1213 3490 maior-is
1233 3427 1291 3488 de·

149 3515 210 3575 biti
229 3537 303 3576 rcus
319 3517 370 3595 sit,
400 3519 440 3581 ad
461 3541 550 3580 suam
568 3520 785 3602 praesentiam
808 3515 945 3601 perduci
966 3515 1089 3576 iussam
1111 3523 1168 3574 est.

151 3625 201 3684 De
230 3607 410 3686 homicidiis
440 3625 609 3698 canendis,
639 3627 679 3686 de
707 3624 934 3710 compositione
964 3621 1160 3693 occisorum,
1191 3631 1222 3680 et
1251 3615 1291 3678 de

207 3719 209 3734 '
490 3711 687 3793 poenitentia
707 3707 951 3777 homicidarum.¹

236 3811 384 3876 XXXlI.
426 3815 626 3893 Homicidia,
660 3837 720 3898 pro
738 3814 857 3896 quibus
878 3809 1053 3872 multitudo
1072 3809 1158 3892 perit
1178 3809 1292 3890 populi

154 3896 343 3972 Cl‘rristiani,
367 3898 454 3958 omni
478 3899 711 3960 contestatione
732 3898 882 3958 deserere
903 3919 941 3958 ae
963 3905 1071 3955 vetare
1089 3893 1293 3959 mandamus;

151 3980 230 4060 qnia
247 3981 314 4061 ipsc
335 3981 494 4044 Dominus
511 3981 585 4041 odia
603 3991 636 4042 et
656 3979 840 4040 inimicitias
861 4001 933 4040 suas
953 3977 1103 4041 fidelibus
1127 3974 1293 4034 contradi-

150 4065 213 4140 xit,
235 4063 338 4122 multo
354 4064 454 4144 magis
470 4064 655 4125 homicidia.
687 4062 871 4142 ,Quomodo
887 4063 975 4126 enim
991 4059 1051 4120 sibi
1067 4063 1173 4120 Deum
1190 4058 1296 4137 placass

76 4168 79 4182 ’
151 4159 222 4208 tum
243 4147 311 4206 iore
333 4137 479 4223 confidit,
514 4147 694 4228 quililium
724 4167 820 4206 suum
836 4145 1020 4226 proximum
1037 4143 1098 4204 sihi
1118 4139 1296 4204 occiderit?

153 4227 304 4306 Qualiter
331 4233 410 4290 vero'
433 4229 598 4291 Christum
628 4228 804 4290 Dominum
826 4229 887 4290 sibi
909 4227 1086 4310 propitium
1108 4245 1176 4285 esse
1210 4222 1296 4282 arbi-

153 4321 269 4393 tretur,
293 4312 349 4394 qni
364 4313 496 4376 fratrem
510 4325 603 4378 suum
625 4311 846 4376 interfecerit?
868 4313 1022 4394 Magnum
1043 4307 1173 4394 quoque
1190 4316 1220 4368 et
1244 4307 1297 4371 in-
