2958 4986
194 309 270 386 160
421 331 458 392 n.
480 330 573 392 can.
676 331 936 392 censuistis
1040 336 1104 396 scs

570 473 621 534 De
658 475 781 538 iustitia
802 475 970 557 facienda.

276 578 333 643 lx.
376 584 420 644 Ut
445 597 542 644 nemo
561 581 596 642 iu
619 581 741 665 placito
762 603 823 665 pro
844 583 909 645 alio
931 582 1095 646 rationare
1114 606 1207 648 usum
1220 585 1343 652 haheat

193 664 419 728 defensionem
439 666 574 728 alterius
594 665 728 742 iniuste,
753 667 820 728 sire
842 689 902 748 pro
919 667 1099 751 cupiditate
1129 669 1252 752 aliqua,
1277 671 1343 734 mi-

193 771 254 811 nus
270 748 435 810 rationare
449 749 592 828 valente,
607 749 659 808 vel
675 769 735 832 pro
749 747 883 832 ingenio
904 751 1041 814 rationis
1058 772 1134 812 suae
1149 753 1273 816 iustum
1286 756 1342 816 iu-

193 831 316 894 dicium
336 831 483 910 marrire,
499 831 551 893 vel
570 831 730 892 rationem
749 853 840 893 suam
854 833 962 896 miuus
981 833 1110 896 valente
1130 838 1341 920 opprimendi

192 915 310 976 studio.
353 916 419 978 Sed
435 915 660 997 unusquisque
675 935 735 998 pro
760 937 817 977 sua
840 937 936 978 causa
950 917 1003 980 vel
1021 939 1122 981 censu
1146 920 1199 984 vel
1224 919 1341 984 debito

192 999 353 1060 rationem
367 999 495 1072 reddat,
522 997 586 1060 nisi
602 997 722 1080 aliquis
735 999 778 1060 sit
794 998 940 1064 infirmus
957 1011 1014 1062 aut
1029 1000 1173 1064 rationes
1195 1005 1341 1084 nescius,

193 1103 253 1164 pro
270 1083 390 1164 quibus
406 1081 495 1143 Missi
510 1081 562 1143 rel
578 1079 702 1164 priores
728 1081 836 1162 quiin
859 1083 930 1166 ipso
952 1085 1073 1166 placito
1096 1093 1185 1164 suut,
1211 1085 1264 1148 vcl
1287 1090 1343 1150 lu·

194 1165 257 1228 dex
270 1165 328 1262 qui
350 1187 478 1228 causam
505 1163 604 1226 huius
630 1163 766 1226 rationIs
793 1164 884 1243 sciat,
916 1168 1101 1230 rationetur
1133 1169 1340 1252 conplacito;

193 1248 248 1312 rel
264 1271 290 1308 ss
312 1247 487 1311 necessitas
503 1247 556 1325 sit,
573 1247 673 1308 talem
687 1269 857 1329 personam
875 1249 1032 1332 largiatur
1046 1257 1083 1308 ut
1102 1250 1263 1313 rationem
1280 1253 1341 1336 qui

194 1331 344 1394 omnibus
359 1331 536 1414 probabilis
549 1329 602 1408 sit,
624 1330 726 1411 etqui
747 1329 781 1390 in
796 1330 864 1414 ipsa
875 1331 959 1394 bene
977 1333 1105 1395 noverit
1119 1355 1230 1396 causa:
1248 1336 1343 1418 quod

192 1423 301 1476 tamen
319 1415 453 1476 omnino
468 1414 524 1474 fiat
541 1413 720 1474 secundum
737 1415 1001 1477 convenientiam
1014 1417 1160 1500 priorum
1178 1417 1231 1480 vel
1258 1419 1343 1480 Mis-

192 1519 302 1558 sorum
320 1497 377 1579 qui
395 1503 583 1580 praesentes
601 1496 729 1558 adsunt.
773 1497 871 1574 Quod
892 1507 926 1560 et
946 1499 1138 1562 omnimodis
1154 1502 1342 1562 secundum

193 1579 352 1642 iustitiam
376 1580 552 1660 legemfiat
568 1579 673 1660 adque
694 1579 884 1662 praemium,
909 1583 1103 1660 mercedem,
1137 1584 1189 1650 vel
1224 1583 1342 1666 aliquo

193 1663 295 1724 malae
311 1661 508 1724 adulationis
527 1661 672 1744 ingenio,
696 1662 750 1724 vel
782 1661 973 1726 defensione
1006 1665 1274 1749 propinquitatis,
1302 1677 1344 1729 ut

196 1745 385 1812 nullatcnus
404 1745 527 1806 iustitia
550 1745 623 1826 quis
642 1745 777 1806 marrire
801 1747 1007 1828 praevaleat.⁴
1036 1749 1080 1812 Et
1103 1757 1140 1809 ut
1161 1771 1259 1810 nemo
1281 1752 1345 1812 ali-

194 1829 274 1912 quid
293 1827 393 1892 alicui
411 1829 532 1890 iniuste
554 1829 751 1906 consentiat,
772 1829 829 1890 sed
852 1829 940 1890 omni
970 1833 1078 1894 studio
1107 1839 1141 1892 et
1165 1831 1342 1894 voluntate

194 1933 305 1974 omnes
326 1912 367 1973 ad
389 1911 544 1973 iustitiam
566 1911 797 1994 perficiendam
818 1917 996 1994 praeparati
1020 1916 1095 1976 sint.
1139 1916 1226 1976 Haec
1250 1916 1345 1982 enim

194 1995 302 2056 omnia
321 1995 505 2079 supradicta
525 1995 685 2077 imperiali
706 2002 906 2057 sacramento
926 1996 1089 2060 observari
1110 1995 1284 2076 debentur.

195 2104 241 2166 'Ut
261 2101 415 2188 Episcopi
428 2115 459 2164 ct
474 2103 659 2181 Presbyteri
678 2102 849 2163 sectandum
871 2123 1006 2168 canones
1027 2109 1154 2182 vivant,
1182 2123 1214 2170 et
1239 2127 1345 2174 caete.

655 2207 708 2246 ros
732 2183 876 2246 doceant.

277 2269 316 2330 X.
358 2269 402 2329 Ut
419 2267 573 2352 Episcopi
593 2275 627 2328 et
640 2267 828 2352 Presbyteri
848 2271 1030 2334 secundum
1045 2293 1186 2340 canones
1213 2276 1341 2358 vivant,

194 2362 228 2414 et
244 2352 287 2412 ita
303 2359 449 2414 caeteros
471 2351 620 2412 doceant.

162 2465 166 2472 '
234 2461 284 2520 De
314 2456 427 2544 officio
454 2455 700 2543 Episcoporum,
724 2459 897 2604 ἱῖἰὺξαιιιηι,
922 2475 953 2524 et
965 2462 1204 2526 Abbatissarnm
1217 2486 1295 2546 erga

686 2564 721 2602 su
769 2563 840 2604 zos.

277 2649 334 2710 XI.
375 2651 421 2710 Ut
440 2647 607 2732 Episcopi,
629 2648 780 2728 Abbates,
796 2660 894 2734 atque
907 2649 1106 2730 Abbatissae,
1121 2651 1179 2736 qui
1196 2656 1339 2718 caeteris

160 2777 163 2782 -
193 2732 330 2816 praelati
347 2740 434 2812 sunt,
449 2753 523 2794 cum
537 2754 658 2794 summa
678 2735 888 2795 veneratione
912 2757 949 2795 ac
975 2734 1149 2818 diligentia
1177 2737 1337 2801 sublectis

194 2815 256 2878 sihi
279 2835 424 2900 praeesse
450 2815 614 2894 studeant,
636 2837 702 2876 nou
718 2817 885 2899 potentiva
909 2817 1130 2880 dominatione
1146 2819 1199 2882 vel
1224 2828 1340 2903 tyran-

194 2900 271 2961 nide
294 2899 356 2962 sibi
375 2897 538 2960 subiectos
558 2907 718 2981 premant,
737 2899 794 2960 sed
806 2900 946 2983 simplici
966 2900 1144 2964 dilectione
1160 2924 1234 2964 cum
1245 2926 1339 2965 man-

193 2983 368 3045 suetudine
383 2991 416 3046 et
436 2979 582 3057 caritate,
597 2980 649 3042 vel
672 2983 829 3062 exemplis
848 2983 1010 3046 honorum
1025 3005 1170 3068 operum,
1188 2985 1338 3050 commis·

193 3088 265 3130 sum
292 3066 353 3128 sibi
375 3086 505 3150 gregem
518 3063 644 3126 solicite
661 3065 853 3127 custodiant.

252 3174 295 3238 Ut
311 3175 465 3236 Monachi
478 3186 508 3234 et
521 3173 783 3236 Sanctimoniales
799 3173 970 3236 secundum
990 3174 1269 3254 regulamuivant.

275 3283 349 3344 ΧΠ.
390 3285 435 3344 Ut
450 3280 590 3343 Abbatcs
611 3281 667 3341 ubi
688 3279 840 3342 Monachi
862 3289 938 3341 sunt
957 3280 1100 3364 pleniter
1120 3303 1193 3342 cum
1215 3282 1335 3343 Mona-

193 3365 262 3428 chis
284 3365 464 3428 secuudum
489 3365 635 3447 regulam
655 3364 884 3445 vivant,atquc
907 3383 1048 3428 canones
1070 3363 1248 3446 diligenter
1268 3367 1335 3428 dis·

193 3459 269 3511 cant
290 3457 324 3511 et
345 3449 527 3510 observent.
570 3447 728 3509 Similiter
748 3446 933 3508 Abbatissae
955 3447 1087 3508 faciant.

234 3557 284 3619 De
305 3554 493 3630 Advocatis,
517 3555 747 3627 Viccn'ominis,
769 3569 799 3614 et
819 3555 1015 3618 centenariis
1040 3555 1286 3640 Episcoporum,

185 3671 188 3678 ·
517 3640 684 3709 Adlatum,
703 3637 998 3700 ctAbbatissurnns.
1061 3645 1062 3656 ¹
1104 3695 1107 3704 ,

241 3719 243 3724 ’
273 3724 363 3783 XIII.
406 3725 450 3783 Ut
469 3721 635 3806 Episcopi,
657 3719 807 3798 Ablsates,
830 3731 927 3804 atquc
950 3719 1332 3784 AbbatissaeAdvocatos

190 3815 289 3889 atque
311 3805 541 3868 Vicedominos
564 3803 843 3885 Centenariosquc
865 3805 971 3886 legem
992 3803 1143 3882 scientes,
1166 3807 1211 3864 Jet
1239 3804 1332 3864 iusti-

190 3891 269 3949 tiam
292 3887 477 3972 diligentes,
492 3873 707 3968 pacificosque
730 3897 764 3948 et
790 3894 974 3948 mansuetos
1003 3886 1156 3964 habeant,
1186 3887 1331 3966 quiditer

189 3994 249 4056 per
279 3971 416 4054 illosque
446 3979 574 4034 sanctae
604 3969 666 4032 Dei
702 3968 869 4032 Ecclesiae
899 3969 997 4050 magis
1026 3977 1236 4052 praeceptum
1274 3971 1328 4030 vel

190 4075 313 4116 merces
330 4057 508 4124 adcrescat3
532 4052 610 4134 quia
631 4052 817 4123 nullatenus
848 4073 954 4133 neque
983 4053 1187 4134 Praepositos
1217 4075 1326 4134 neque

189 4138 369 4199 Advocatos
391 4137 559 4197 damnosos
582 4145 615 4196 ct
636 4135 770 4218 cupidos
793 4136 826 4195 in
852 4135 1046 4196 Illonasteria
1077 4134 1197 4196 habere
1236 4138 1327 4196 volu·

188 4243 259 4280 mus
281 4244 298 4280 a
320 4220 438 4300 quibus
460 4220 560 4302 magis
582 4241 640 4286 nos
667 4217 866 4302 blasphemia
887 4219 937 4278 vel
956 4217 1149 4278 detrimenta
1168 4219 1324 4280 oriantur.

190 4304 254 4365 Sed
275 4303 356 4364 tales
377 4301 444 4364 sint
472 4303 672 4384 qualescos
703 4301 859 4366 canonica
893 4301 944 4362 vel
971 4301 1129 4386 regularis
1161 4301 1324 4364 institutio
