2928 4986
292 324 326 378 s.
346 321 435 379 can.
554 311 948 372 acconensnconuu
1053 312 1117 373 an.
1200 293 1275 368 sto

129 469 186 533 De
217 463 341 549 plebeio
361 481 424 522 non
442 453 622 542 recipiendo
637 457 895 597 inlmonasteric,
925 455 1178 516 nislMonnchns
1190 451 1277 540 fieri

630 559 673 598 vo
688 541 780 599 uerit.

192 647 309 714 'xL11.
367 651 410 710 Ut
434 647 544 707 nullus
565 643 713 728 plebeius
730 666 789 708 seu
806 645 953 710 Clericus
968 644 1122 708 secularis
1144 645 1178 704 in
1205 669 1276 708 mo-

106 729 269 798 nasterio
288 733 329 795 ad
366 729 580 793 habitandum
602 727 795 812 recipiatur,
825 729 889 792 nisi
909 729 1054 796 voluerit
1074 727 1146 790 fieri
1165 731 1277 791 Mona.

133 817 226 881 chus.

127 927 178 987 Ne
214 925 390 987 Monachus
416 923 552 985 iurando
580 943 754 983 sermonem
778 919 945 1006 proferat,
982 921 1045 982 nisi
1067 922 1148 982 sient
1171 922 1275 983 suncti

460 1007 573 1068 Patres
616 1007 842 1066 constituerunt
863 1005 961 1087 loqui.

210 1113 329 1177 XLIII.
371 1115 415 1175 Ut
435 1111 561 1174 nemini
583 1112 681 1174 hcent
705 1131 888 1172 sermonem
913 1110 1086 1173 iuramenti
1114 1121 1170 1174 aut
1190 1111 1275 1172 affin

131 1198 281 1260 metionis
302 1198 468 1282 proferre,
494 1197 557 1258 nisi
585 1196 669 1258 sicut
694 1194 796 1256 sancti
819 1195 932 1256 Patres
953 1194 1041 1256 soliti
1065 1197 1202 1258 fuerunt
1226 1197 1275 1256 lo·

130 1281 188 1364 qui
208 1287 249 1359 n).

21 1399 23 1406 ’
129 1393 186 1455 De
209 1387 382 1451 Abbatihns
409 1385 541 1448 cellulas
561 1387 794 1450 Monachornm
812 1383 868 1447 nel
897 1385 1127 1447 canonicorum
1152 1385 1271 1447 haben·-

650 1472 742 1533 tibus.

212 1579 326 1643 XLIV.
367 1581 410 1640 Ut
430 1577 607 1640 Abbatihus
629 1578 727 1639 liceat
750 1575 872 1636 hahere
901 1574 1000 1636 cellas
1023 1574 1057 1633 ln
1079 1573 1198 1657 quibus
1215 1585 1271 1636 aut

130 1661 283 1724 Monachi
310 1662 374 1722 sint
401 1669 456 1720 aut
476 1661 644 1722 Canonici.
696 1661 739 1721 Et
760 1658 865 1720 Abbas
887 1656 1073 1744 praesideat
1099 1679 1142 1720 ne
1162 1658 1270 1721 minus

131 1745 172 1806 de
195 1741 364 1806 Monachis
383 1744 428 1805 ibi
446 1742 591 1804 habitare
614 1743 780 1827 permittat
797 1742 894 1824 quam
911 1745 992 1802 sex.·''

130 1853 180 1911 De
201 1851 310 1912 schola
326 1854 359 1911 in
374 1854 565 1912 monasterio
587 1869 654 2014 nep
671 1846 837 1920 habendo,
868 1849 932 1908 nisi
952 1847 993 1908 de
1017 1849 1066 1908 his
1091 1849 1147 1930 qni
1169 1845 1270 1911 ollali

647 1933 761 1992 nerint.

210 2039 308 2102 XLV.
351 2041 394 2100 Ut
407 2039 517 2103 schola
537 2039 571 2100 in
594 2037 789 2101 monasterio
810 2057 876 2099 non
896 2036 1065 2116 habeatur,
1080 2037 1143 2099 nisi
1156 2058 1269 2100 eorum

130 2120 189 2203 qui
210 2119 309 2182 oblati
329 2131 415 2184 sunt.

13 2265 19 2272 ν
129 2229 180 2290 De
196 2230 379 2314 praecipuis
401 2228 652 2292 solemnitatibus
671 2227 879 2299 Sannorum,
912 2239 947 2286 ut
965 2228 1147 2310 plenarium
1167 2231 1202 2314 in
1221 2225 1266 2290 eis

368 2311 513 2398 officinm
523 2311 667 2398 fint,'et
685 2314 733 2374 bis
753 2309 906 2372 Monachi
921 2310 1027 2372 edant.

209 2416 325 2480 XLVI.
368 2421 411 2480 Ut
433 2419 467 2478 in
487 2417 669 2502 praecipuis
688 2415 956 2493 solemnitatibus,
978 2416 1012 2477 id
1031 2426 1088 2496 est,
1107 2417 1141 2478 in
1155 2419 1267 2481 Natale

129 2497 221 2558 etin
249 2501 371 2564 octavis
393 2501 544 2580 Domini,
570 2503 603 2561 in
622 2499 823 2586 Epiphania,
852 2499 887 2558 in
910 2497 1033 2561 Pascha
1053 2502 1203 2583 quoque,
1236 2511 1269 2562 et

129 2581 329 2643 Ascensione
347 2584 491 2663 Domini,
509 2593 542 2645 et
563 2585 596 2644 in
612 2586 841 2660 Pentecosten,
861 2581 942 2643 etin
960 2583 1153 2645 Sanctorum
1175 2586 1267 2648 festi-

128 2661 290 2742 vitatibus,
318 2665 352 2726 id
369 2677 428 2745 est,
445 2665 548 2728 sancti
565 2665 733 2750 Stephani,
751 2675 785 2728 et
801 2666 835 2726 in
849 2663 934 2726 beati
951 2664 1106 2728 Iohannis
1121 2667 1268 2750 Evange-

129 2745 234 2824 listae‚
260 2755 293 2808 et
312 2747 346 2808 in
363 2749 468 2810 natale
485 2749 672 2828 Infantiam,
691 2749 724 2810 in
742 2747 973 2810 Purificatione
997 2757 1029 2810 et
1041 2749 1268 2833 Assumptione

129 2837 260 2890 sanctae
280 2831 417 2909 Mariae,
444 2831 595 2893 similiter
617 2840 650 2892 et
673 2831 707 2892 in
729 2832 898 2894 beatorum
916 2828 1146 2926 Apostolorum
1165 2833 1267 2908 festis,

129 2911 217 2972 etin
242 2913 343 2974 sancti
367 2914 522 2976 Iohannis
547 2914 707 3000 Baptistae
728 2914 916 2992 nativitate,
951 2935 985 2973 1n
1009 2915 1112 2976 sancti
1136 2917 1269 2998 quoque

128 2991 296 3055 Laurentii
313 3005 410 3079 atque
430 2997 575 3076 MurtinI,
592 3007 624 3059 et
644 2998 679 3058 in
701 2998 803 3060 sancti
816 2995 995 3074 Benedicti,
1018 3019 1076 3060 seu
1098 2997 1132 3056 iu
1150 3000 1267 3059 natali-

129 3075 182 3136 tiis
196 3077 372 3140 cuiuslihet
387 3080 489 3142 sancti
509 3080 601 3142 cuius
614 3080 722 3144 honor
740 3081 774 3141 in
792 3080 1014 3163 qualicunque
1031 3081 1183 3164 parochia
1198 3103 1268 3164 spe·

131 3158 259 3253 cialiter
281 3163 474 3242 celebratur,
494 3163 688 3247 (plenarium
707 3164 849 3226 officium
868 3170 980 3246 agatur
995 3168 1043 3243 o),
1069 3171 1103 3225 et
1119 3163 1168 3226 bis
1190 3164 1266 3224 refi-

131 3250 244 3304 c1atur.

504 3327 554 3388 De
575 3328 693 3390 ieiunio
714 3329 902 3392 Parasceve.

210 3435 340 3578 ItlLVlI.
388 3436 432 3497 Ut
460 3433 494 3495 in
518 3437 693 3498 Parasceve
720 3456 786 3495 non
808 3434 900 3497 aliud
923 3433 986 3497 nisi
1008 3435 1100 3521 panis
1129 3445 1162 3499 et
1182 3457 1266 3520 aqua

129 3535 218 3577 suma
234 3539 283 3578 ur.

283 3621 329 3680 De
353 3621 569 3716 benedictione
589 3637 662 3708 post
690 3623 936 3709 Completorinm
966 3623 1112 3686 dicenda.

129 3807 161 3870 d·
202 3727 359 3887 tXLV)lIl.
409 3730 452 3788 Ut
470 3728 655 3792 benedictio
676 3739 750 3814 post
770 3731 1027 3816 Complatorium
1047 3733 1066 3794 I
1088 3730 1263 3795 Sacerdote

152 3830 200 3870 ica
216 3830 256 3869 ur
272 3829 315 3893 p.

131 3947 402 3969 φμ-α-ιι-ι--ιο

159 4046 202 4106 n)
220 4041 253 4091 al.
272 4059 319 4093 ms.
340 4041 430 4094 addit:
455 4041 488 4095 id
504 4055 559 4103 est,
582 4035 669 4098 orado
751 4050 793 4113 p)
810 4044 843 4095 aI.
863 4060 910 4096 ms.
930 4044 1022 4098 addit:
1041 4057 1068 4099 et
1078 4043 1177 4099 deinde
1188 4064 1265 4119 aqua

211 4111 279 4162 mihi
285 4112 394 4183 frater,
422 4126 471 4165 ant
489 4116 559 4168 vivit
576 4117 671 4169 Domi-
805 4114 962 4176 benedicta,
989 4131 1139 4188 antequam
1157 4119 1265 4168 inirent

210 4199 273 4242 nus,
293 4201 340 4234 seu
359 4186 440 4235 novit
457 4186 598 4238 Dominus.
702 4215 704 4223 ι
804 4186 836 4236 in
854 4183 1054 4247 dormitorium,
1071 4204 1153 4258 snper
1169 4190 1264 4257 capita

160 4269 175 4302 ο
176 4257 198 4316 )
222 4255 328 4308 Desunt
346 4254 375 4307 in
393 4256 426 4306 al.
446 4273 493 4309 me.
802 4257 914 4308 illorum
931 4272 949 4308 a
961 4257 1057 4310 Priore
1075 4260 1260 4329 inspergatnr.
