2958 4986
220 233 273 310 tc
454 255 488 313 a.
511 255 600 316 cun.
703 259 963 324 cernuaams
1076 275 1139 339 sss.

560 397 610 459 De
632 403 828 486 susceptione
855 406 1025 490 hospitum.
1074 401 1077 406 ¹

673 503 705 566 O
717 525 748 568 ns
760 527 785 570 n
799 529 844 572 ra
856 529 877 574 u
890 532 917 578 s.

300 609 447 672 Lxxln.
487 608 532 673 Et
547 609 610 674 hoc
631 611 725 694 nolis
741 627 927 700 competens
942 631 975 684 et
997 619 1187 697 venerabile
1216 637 1359 724 videtur,

217 701 254 754 ut
273 689 427 776 hospites,
448 694 627 778 peregrini,
646 705 678 756 et
695 719 864 780 pauperes,
888 710 1108 790 susceptiones
1131 719 1298 800 regulares
1326 739 1360 790 et

216 775 388 838 canonicas
412 797 473 860 per
493 777 563 840 loca
581 778 715 840 diversa
739 779 900 844 habeant:
922 789 1000 870 quia
1015 791 1082 875 ipse
1098 801 1259 866 Dominus
1291 805 1359 872 dic.

154 869 158 878 “
212 865 308 920 turus
329 857 391 919 erit
406 857 440 919 in
460 861 725 923 remuneratione
746 867 953 946 magnidici:
973 872 1101 962 Hospes
1121 903 1221 957 eram,
1237 901 1267 948 et
1290 912 1357 952 sus.

212 942 341 1025 cepistis
358 961 416 1002 mc.
457 941 499 1002 Et
517 941 690 1025 Apostolus
712 943 966 1028 hospitalitatem
985 956 1131 1041 laudans,
1159 966 1260 1030 dixit:
1290 973 1356 1037 Per

216 1025 297 1086 hanc
317 1022 449 1108 quidone
458 1025 648 1107 placuerunt
667 1026 736 1088 Deo
756 1031 876 1110 angelis
891 1035 1028 1121 hospitio
1044 1049 1218 1130 susceptis..

274 1130 325 1190 De
351 1129 528 1192 Abbatissis
551 1143 662 1192 contra
683 1153 802 1194 morem
821 1133 983 1204 Ecclesiae
1008 1147 1074 1210 Dei
1085 1149 1292 1233 facientibus.

441 1237 693 1326 Essscoess
726 1259 782 1302 nr
813 1243 1102 1324 Asusamus.

294 1347 439 1410 LXXIV.
481 1345 639 1408 Auditum
663 1357 710 1408 est
736 1348 860 1430 aliquas
880 1351 1072 1439 Abbatissas,
1097 1375 1211 1430 contra
1227 1391 1351 1438 morem

210 1437 338 1491 sanctae
354 1429 415 1490 Dei
437 1429 615 1505 Ecclesiae,
637 1429 884 1496 benedictiones
912 1457 986 1498 cum
1007 1443 1127 1507 manis·
1143 1447 1349 1535 impositione

210 1521 242 1573 et
259 1512 426 1594 signaculo
446 1520 573 1574 sauctae
592 1513 697 1574 crucis
715 1535 813 1597 super
830 1515 934 1600 capita
953 1521 1100 1586 virorum
1113 1528 1201 1612 dare,
1217 1557 1349 1602 necnon

210 1603 243 1656 et
263 1595 372 1658 velare
388 1595 532 1677 virgines
558 1615 632 1654 cum
652 1595 884 1660 benedictione
909 1609 1110 1670 sacerdotali.
1153 1617 1252 1694 Quod
1279 1641 1349 1682 om.

208 1677 289 1740 uinh
305 1678 323 1738 i
337 1677 439 1756 vobis,
460 1677 652 1739 sanctissimi
667 1679 788 1758 Patres,
814 1681 848 1741 in
876 1687 990 1750 vestris
1009 1693 1171 1774 parochiis
1195 1699 1263 1764 illis
1295 1705 1349 1779 in-

210 1759 439 1823 terdiccndum
459 1783 527 1822 esse
546 1760 671 1822 scitote.

392 1869 443 1930 Dc
469 1869 601 1932 Clericis
621 1870 678 1951 qui
695 1891 728 1930 sc
738 1869 873 1956 fingunt
894 1894 961 1934 csse
975 1875 1160 1949 Monachus.

646 1975 894 2040 Ccenscas

288 2081 417 2146 LXXV.
460 2085 503 2144 Ut
526 2081 576 2144 illi
598 2084 719 2146 Clerici
735 2085 792 2168 qui
813 2107 846 2148 se
863 2085 991 2170 fingunt
1007 2089 1122 2157 habitu
1141 2099 1194 2162 vel
1212 2108 1345 2172 nomine

203 2165 379 2227 Monachos
402 2187 482 2244 esse,
502 2175 535 2228 et
557 2187 623 2227 non
646 2177 734 2246 sunt,
759 2170 951 2233 omnimodis
981 2173 1113 2239 videtur
1135 2185 1218 2244 corni
1243 2191 1345 2254 eudos

203 2257 300 2391 pltque
323 2249 541 2344 emendandos
560 2269 640 2329 esse,
658 2259 694 2310 ut
713 2251 765 2314 vel
789 2253 859 2314 veri
890 2255 1043 2318 Monachi
1067 2261 1142 2343 siut,
1181 2208 1241 2332 vel
1271 2276 1342 2337 veri

233 2351 373 2392 anonim.

389 2412 439 2474 De
451 2411 715 2500 pseudographiis
729 2429 760 2477 et
781 2416 887 2480 dubiis
904 2425 1151 2491 narrationibus.

654 2517 687 2582 O
697 2541 729 2584 M
738 2539 765 2587 Ν
777 2544 848 2588 reu
860 2547 886 2589 s.

282 2623 426 2689 LXXVI.
470 2626 600 2688 [temet
622 2627 897 2712 pseudographiae
920 2644 952 2696 et
978 2637 1095 2701 dubiae
1124 2648 1336 2732 narrationes,

127 2755 134 2764 ‚
200 2705 254 2770 vel
277 2727 360 2788 quae
380 2707 513 2770 omniuo
538 2719 649 2769 contra
680 2710 778 2772 fidem
806 2714 996 2780 catholicam
1018 2732 1169 2802 sunt,‘ut
1200 2733 1337 2816 epistola

197 2789 334 2872 pessima
355 2799 388 2852 et
405 2790 585 2869 falsissima,
603 2813 700 2874 quam
719 2803 880 2858 transacto
901 2823 986 2863 anno
1000 2803 1151 2868 dicebant
1167 2813 1270 2896 aliqui
1287 2839 1337 2878 er·

197 2881 305 2934 rantes
328 2874 408 2934 etin
427 2895 572 2935 errorem
590 2875 671 2936 alios
685 2876 850 2940 mittentes
865 2883 955 2964 quhd
972 2885 1011 2946 de
1029 2890 1122 2951 coelo
1153 2895 1333 2979 cecidisset,

197 2977 258 3017 nec
275 2957 449 3018 credantur
463 2977 524 3017 nec
550 2957 711 3040 legantur,
727 2959 784 3020 sed
801 2965 1040 3047 comburantur,
1063 2993 1104 3032 ne
1135 2974 1169 3034 in
1189 3001 1333 3044 errorem

195 3059 255 3122 per
269 3038 345 3098 talia
366 3041 484 3123 scripta
502 3043 643 3123 populus
667 3041 822 3104 mittatur.
864 3048 929 3108 Sed
951 3051 1012 3112 soli
1027 3057 1176 3118 canonici
1204 3062 1281 3124 libri
1300 3074 1333 3126 et

196 3119 348 3181 catholici
377 3131 528 3185 tractatus
553 3132 585 3184 et
603 3134 788 3186 sanctarum
811 3137 980 3193 auctorum
1003 3135 1090 3198 dicta
1118 3138 1269 3223 legantur
1299 3157 1331 3212 et

195 3203 375 3266 tradantur.

447 3288 496 3348 De
516 3290 720 3366 mangonibus
736 3302 767 3350 ct
785 3291 878 3353 nudis
892 3316 963 3357 cuns
974 3297 1080 3380 ferro.
1158 3338 1160 3340 ·

448 3395 659 3471 Ausouan
697 3394 1083 3482 Sncunnorrnus.

516 3501 728 3577 Acrausu
772 3527 1003 3600 onnreus.

273 3607 434 3672 LXXVII.
477 3609 559 3672 Item
580 3619 617 3670 ut
638 3609 690 3672 isti
720 3635 894 3700 mangones
929 3630 961 3682 et
988 3623 1146 3687 cottiones
1170 3627 1226 3709 qui
1254 3629 1324 3692 sine

191 3689 279 3748 omni
297 3691 369 3773 lege
384 3692 567 3774 vagabundi
588 3694 723 3774 vadunt,
743 3720 802 3780 per
825 3701 917 3762 istam
940 3713 1059 3766 terram
1080 3729 1146 3768 non
1175 3711 1326 3784 sinuntur

189 3771 309 3853 vagari,
332 3783 364 3834 et
389 3774 596 3858 deceptiones
617 3777 804 3842 hominibus
825 3807 930 3867 agere.
971 3789 1039 3849 Nec
1065 3789 1118 3851 isti
1144 3793 1225 3854 nudi
1250 3817 1325 3858 cum

186 3854 286 3935 ferro,
303 3856 361 3938 qui
374 3855 489 3918 dicunt
510 3879 542 3921 se
565 3859 636 3920 datii
653 3859 713 3920 sibi
734 3866 932 3946 poenitentia
948 3868 1170 3955 ire-vagantes.
1205 3878 1325 3942 Melius

186 3935 328 4016 videtur,
353 3937 379 4000 si
399 3939 525 4022 aliquid
538 3941 764 4005 inconsuetum
787 3958 819 4008 et
837 3951 972 4033 capitale
998 3953 1119 4016 crimen
1134 4002 1137 4010 ,
1150 3961 1322 4024 commise-

185 4018 263 4098 rint,
286 4031 323 4082 ut
341 4021 375 4082 in
392 4043 459 4084 uuo
477 4025 551 4086 loco
569 4037 779 4108 permaneant
804 4031 986 4098 laborantes
1016 4045 1048 4097 et
1073 4041 1263 4122 servientes,
1289 4055 1323 4105 et

181 4100 419 4184 poenitentiam
449 4117 580 4191 agentes
610 4111 789 4176 secundhm
817 4116 905 4204 quod
924 4116 985 4182 sibi
1012 4121 1168 4188 canonice
1192 4125 1321 4220 imposi-

185 4194 253 4247 tum
277 4185 327 4249 Sll·
343 4227 345 4230 ·
679 4221 681 4227 '
836 4229 839 4234 '
