2928 4986
251 318 289 374 a.
311 317 398 376 cns.
520 313 653 376 nasuta
675 314 911 374 rmnconuu
1019 315 1080 376 ssu.
1200 295 1270 399 381

125 465 247 602 gaspar
264 467 303 520 ut
316 459 369 520 vel
393 457 488 520 inriti
507 459 674 522 Ecclesiae
689 431 862 522 restituant
884 479 967 540 quae
989 458 1173 522 voluntarie
1192 454 1271 524 tlare

129 564 193 625 neg
208 551 356 604 exerunt.

128 650 178 710 De
201 649 356 708 vestitura
378 651 512 729 triginta
532 669 706 722 annorum,
729 651 798 710 siae
825 648 864 709 tle
891 645 986 709 reims
1004 647 1165 713 Ecclesiae
1191 668 1271 735 quae

220 732 258 792 ab
279 731 390 792 eadem
410 732 554 794 Ecclesia
571 753 633 814 per
650 735 901 816 triginta-annos
916 751 1080 816 possessae
1096 747 1181 795 sunt.

213 835 308 900 VIII.
350 839 392 898 Ut
412 837 452 898 de
475 837 573 906 rebus
589 837 810 900 Ecclesiarum
828 854 912 920 quae
933 835 973 896 ab
996 836 1042 899 eis
1059 859 1119 923 per
1139 840 1273 924 triginta

126 942 288 982 annorum
320 919 458 1003 spatium
483 921 554 982 sine
585 920 660 998 alla⁸
687 919 952 1002 interpellatione
981 941 1144 1002 possessae
1176 933 1270 1002 sunt,

127 1004 311 1064 testimonia
336 1024 402 1064 non
424 1003 646 1087 recipiantur,
674 1004 732 1066 sed
758 1024 796 1064 eo
817 1003 913 1064 modo
938 1002 1169 1088 contineantur
1186 1007 1271 1070 sicut

127 1105 179 1147 res
201 1087 242 1148 ad
256 1087 368 1149 liscum
389 1085 591 1148 dominicum
607 1085 809 1170 pertinentes
824 1085 986 1146 contineri
1002 1086 1117 1149 solent.
1209 1115 1213 1125 ·

189 1194 238 1254 De
259 1195 307 1254 lais
326 1195 385 1278 qui
402 1193 649 1254 restaurationes
670 1189 888 1252 Ecclesiarum
899 1189 1012 1274 facere
1033 1193 1203 1274 negligant.

209 1302 264 1362 lx.
308 1299 506 1382 Quicunque
520 1298 665 1360 derebus
675 1299 914 1376 Ecclesiarum,
930 1321 1010 1383 quas
1022 1300 1055 1360 in
1072 1299 1269 1367 beneficium

125 1384 271 1459 babent,
293 1384 550 1446 restaurationes
570 1403 681 1442 earum
697 1383 803 1444 facere
822 1382 1048 1465 neglexerint,
1071 1383 1160 1444 iuxta
1173 1386 1273 1470 Capi-

126 1470 268 1529 tnlarem
291 1466 504 1542 anteriorem,
527 1465 563 1524 in
611 1487 653 1526 uo
676 1465 716 1526 de
737 1465 890 1548 operibus
911 1488 948 1528 ac
971 1466 1064 1528 nonis
1082 1475 1120 1528 et
1137 1467 1270 1530 decimis

125 1549 338 1612 constitutum
360 1557 426 1626 est,
442 1548 495 1610 -sic
513 1547 553 1609 de
574 1486 640 1609 illis
665 1549 895 1631 adimpleatur,
918 1549 953 1611 id
976 1557 1040 1627 est,
1060 1547 1093 1609 in
1114 1549 1199 1614 libro
1213 1549 1271 1615 lv.

128 1632 271 1715 capitulo
293 1629 491 1692 xxxvttt.
533 1633 582 1690 De
607 1652 702 1716 opere
730 1645 762 1691 et
785 1635 1014 1693 restauratione
1036 1630 1271 1694 Ecclesiae-ame

130 1713 404 1776 Considerandum
417 1726 463 1773 est
477 1725 510 1773 ut
526 1713 565 1773 de
575 1711 725 1794 frugibus
739 1728 842 1774 terrae
857 1727 888 1775 et
904 1715 1085 1776 animalium
1098 1717 1269 1776 nutrimine

125 1798 362 1883 persolvantur.
405 1797 454 1855 De
473 1818 567 1894 opere
582 1797 662 1858 nard
680 1811 710 1858 et
732 1799 958 1859 restauratione
978 1797 1193 1859 Ecclesiarum
1212 1798 1271 1860 Co·

129 1903 193 1941 mes
219 1891 250 1940 et
271 1877 448 1964 Episcopus
471 1879 685 1952 seceditur,
715 1881 778 1938 unit
805 1901 874 1939 cum
895 1881 997 1941 Misso
1022 1892 1129 1942 nostro
1139 1925 1151 1954 ,
1174 1901 1267 1966 quem

127 1966 192 2043 ipsi
214 1962 275 2022 sibi
301 1962 346 2022 ad
372 1964 430 2022 boc
455 1963 626 2040 clegerint,
650 1963 937 2023 considerationem
951 1961 1079 2042 saciant
1108 1976 1142 2023 ut
1170 1985 1269 2024 unus-

127 2036 257 2126 quisque
273 2065 381 2105 eorum
397 2043 517 2104 tantalm
530 2043 605 2104 inde
620 2047 755 2130 accipiat
775 2043 820 2103 ad
833 2046 1027 2128 operandum
1041 2058 1072 2104 et
1085 2059 1267 2107 restauran-

128 2129 224 2199 dum,
260 2141 408 2210 quantum
426 2128 494 2208 ipsc
517 2127 558 2186 de
579 2128 672 2188 rebus
691 2127 906 2189 Ecclesiarum
924 2128 1037 2189 lairere
1060 2131 1269 2208 cognoscitur.

127 2209 286 2270 Similiter
312 2224 343 2270 et
366 2209 461 2270 Vassi
486 2212 588 2272 nostri
609 2223 665 2270 aut
687 2214 901 2272 incommune
924 2208 1045 2270 tantrlm
1060 2213 1167 2294 operis
1188 2213 1269 2272 acci·

125 2295 215 2376 piant
233 2292 385 2376 quantam
401 2313 507 2352 reram
525 2294 809 2354 ecclesiasticarum
829 2293 963 2363 halent,
984 2291 1040 2352 vel
1057 2296 1267 2375 unusquisque

125 2396 186 2459 per
211 2397 244 2434 se
274 2379 367 2435 iuccta
394 2378 601 2459 quantitatem
628 2395 722 2458 qaam
745 2379 812 2460 ipse
836 2386 930 2434 tenet.
971 2373 1034 2434 Aut
1057 2376 1086 2440 si
1108 2376 1193 2435 inter
1214 2395 1268 2436 eos

127 2459 310 2517 convenerit
328 2471 362 2517 ut
375 2479 437 2542 pro
451 2477 546 2543 opere
552 2457 707 2539 faciendo
725 2471 889 2538 argentum
905 2456 1042 2529 donent,
1065 2459 1158 2517 iuxta
1170 2459 1266 2518 aesti-

126 2542 296 2600 mationem
312 2543 418 2622 operis
433 2542 467 2599 in
485 2553 613 2621 argento
629 2542 843 2624 persolvant:
865 2559 934 2598 cum
947 2559 1009 2621 quo
1028 2542 1133 2624 pretio
1150 2540 1269 2601 Rector

127 2621 288 2682 Ecclesiae
313 2621 358 2680 ad
366 2621 565 2704 praedictam
582 2625 842 2684 restaurationem
863 2623 1028 2704 operarios
1046 2621 1221 2683 conducere
1237 2635 1268 2682 et

126 2705 329 2764 materiamen
345 2725 447 2764 emere
465 2708 577 2801 possit.
619 2703 661 2763 Et
679 2709 848 2786 quinarias
868 2717 898 2762 et
911 2703 1052 2766 decimas
1071 2703 1150 2764 dare
1166 2705 1268 2786 negle·

124 2787 227 2858 serit,
248 2783 388 2867 primrlm
415 2787 542 2868 quidem
561 2787 634 2848 illas
656 2809 726 2848 cnm
747 2791 812 2868 lege
834 2808 891 2848 sua
906 2788 1068 2857 restituat,
1091 2789 1221 2870 insuper
1236 2799 1267 2847 et

125 2869 262 2929 bannum
292 2881 433 2928 nostrum
462 2871 588 2940 solvat;
625 2882 659 2929 ut
685 2872 731 2932 ita
754 2870 923 2948 castigatus
944 2881 1055 2930 caveat
1079 2891 1118 2928 ne
1140 2868 1266 2954 saepirls

125 2947 270 3011 iterando
290 2950 477 3034 beneficium
498 2955 630 3012 amittat.

168 3057 217 3116 De
237 3057 287 3117 lais
306 3059 361 3140 qui
375 3077 469 3137 agros
491 3057 699 3120 dominicatos
716 3056 864 3124 excolere
885 3055 1045 3136 negligunt
1068 3069 1101 3116 ut
1123 3076 1224 3119 nonas

485 3139 604 3201 exinde
625 3162 688 3204 non
706 3139 903 3224 persolvant.

208 3247 247 3307 X.
287 3248 337 3308 De
359 3247 417 3307 illo
440 3246 498 3328 qui
516 3268 608 3328 agros
629 3245 840 3310 dominicatos
853 3243 1025 3328 proptereat
1043 3243 1188 3328 neglexit
1206 3263 1265 3306 ex·
1352 3235 1357 3242 ’

126 3331 293 3392 colerent
316 3349 417 3391 nonas
441 3339 473 3390 ct
494 3329 633 3392 decimas
654 3329 773 3391 exinde
796 3349 861 3388 non
882 3329 1063 3410 persolvat,
1090 3337 1123 3388 et
1142 3328 1265 3390 alienas

126 3424 226 3474 terras
242 3411 281 3474 ad
296 3413 513 3474 excolendum
531 3423 664 3496 propter
676 3411 740 3472 hoc
759 3410 896 3494 accipit,
919 3411 1066 3472 volumus
1087 3417 1125 3469 ut
1145 3409 1185 3472 de
1203 3411 1265 3471 tri·

124 3496 185 3556 bus
206 3495 299 3556 annis
319 3494 419 3578 ipsam
447 3515 567 3556 nonam
589 3505 622 3556 et
642 3495 799 3557 decimam
823 3514 897 3554 cum
919 3515 976 3554 sua
1003 3495 1075 3576 lege
1090 3493 1262 3576 persolvat.

125 3577 214 3638 Etsi
242 3579 315 3658 quis
342 3587 545 3660 contemptor
570 3587 626 3640 aut
649 3576 784 3639 Comitis
809 3585 865 3638 aut
885 3577 1055 3638 Missorum
1081 3584 1265 3636 nostrorum

124 3668 257 3800 prppter
275 3660 337 3720 hoc
352 3661 514 3739 extiterit,
536 3683 596 3744 per
606 3660 809 3722 fideiussores
825 3659 865 3724 ed
877 3657 1032 3742 palatium
1046 3659 1158 3723 venire
1174 3679 1264 3722 com·

124 3763 165 3825 pe
195 3749 276 3802 atur.
326 3781 329 3786 -

448 3871 545 3912 tren
588 3872 681 3912 ΑΗΔ
723 3869 938 3912 csrttttts.

343 3981 392 4040 De
416 3999 452 4042 eo
468 3982 523 4064 qui
539 3979 725 4064 benficium
741 3979 900 4041 desertum
907 3979 1037 4064 fecerit.

207 4083 234 4146 I.
276 4087 324 4147 De
347 4085 516 4148 beneficiis
540 4085 711 4148 destructis
730 4087 793 4148 hoc
817 4084 1008 4150 observetur
1027 4089 1115 4171 qnod
1141 4089 1173 4149 in
1198 4091 1261 4152 Ca-

122 4165 262 4249 pitulare
276 4169 376 4251 priori
390 4169 595 4252 continetur,
615 4167 648 4230 id
664 4179 730 4248 est,
745 4171 778 4229 in
794 4167 878 4230 libro
890 4167 949 4231 IV.
962 4171 1104 4255 capitulo
1114 4174 1262 4236 XXXVI.

124 4250 317 4335 Quicumque
343 4251 529 4338 beneficiam
554 4273 644 4313 suum
670 4254 833 4316 mensione
855 4257 985 4341 proprii
1010 4255 1168 4318 desertum
1203 4260 1260 4320 lra-
