2958 4986
146 267 148 274 ’
244 277 316 364 ns
475 304 509 360 a
530 301 618 360 cun.
722 297 979 360 cnnrutanra
1085 307 1147 362 eoo.

241 470 324 525 sum,
345 443 434 528 quod
451 442 586 506 tradidit
599 441 713 504 diebus
727 444 812 506 vitae
829 466 905 507 suae
920 442 1036 506 babeat
1058 445 1091 506 in
1103 445 1294 530 precariam.
1311 447 1372 507 Mo·

239 531 375 591 tuvinus
396 537 428 588 et
442 547 526 588 uxor
539 525 609 588 eius
627 526 777 588 similiter
794 527 1001 590 tradiderunt
1021 530 1060 590 ad
1082 529 1187 613 ipsum
1213 539 1373 590 monaste

240 613 326 676 rium
351 611 385 670 in
412 609 492 671 villa
513 607 693 671 Hessihaim
717 610 750 669 in
784 611 852 694 ipso
880 633 961 694 pago
991 633 1066 672 cum
1085 634 1156 674 casa
1181 611 1373 672 dominicata

240 717 368 757 mansos
389 693 520 758 vestitos
534 691 668 754 serviles
686 695 744 756 Vl.
760 693 800 754 (16
817 693 923 756 vineis
936 693 1078 778 picturas
1095 698 1135 759 V.
1159 695 1198 755 de
1221 705 1316 778 prata
1339 695 1374 754 nd

240 777 387 842 carradas
404 775 490 848 Xll;
514 784 547 837 et
565 784 709 836 econtra
727 785 925 860 receperunt
946 775 979 836 in
1003 778 1070 859 ipsa
1099 779 1178 840 villa
1205 800 1283 838 cum
1309 800 1373 838 casa

240 860 438 924 dominicata
459 879 585 920 mansos
600 859 732 921 vestitos
750 859 882 920 serviles
892 859 950 922 Vl.
969 859 1129 924 devincis
1150 860 1294 945 picturas
1302 861 1373 924 Vll.

240 945 282 1008 de
301 953 392 1027 prata
413 943 452 1004 ad
469 942 615 1004 carradas
638 942 711 1004 XV.

325 1025 439 1088 Unrob
459 1024 556 1086 babet
572 1024 606 1083 in
630 1025 799 1110 ipsopago
825 1025 975 1087 similiter
994 1025 1027 1084 in
1045 1025 1225 1107 precariam
1240 1027 1276 1086 in
1299 1027 1373 1087 villa

240 1111 299 1172 illa
316 1129 464 1168 mansum
476 1107 660 1169 vestitumI.
675 1109 810 1172 serviles
825 1109 915 1170 absos
930 1107 975 1170 ΙΙ.
993 1107 1032 1169 (16
1048 1107 1143 1170 vinca
1154 1109 1282 1193 pictura
1295 1107 1323 1188 l,
1337 1111 1373 1169 de

239 1202 332 1278 pratu
348 1191 389 1251 ad
411 1189 559 1250 carradas
573 1189 649 1250 XX.
666 1191 780 1252 diebus
803 1191 888 1254 vitae
906 1211 993 1253 suae.

322 1271 458 1336 Birniho
480 1273 648 1356 presbyter
665 1274 797 1336 tradidit
817 1274 978 1357 adipsum
998 1275 1229 1336 monasterium
1256 1274 1373 1356 inipso

238 1379 322 1444 pago
339 1357 372 1416 in
390 1355 470 1416 villa
490 1359 516 1418 F
518 1357 734 1436 ranconadal,
765 1357 936 1419 ecclesiam
951 1356 978 1420 I.
1002 1366 1124 1418 etcum
1145 1380 1217 1420 casa
1242 1359 1374 1420 domini-

240 1451 311 1504 cata
330 1459 456 1500 mansos
472 1438 602 1500 vestitos
618 1441 752 1502 serviles
774 1441 849 1504 Vll.
873 1441 912 1502 de
937 1439 1042 1503 vineis
1070 1440 1212 1522 picturas
1243 1441 1309 1503 111.
1338 1441 1373 1500 de

238 1533 330 1610 prata
347 1522 388 1582 ad
406 1522 552 1583 carradas
567 1521 686 1598 XX5et
702 1533 845 1586 econtra
865 1523 988 1606 recepit
1004 1521 1038 1581 in
1056 1523 1229 1606 ipsopago,
1242 1524 1283 1584 in
1300 1523 1374 1586 villa

229 1605 389 1688 ¹Marisga,
407 1627 533 1666 mansos
557 1605 692 1667 serviles
710 1607 812 1668 absos
835 1606 898 1668 lll.
929 1607 969 1668 de
996 1605 1101 1668 vineis
1148 1607 1255 1667 ictura
1282 1605 1308 1669 I.
1338 1606 1373 1666 de

237 1699 331 1774 pratu
357 1687 397 1749 ad
412 1688 557 1749 carradas
571 1685 647 1750 XX.
690 1687 847 1752 Similiter
862 1688 996 1750 tradidit
1017 1629 1195 1750 Gomoidus
1213 1691 1257 1750 ad
1274 1690 1374 1773 ipsum

239 1770 471 1834 monasterium
489 1771 523 1830 in
539 1772 608 1854 ipso
632 1791 715 1853 pago
743 1772 775 1832 in
803 1773 883 1834 villa
909 1780 1096 1852 nuncupata
1114 1773 1136 1850 ι)
1163 1773 1279 1849 Vulso,
1306 1794 1374 1833 cum

240 1877 311 1918 casa
328 1853 491 1916 dominatu
509 1875 635 1915 mansos
651 1853 785 1916 serviles
809 1855 941 1918 vestitos
966 1855 1005 1914 V.
1022 1853 1076 1914 ·de
1105 1854 1210 1916 vineis
1233 1857 1374 1937 picturas

240 1939 304 2001 lll.
320 1938 359 1998 de
378 1945 469 2018 prata
488 1937 528 1998 ad
548 1937 694 1998 carradas
711 1935 794 2008 XX;
819 1948 850 1999 et
870 1945 1015 1998 econtra
1033 1937 1204 2020 recepitin
1226 1939 1297 2020 ipsa
1314 1938 1374 1998 vit:

238 2023 271 2082 la
288 2041 363 2081 cum
385 2041 456 2080 cusa
471 2019 664 2082 dominicata
682 2041 808 2082 mansos
822 2021 954 2082 vestitos
971 2019 1105 2079 serviles
1121 2019 1179 2083 lv.
1211 2021 1252 2081 de
1273 2019 1373 2082 vineis

237 2106 380 2190 picturas
404 2101 448 2164 ΙΙ.
468 2103 621 2164 Graolfus
635 2102 774 2164 clericus
797 2102 929 2164 tradidit
949 2102 988 2162 ad
1011 2104 1115 2183 ipsum
1144 2103 1373 2165 monasterium

239 2191 274 2248 in
292 2189 360 2270 ipso
381 2207 475 2267 pago,
493 2187 526 2244 in
542 2186 622 2248 villa
638 2186 694 2244 illa
716 2207 790 2245 curn
808 2207 878 2248 casa
905 2184 1099 2245 dominicata
1125 2207 1251 2246 mansos
1279 2185 1373 2247 vesti-

239 2281 288 2332 tos
303 2269 439 2332 serviles
458 2267 496 2328 V.
514 2267 554 2329 de
577 2269 682 2330 vineis
701 2271 842 2352 picturas
863 2269 921 2332 lV.
953 2277 985 2328 et
1009 2289 1027 2328 e
1052 2278 1164 2330 contra
1188 2269 1316 2351 recepit
1341 2268 1371 2325 in

238 2354 405 2436 ipsopago
435 2351 469 2411 in
489 2352 569 2413 villa
591 2351 650 2411 illu
672 2373 747 2412 cum
771 2375 842 2416 casa
872 2351 1065 2414 dominicata
1089 2373 1214 2412 mansos
1241 2351 1373 2412 vestitos

238 2431 375 2498 serviles
390 2431 431 2494 V.
445 2435 485 2496 (16
504 2434 610 2496 vineis
630 2434 772 2518 picturas
799 2436 965 2519 quinque3
988 2443 1020 2496 et
1044 2433 1090 2494 sic
1118 2444 1225 2495 cetera
1249 2433 1373 2495 brevia-

171 2551 173 2556 ·
238 2541 275 2582 rc
294 2519 402 2581 debes.

238 2681 287 2738 DE
307 2681 584 2748 mameranus
603 2683 669 2756 QUI
689 2683 737 2735 DE
756 2683 883 2737 EODEM
900 2681 1134 2736 MONASTERIO
1150 2683 1374 2737 BENEFICIUM

636 2755 772 2806 HABERE
798 2755 992 2808 VIDENTUR.

340 2845 443 2906 Habet
470 2845 658 2908 Hunhertus
689 2847 722 2907 in
755 2847 950 2908 beneficium
979 2846 1014 2907 in
1046 2869 1128 2930 pago
1158 2848 1374 2909 Vuormacin-

238 2952 284 3007 se,
317 2928 352 2988 in
389 2929 467 2990 villa
499 2939 685 3011 nuncupata
705 2931 734 3008 k)
768 2929 1001 3007 Vuaneshcim,
1043 2953 1117 2990 cum
1159 2952 1231 2990 casa
1270 2930 1375 2993 dorni-¹

238 3014 346 3072 nicata
380 3033 512 3090 mansos*
528 3010 658 3072 vestitos
689 3011 822 3074 serviles
858 3013 914 3075 VI.
945 3012 1129 3096 ingenuiles
1164 3014 1300 3076 vestitos
1332 3011 1372 3074 ll.

239 3097 330 3158 absos
358 3093 417 3156 IV.
455 3095 495 3153 de
533 3103 633 3176 prata
664 3096 705 3156 ad
740 3096 869 3156 caradas
901 3093 976 3156 XX.
1012 3095 1051 3156 de
1089 3095 1195 3156 vineis
1232 3097 1373 3177 picturas

237 3179 298 3240 VI.
328 3187 360 3238 et
390 3176 505 3239 silvam
533 3198 747 3255 communem,
780 3187 811 3238 et
845 3179 879 3236 in
902 3177 970 3260 ipsa
996 3177 1076 3238 villa
1097 3177 1196 3238 habet
1222 3177 1373 3240 Friduri-

238 3285 295 3322 cus
315 3260 522 3322 beneficium.
563 3259 695 3320 Baldrih
719 3261 815 3322 habet
843 3260 1040 3321 beneficium
1068 3260 1102 3319 in
1132 3261 1200 3343 ipso
1232 3284 1319 3344 pago
1340 3259 1370 3318 in

238 3344 319 3406 villa
339 3352 525 3424 nuncupata
543 3342 644 3422 l)illa,
668 3365 828 3404 cumcasa
852 3344 1047 3405 dominicata
1075 3365 1200 3405 mansos
1229 3345 1373 3417 vestitos,

237 3426 375 3489 serviles
400 3423 437 3485 V.
453 3423 625 3510 absoslV.
642 3427 682 3487 de
697 3436 788 3509 prata
815 3427 855 3488 ad
882 3427 1029 3489 carradas
1058 3425 1168 3488 XXX.
1201 3427 1241 3487 de
1268 3425 1373 3489 vineis

236 3511 378 3594 picturas
395 3508 436 3570 V.
454 3509 613 3569 molinum
626 3514 667 3587 m)
690 3507 716 3568 l.
732 3519 765 3569 et
784 3509 898 3571 silvam
915 3525 1129 3571 communem.
1172 3510 1274 3570 Habet
1291 3512 1373 3574 Ger·-

236 3595 348 3655 bertus
368 3591 401 3651 in
418 3593 586 3675 ipsopago
609 3591 643 3651 in
663 3592 742 3653 villa
758 3591 826 3670 illa,
848 3593 1045 3654 bencficium
1060 3614 1133 3652 cum
1151 3613 1222 3652 casa
1238 3591 1374 3653 domini·

238 3686 308 3738 cata
334 3697 459 3736 mansos
477 3676 612 3736 serviles
636 3675 726 3735 absos
742 3673 785 3735 V.
816 3681 866 3753 n);
891 3676 929 3736 (16
954 3675 1059 3737 vineis
1082 3677 1222 3758 picturas
1239 3677 1279 3736 V.
1304 3677 1373 3736 Me-

237 3758 404 3844 ginhartus
426 3758 523 3819 habet
536 3759 572 3816 in
591 3757 789 3820 beneficium
806 3759 840 3818 in
866 3758 935 3842 ipso
960 3779 1041 3842 pago
1072 3759 1106 3817 in
1136 3757 1214 3818 villa
1244 3756 1374 3818 Alasen-

237 3867 274 3904 za
293 3863 368 3904 cum
393 3865 464 3902 casa
482 3841 677 3902 dominicata
696 3864 821 3903 mansos
844 3841 976 3902 vestitos
997 3840 1183 3903 servilsslI.
1205 3839 1373 3902 absos-lli.

237 3929 276 3989 de
296 3935 387 4008 prata
408 3926 449 3987 ad
467 3925 612 3986 carradas
630 3923 703 3984 XV.
722 3925 762 3986 de
780 3924 882 3986 vineis
898 3924 1058 4006 picturam
1074 3923 1100 3985 1.
1122 3923 1282 3984 mol-inum
1295 3923 1319 3984 l.
1345 3931 1374 3981 ct

235 4005 350 4072 silvam
376 4017 599 4071 communem?
612 4008 715 4070 Habet
728 4006 855 4091 Herigis
881 4007 914 4066 in
939 4007 1008 4090 ipso
1027 4029 1110 4090 pago
1128 4007 1162 4066 in
1179 4005 1374 4071 beneficium

270 4171 296 4220 il
313 4185 360 4224 ms,
380 4177 564 4237 nuncupante.
865 4169 905 4228 m)
922 4180 967 4214 ms.
986 4163 1098 4216 molino.

270 4239 302 4304 l)
321 4256 368 4289 ms.
388 4249 583 4306 nuncupante.¹
866 4239 899 4299 n)
917 4251 963 4287 rns.
983 4252 1111 4288 numerus
1131 4235 1214 4289 deest.

271 4310 296 4367 l)
314 4325 360 4358 ms.
381 4317 565 4378 nuncupante.
