2952 4988
300 312 443 384 aena
510 311 941 384 msunmanconun
1044 307 1145 388 eoo„
1217 291 1290 362 215

5 469 7 480 ·
33 497 46 508 .
134 453 215 538 ¹qui,
233 451 300 516 illis
317 453 351 512 in
368 453 432 514 Dei
447 455 549 517 causis
569 461 601 514 et
614 452 835 514 Ecclesiarum
854 454 1048 517 utilitatibus
1072 474 1137 513 non
1164 453 1290 514 obtem·

138 583 141 590 .
175 545 277 598 eraut.
319 535 431 600 Potius
453 557 603 618 namque,
626 536 715 596 iuxta
732 538 885 600 Veritatis
909 559 1033 615 vocem,
1058 536 1114 596 ille
1140 545 1290 596 metuen-

148 561 212 684 dus
230 627 278 680 est
302 618 359 700 qui
373 627 479 700 potest
498 619 636 677 animam
669 628 701 679 et
731 641 847 702 corpus
867 621 1005 703 perdere
1031 620 1065 678 in
1096 617 1289 700 gehennam,

150 701 320 784 quamille
341 700 398 781 qui
425 723 541 782 corpus
564 710 717 782 torquere
747 711 779 761 et
801 703 942 763 honores
968 700 1161 784 temporales
1184 708 1292 780 potest

150 785 291 847 auferre.
332 785 382 844 De
398 783 463 844 illis
479 783 601 844 dictum
617 793 687 844 cst:
711 785 774 866 Qui
790 807 842 845 vos
861 785 962 862 audit,
976 807 1023 844 me
1041 782 1140 843 attdit.
1170 783 1213 844 Et
1234 784 1298 864 qui,

137 888 211 932 ‚vos
233 866 366 949 spernit,
384 887 432 924 mc
448 867 577 951 spernit.
619 866 663 930 Et
681 866 774 926 alibi:
799 869 863 949 Qui
880 889 938 927 vos
968 867 1079 947 tangit,
1104 866 1205 945 tangit
1226 885 1288 948 pu-

147 949 263 1035 pillam
278 947 363 1008 ocati
382 950 453 1009 mei.
495 949 537 1007 Et
559 968 688 1010 rursus:
712 951 775 1032 Qui
795 948 1061 1010 scandalizaverit
1077 969 1172 1006 unum
1186 947 1290 1030 depu-

140 1032 234 1098 ,sillis
249 1030 331 1101 istis,
346 1031 457 1090 melius
473 1041 519 1089 cst
531 1030 583 1088 itti
595 1043 628 1092 ut
650 1030 860 1114 suspendatur
878 1032 963 1091 mola
984 1031 1123 1089 asinaria
1148 1031 1181 1090 in
1204 1029 1287 1090 collo

154 1116 235 1183 eius,
253 1123 285 1171 ct
307 1110 508 1191 demergatur
538 1114 572 1172 in
587 1112 751 1196 profando
776 1115 883 1175 maris.
924 1113 967 1173 Et
989 1113 1123 1172 iterum:
1147 1113 1210 1195 Qui
1230 1131 1289 1172 vos

153 1196 280 1278 recipit,
304 1215 351 1252 me
370 1195 492 1276 recipit.
533 1194 577 1256 Et
597 1199 653 1276 qui
666 1218 714 1255 me
729 1198 795 1256 reci
817 1199 854 1268 it,
872 1197 984 1278 recipit
1003 1216 1072 1253 eum
1085 1191 1152 1275 “qui
1171 1215 1218 1252 me
1233 1194 1291 1251 mi-

153 1280 206 1338 sit.
247 1277 290 1336 Et
311 1276 489 1339 multaalia
508 1275 689 1360 horumque
714 1217 841 1338 similia.
882 1278 939 1337 His
955 1297 1032 1360 ergo
1051 1274 1124 1334 fulti
1152 1274 1291 1336 oraculis

141 1359 302 1438 'iubemus
323 1368 360 1418 ut
373 1379 484 1420 omnes
502 1359 549 1420 eis
572 1383 631 1444 pro
651 1360 774 1422 viribus
786 1360 826 1420 ad
846 1379 957 1421 eorum
973 1357 1156 1442 peragenda
1175 1357 1291 1418 minis-

155 1441 355 1518 teria,etad
375 1441 476 1504 malos
498 1451 530 1502 et
557 1452 743 1526 peccatores
770 1453 866 1524 atque
902 1442 1110 1526 neglegentes
1142 1439 1291 1502 homines

139 1523 408 1604 ¹distringendos,
428 1545 630 1608 summopere
645 1525 833 1590 obedientes
855 1525 1002 1586 existant.
1046 1522 1111 1601 Qui
1129 1532 1235 1584 autem
1256 1523 1291 1582 in

154 1606 218 1684 his,
231 1604 319 1700 quod
335 1605 427 1684 absit,
444 1616 499 1668 aut
515 1607 716 1691 negligentes
735 1608 846 1689 eisque
862 1607 1085 1672 inobedientes
1102 1607 1226 1667 fuerint
1238 1604 1290 1664 in·

141 1698 259 1766 ⁴venti,
273 1687 377 1748 sciant
392 1709 425 1750 se
448 1689 561 1751 necin
581 1701 691 1752 nostro
712 1690 855 1774 ¹imperio
874 1690 1014 1754 honores
1033 1689 1187 1766 retinere,
1213 1687 1292 1748 licet

158 1771 254 1838 etiam
267 1770 326 1829 filii
339 1772 450 1831 'nostri
470 1773 614 1852 fuerunt,
634 1771 742 1836 necin
761 1773 881 1855 palatio
895 1774 1015 1849 locum,
1039 1793 1145 1854 neque
1180 1769 1291 1830 nobis-

143 1851 231 1916 'cum
257 1861 401 1922 anteum
413 1856 529 1922 nostris
545 1858 730 1916 societatem
750 1865 805 1915 aut
821 1856 1079 1917 communionem
1108 1855 1208 1914 ullam
1231 1853 1292 1911 ha·

156 1938 247 2011 bere,
261 1937 317 2002 sed
332 1936 431 2018 magis
447 1938 506 1999 sub
523 1959 636 2020 magna
650 1937 849 1999 districtione
870 1948 902 1998 et
916 1938 1063 2000 ariditate
1082 1958 1203 2020 poenas
1223 1935 1292 1994 lue-

157 2041 209 2082 re:
232 2018 266 2076 in
283 2017 334 2079 his
350 2039 487 2102 namque
502 2023 646 2083 omnium
660 2030 842 2082 nostrorum
861 2021 1006 2080 fidelium
1018 2021 1167 2084 volumus
1182 2037 1294 2099 agnos-

159 2121 233 2164 cere
259 2100 355 2161 fidem
384 2123 420 2162 ue
442 2103 714 2166 benevolentiam.
758 2103 921 2181 Quoniam
944 2104 970 2164 si
992 2103 1072 2163 haec
1097 2101 1238 2162 fideliter
1260 2109 1294 2159 et

158 2182 285 2246 utiliter
304 2183 524 2264 impleverint,
544 2195 622 2249 tunc
641 2189 711 2247 Deo
731 2195 763 2246 et
780 2185 871 2246 nobis
894 2185 1006 2245 fideles
1030 2194 1135 2246 erunt.
1178 2182 1212 2242 Si
1233 2202 1293 2240 au·
1353 2212 1355 2218 ·

153 2277 228 2344 tem,
246 2266 335 2347 quod
355 2267 448 2346 absit,
464 2290 556 2330 secus
572 2269 709 2352 egerint,
730 2279 808 2328 tunc
833 2289 899 2327 non
919 2268 1023 2328 solum
1047 2264 1207 2342 infideles,
1236 2263 1294 2324 sed

154 2349 252 2412 etiam
266 2349 402 2411 infames
421 2361 517 2432 atque
537 2353 666 2434 reprobi
682 2351 850 2411 manifeste
873 2359 1062 2433 apparentes
1084 2348 1293 2426 notabuntur,

154 2452 334 2518 eorumque
355 2432 467 2495 domus
485 2433 750 2517 publicabuntur,
768 2432 876 2517 stipsi
898 2433 1128 2493 exiliabuntur.

292 2597 562 2660 castrinum:
604 2595 918 2684 ratmundum
959 2589 1146 2692 nctcvt,

155 2707 243 2776 Sive
271 2707 416 2778 Charta
441 2709 641 2778 divisionis
671 2709 779 2797 regni
812 2709 1050 2779 Francorum
1085 2709 1183 2778 inter
1215 2709 1295 2779 Ka·

155 2807 291 2897 roiam,
320 2809 538 2902 Pippinum,
567 2819 602 2876 et
627 2806 878 2893 Ludovicum,
894 2807 1003 2899 filios
1037 2807 1177 2879 Karoli
1214 2808 1296 2880 Ma·

546 2907 616 3000 gni
639 2906 911 3000 Imperatoris...

159 3027 209 3138 In
227 3077 358 3140 nomine
377 3078 494 3156 Patris,
512 3087 545 3140 et
569 3077 660 3156 Filii,
677 3087 709 3140 et
725 3078 864 3163 Spiritus
883 3080 1002 3141 Sancti.
1025 3082 1297 3165 ImperatorCae·

158 3184 210 3225 sar
230 3163 382 3239 Karalus,
403 3164 473 3222 Rex
496 3163 696 3222 Francorum
714 3162 956 3238 invictissimus,
975 3173 1006 3223 et
1025 3165 1160 3225 Romani
1179 3167 1300 3226 Rector

158 3245 301 3327 lmperii,
321 3244 405 3328 pius,
420 3244 512 3320 felix,
535 3265 571 3303 ae
589 3244 804 3326 triumphator
823 3265 949 3326 semper
966 3258 1130 3328 augustus,
1151 3250 1300 3309 omnibus

159 3327 310 3388 fidelibus
322 3337 454 3388 sanctas
479 3327 540 3387 Dei
562 3327 740 3404 Ecclesiae,
767 3337 798 3388 ct
825 3336 942 3388 cuncto
972 3331 1094 3412 populo
1126 3330 1299 3407 catholico,

158 3410 321 3495 praesenti
338 3419 369 3470 et
385 3411 507 3486 sutum,
529 3409 724 3490 gentiumne
745 3409 912 3470 nationum
928 3431 1010 3490 quae
1029 3413 1088 3472 sub
1107 3417 1177 3474 eius
1196 3415 1301 3498 impe-

158 3494 208 3556 rio
230 3502 262 3552 et
283 3493 442 3574 regimine
458 3492 651 3553 constitutae
672 3501 757 3552 sunt.
800 3493 891 3553 Sicut
906 3493 1053 3554 omnibus
1076 3495 1168 3556 vobis
1189 3507 1302 3556 notum

162 3596 244 3650 esse,
258 3583 291 3637 et
314 3576 479 3638 neminem
496 3583 640 3635 vestrum
664 3576 765 3635 latere
782 3575 943 3636 credimus
965 3578 1126 3654 quomodo
1147 3598 1204 3638 nos
1221 3578 1304 3638 divi·

159 3679 204 3740 'na
224 3657 408 3736 clementia,
422 3657 514 3718 cuius
532 3667 614 3718 nutu
633 3659 672 3718 ad
687 3679 836 3718 occasum
850 3659 1017 3736 tendentia
1033 3661 1143 3721 secula
1157 3682 1216 3739 per
1234 3682 1305 3720 suc·

163 3739 326 3800 cessiones
344 3739 587 3816 generationum
601 3750 803 3821 reparantur,
813 3750 878 3803 tres
893 3740 983 3803 nobis
1001 3741 1106 3806 dando
1126 3742 1221 3818 filios,
1236 3765 1305 3801 ma-

163 3820 448 3904 gnomiserationis
463 3843 498 3880 ac
510 3823 748 3884 benedictionis
763 3843 838 3884 suae
858 3821 973 3883 ditavit
994 3845 1139 3898 munere,
1158 3825 1234 3906 quia
1248 3845 1307 3908 per

164 3925 231 3981 eos,
245 3905 422 3964 secundum
439 3913 511 3964 uota
526 3915 642 3982 nostra,
658 3915 689 3966 et
702 3926 791 3987 spem
807 3913 946 3966 nostram
961 3905 1000 3976 tle
1015 3927 1115 3986 regno
1134 3907 1305 3967 confirma-

163 3987 220 4062 vit,
241 3993 273 4046 et
286 4007 396 4045 curam
412 3985 568 4046 oblivioni
586 3987 744 4048 obnoxiae
768 3987 963 4070 posteritatis
979 3988 1137 4050 leviorem
1156 3991 1307 4066 t'eeit,‘ita

156 4069 267 4132 ethos
281 4069 371 4129 vobis
393 4078 506 4128 notum
520 4070 589 4130 lieri
602 4071 750 4132 volumus
768 4069 856 4150 quod
871 4071 999 4131 eosdem
1014 4091 1073 4152 per
1090 4073 1152 4131 Dei
1171 4073 1305 4154 gratiam

155 4153 246 4228 ,litias
262 4161 386 4212 nostros
404 4151 496 4233 regni
515 4152 610 4213 iDeo
626 4153 717 4212 nobis
740 4151 897 4228 concessi,
921 4152 1025 4213 donec
1043 4153 1075 4212 in
1099 4175 1233 4235 corpore
1255 4176 1305 4215 su·

162 4257 244 4314 mus,
266 4243 298 4297 et
321 4243 393 4319 post
418 4243 562 4298 nostrum
581 4235 620 4296 ab
637 4234 697 4302 hac
719 4234 912 4298 mortalitate
943 4236 1128 4316 discessum,
1159 4233 1256 4300 huius
1286 4242 1303 4301 t
