2958 4986
20 304 39 358 t
241 329 385 390 acan.
495 321 886 386 mennraascoaon
981 330 1045 392 sco.
1190 309 1261 385 131

46 486 60 510 ·'
118 469 189 534 Sed
205 469 283 552 qnia
304 469 394 548 olim,
411 476 450 532 nt
473 469 677 556 dictumest,
698 468 841 530 iamdicti
855 467 1089 554 chorepiscopi
1110 471 1269 556 prohibiti

35 575 46 595 ⁵
118 563 211 632 sunt,
229 553 304 615 ideo
320 553 417 617 modb
445 550 530 614 nihil
550 562 638 630 sunt,
661 573 723 616 nee
739 553 897 635 Spiritum
914 555 1105 636 paraclitum
1123 556 1192 616 ullo
1209 577 1271 620 un·

22 671 29 679 „
120 655 223 718 quam
257 645 404 720 tempore
438 636 567 698 tradere
596 657 663 696 non
693 643 891 718 potuerunt,
919 657 979 698 nec
1001 637 1096 699 modo
1124 645 1270 734 possunt.
1323 684 1326 692 ,

47 759 49 766 ›
119 722 336 802 Quapropter
364 739 430 779 non
456 728 588 802 apparet
620 717 771 780 iteratum
805 719 893 802 quod
916 719 994 780 olim
1019 741 1176 784 canonice
1204 741 1272 782 non

37 845 40 852 .
124 801 319 890 agnoscitur
333 809 508 886 patratum.

328 965 625 1030 EDICTUM
666 965 1057 1030 DOMINICUM

20 1091 33 1130 t
116 1078 186 1150 De
202 1077 347 1151 honore
364 1091 400 1149 et
424 1063 833 1172 adiutorioEpiscopis
849 1077 1082 1171 praestando
1102 1075 1271 1150 ciComi·

446 1177 546 1248 tibus
563 1191 600 1248 et
619 1179 708 1249 aliis
728 1176 945 1266 ludia-ibus,

316 1298 454 1376 Datum
474 1304 571 1374 circa
594 1326 731 1374 annum
762 1302 900 1374 Christi
927 1301 1072 1373 DCCC.

21 1487 28 1550 ζ’
118 1423 313 1558 Kasosus,
338 1479 440 1563 gratia
457 1479 524 1544 Dei
546 1479 614 1547 Rex
634 1481 834 1542 Francorum
853 1488 885 1544 et
912 1477 1222 1562 Longobardorum,
1234 1499 1272 1542 ac

33 1571 43 1576 ‘
118 1563 289 1634 Patricius
302 1563 535 1640 Romanorum,
552 1562 684 1626 ‘dilectis
699 1563 879 1626 comitibus
898 1584 957 1625 seu
969 1562 1136 1624 lodicibus
1153 1571 1185 1624 et
1195 1563 1282 1644 vas-¹

118 1649 168 1716 sis
187 1645 319 1724 nostris,
343 1644 495 1724 Vicariis,
519 1645 736 1724 Centenariis,
762 1647 814 1708 vel
841 1645 991 1708 omnibus
1022 1645 1126 1708 Missis
1157 1645 1274 1708 nostris

119 1740 159 1793 et
174 1727 365 1812 Agentibus.
409 1730 592 1810 Cognoscat
609 1729 732 1792 utilitas
745 1738 851 1792 vestra
869 1728 1112 1812 quiaresonnit
1128 1728 1162 1789 iu
1188 1726 1274 1790 auri-

20 1825 33 1890 j·
118 1813 187 1876 bus
215 1811 333 1874 nostris
353 1811 569 1892 quorumdam
590 1810 808 1894 praesumptio
841 1833 907 1874 non
933 1811 1070 1888 modica,
1095 1810 1185 1893 quod
1206 1831 1273 1876 non

20 1904 42 1917 “’
119 1897 170 1958 ita
187 1893 419 1976 obtemperetis
434 1893 649 1956 Pontificibus
663 1895 781 1956 nostris
795 1917 854 1957 seu
869 1893 1098 1962 Sacerdotibus
1115 1893 1274 1976 quemad·

118 1977 260 2042 modum
283 1998 447 2038 canonum
464 1985 497 2038 et
511 1976 622 2058 legum
642 1977 790 2039 continet
810 1977 995 2052 auctoritas,
1016 1977 1059 2036 ita
1083 1986 1119 2036 ut
1139 1975 1274 2072 Presby-

121 2072 216 2124 teros
241 2059 351 2122 nescio
378 2061 442 2142 qua
463 2061 642 2121 temeritate
670 2060 867 2142 praesentari
894 2057 1063 2143 Episcopis
1095 2059 1273 2144 denegetis,

23 2199 30 2216 ·.
122 2145 266 2226 insuper
283 2143 321 2204 'et
348 2143 487 2204 aliorum
516 2142 661 2205 Clericus
685 2163 841 2226 usurpare
872 2164 936 2202 non
966 2141 1211 2225 pertimescatis,
1240 2149 1275 2202 et

30 2296 31 2299 Ἴ
123 2227 250 2308 absque
274 2246 439 2287 consensu
456 2224 611 2310 Episcopi
625 2226 659 2286 in
674 2233 796 2288 vestras
812 2225 974 2306 Ecclesias
1001 2224 1128 2284 mittere
1152 2224 1274 2286 audea-

24 2351 36 2386 .·
123 2310 186 2380 tis3
211 2329 340 2368 necnon
363 2307 447 2370 etin
465 2309 581 2372 vestris
609 2307 797 2370 ministeriis
821 2308 997 2371 Pontifices
1020 2317 1146 2368 nostros
1175 2307 1274 2368 talem
1316 2361 1320 2365 .

34 2443 37 2448 .
124 2399 323 2480 potestatem
340 2389 459 2452 babere
481 2411 548 2452 non
564 2391 766 2473 permittatis,
780 2391 910 2472 qualem
923 2390 1084 2454 rectitudo
1103 2389 1275 2454 ecclesias-

20 2537 24 2544 ,,
124 2475 196 2538 tica
223 2473 329 2535 docet.
378 2475 516 2558 Insuper
541 2495 643 2536 nonas
663 2483 695 2536 et
715 2473 865 2549 decimas,
886 2473 939 2534 vel
967 2493 1096 2550 census,
1129 2473 1275 2555 improba

28 2629 29 2632 Ἴ
126 2554 310 2638 cupiditate
336 2556 377 2618 de
409 2556 564 2618 Ecclesiis
588 2557 676 2618 unde
701 2557 770 2641 ipsa
796 2556 956 2622 beneficia
984 2563 1061 2618 sunt
1090 2555 1274 2619 abstrahere

127 2639 290 2716 nitimini,
310 2649 342 2700 et
361 2639 522 2721 precarias
544 2639 583 2700 de
606 2639 683 2722 ipsis
708 2639 816 2716 rebus,
835 2639 920 2708 sicut
936 2639 954 2700 al
968 2638 1060 2700 nobis
1084 2638 1208 2703 dudum
1238 2640 1273 2699 iu

22 2789 23 2792 ,
129 2731 247 2788 nostro
264 2723 450 2804 Capitulare
473 2721 658 2784 institutum
674 2732 733 2801 est,
755 2722 902 2804 accipere
921 2716 1103 2813 neglegitis,
1127 2731 1159 2782 et
1173 2722 1275 2804 ipsam

21 2875 28 2888 ,A
128 2813 278 2872 sanctam
296 2805 358 2866 Dei
374 2804 554 2868 Ecclesiam
575 2805 641 2864 und
657 2827 731 2868 cum
752 2806 828 2888 ipsis
840 2805 1009 2890 Episcopis
1030 2805 1084 2868 vel
1098 2805 1274 2866 Abbatibus

29 2941 31 2948 ,
126 2887 306 2952 emendare
322 2887 413 2948 iuxta
431 2887 515 2949 vires
529 2896 651 2952 vestras
679 2888 856 2970 denegatis.
897 2890 1103 2971 Quapropter
1127 2909 1185 2948 nos
1209 2887 1276 2948 unh

92 2993 97 3009 ’
128 2993 209 3038 cum
224 2991 384 3032 consensu
406 2969 641 3054 Episcoporum
665 2979 859 3044 nostrorum,
882 2969 1052 3047 Abbatum,
1080 2991 1209 3030 necnon
1242 2976 1275 3031 et

21 3117 23 3122 ,
129 3054 273 3116 aliorum
291 3053 514 3131 sacerdotnm,
535 3053 617 3116 haec
632 3051 779 3117 instituta
795 3051 940 3134 partibus
957 3053 1071 3114 vestris
1086 3052 1274 3114 direximus.

20 3135 22 3137 ’
127 3133 374 3216 Praecipientes
393 3134 481 3196 enim
506 3136 654 3200 iubemus
684 3145 720 3196 ut
741 3136 864 3196 nullus·
883 3135 1024 3231 quilibet
1052 3156 1092 3196 ex
1124 3135 1275 3196 fidelibus

20 3291 21 3300 ἒ
130 3217 263 3292 nostris,
272 3218 289 3278 a
298 3218 432 3280 minimo
447 3239 549 3300 usque
571 3221 612 3282 ad
623 3219 808 3296 maximum,
824 3217 857 3277 in
871 3217 922 3278 hrs
937 3239 1020 3298 quae
1032 3219 1072 3285 ad
1084 3219 1190 3278 Deum
1197 3238 1273 3301 per-

129 3302 242 3362 tinent
254 3300 416 3384 Episcopo
430 3323 488 3362 suo
511 3302 705 3364 inobediens
734 3321 846 3384 parere
868 3299 984 3360 audeat
1010 3299 1050 3361 de
1079 3297 1274 3383 supradictis

20 3444 22 3450 ,
131 3381 297 3466 capitulis,
312 3404 367 3444 seu
387 3385 458 3446 aliis
473 3385 712 3448 eruditionibus
734 3385 774 3446 ad
793 3383 926 3444 illorum
941 3382 1157 3444 ministerium
1171 3381 1276 3466 perti-

132 3465 308 3540 nentibus,
331 3466 387 3527 sed
405 3489 479 3528 cum
501 3467 588 3528 bona
607 3468 775 3531 voluntate
788 3475 820 3528 et
835 3465 923 3527 omni
938 3463 1186 3526 mansuetudine
1202 3465 1276 3527 suh-

133 3547 286 3610 iectionis
308 3551 532 3632 unusquisque
551 3551 717 3613 Sacerdoti
743 3571 801 3611 suo
834 3557 968 3632 propter
996 3549 1103 3608 Deum
1132 3557 1165 3608 et
1186 3549 1275 3632 pacis

133 3629 280 3694 studium
293 3633 519 3716 ,obtemperare
538 3635 673 3694 studeat.
695 3633 729 3696 si
748 3632 822 3714 quis
837 3641 955 3708 autem,
973 3629 1061 3712 quod
1078 3631 1171 3708 absit,
1189 3653 1275 3693 unus

134 3737 177 3776 ex
195 3713 286 3776 vobis
305 3715 392 3774 nllus
419 3716 459 3776 dc
488 3717 582 3777 nonis
599 3726 629 3776 et
652 3715 785 3776 decimis
799 3714 1014 3796 censibusque
1032 3712 1218 3792 reddendis,
1232 3723 1277 3776 at·

134 3817 201 3878 que
215 3796 368 3876 precariis
385 3799 592 3876 renovandis,
612 3798 789 3881 neglegens
808 3797 1003 3880 apparuerit,
1020 3803 1052 3855 et
1072 3795 1276 3878 importunus

131 3877 304 3962 Episcopis
325 3880 441 3940 nostris
458 3881 498 3942 de
518 3881 664 3962 hisquae
680 3882 719 3940 ad
732 3880 948 3940 ministerium
962 3879 1095 3956 illorum
1110 3877 1275 3960 pertinere

135 3970 329 4040 noscuntur,
345 3965 399 4023 vcl
420 3963 504 4024 sicut
519 3964 551 4023 in
579 3963 763 4046 Capitulare
786 3961 942 4024 ‹ludumh
966 3959 1059 4021 nobis
1088 3961 1173 4020 facto
1189 3960 1277 4023 'con-

134 4044 271 4121 tinetur,
296 4047 518 4108 contradicere
536 4045 795 4129 praesumpserit,
811 4045 891 4106 sciat
911 4064 944 4106 se
964 4044 1080 4125 procul
1098 4043 1209 4122 dubio,
1227 4043 1277 4104 ni-

136 4127 164 4188 si
190 4147 223 4192 se
240 4128 304 4190 cito
325 4130 515 4207 correxerit,
536 4129 570 4189 in
585 4137 761 4210 conspectu
778 4137 887 4188 nostro
908 4126 1027 4188 exinde
1045 4127 1152 4188 dicere
1177 4126 1278 4194 ratio-

134 4229 223 4272 nem.
265 4211 308 4272 Et
328 4212 436 4274 athas
458 4213 581 4274 litteras
596 4205 715 4274 ce'rtids
734 4209 885 4288 credatis,
909 4210 949 4272 de
969 4210 1067 4271 anulo
1080 4217 1193 4271 nostro
1205 4209 1279 4272 sub·

138 4301 189 4354 ter
209 4315 261 4358 eas
277 4293 480 4360 decrevimus
502 4294 664 4356 roborare.
