2928 4986
311 296 344 358 A.
365 295 453 350 cuii.
560 252 956 348 neuunraaucoaun
1065 281 1128 341 isi.
1195 261 1290 334 399

144 449 198 499 tur
219 435 305 498 iuste
318 433 543 518 poscentibus3
568 431 625 492 sed
643 431 741 491 liceat
760 450 815 490 eas
831 425 974 490 vicissim
988 426 1064 488 dare
1081 435 1113 488 et
1130 424 1289 508 accipere,

144 532 177 582 et
196 518 418 581 adfinitatibus
437 515 576 599 populos
600 514 688 573 inter
709 534 743 574 se
765 512 898 577 sociare.
942 512 1032 592 lpsae
1055 531 1132 570 vero
1152 509 1292 570 feminae

144 613 336 688 potestatem
362 601 504 660 habeant
526 619 637 658 rerum
660 617 791 656 suarum
816 595 850 654 in
875 614 978 676 regno
1008 593 1097 654 unde
1126 591 1295 669 exierint,

146 708 341 770 quamquain
366 684 398 742 in
418 682 482 741 alio
502 689 635 764 propter
651 679 756 739 mariti
779 678 965 740 societatem
982 676 1126 738 habitare
1144 675 1294 738 debeant.

158 812 159 816 ’
224 799 290 862 IX.
331 802 379 860 De
396 795 561 858 obsidibus
576 804 684 854 autem
702 793 759 876 qui
774 801 908 877 propter
925 791 1108 852 credentias
1126 790 1294 870 dati‘snnt,

148 896 181 951 et
203 886 221 944 a
245 881 337 943 nobis
356 902 415 963 per
439 881 564 940 diversa
586 879 658 938 loca
684 879 724 938 ad
746 875 994 938 custodiendum
1020 875 1172 936 destinati
1196 885 1294 948 sunt,

148 969 300 1028 nolumus
330 974 365 1024 ut
386 963 444 1023 ille
465 964 534 1022 Rex
556 961 590 1020 in
617 961 711 1021 cuius
732 981 835 1042 regno
855 967 948 1036 sunt,
974 957 1101 1040 -absque
1123 957 1293 1020 voluntate
1377 1036 1379 1040 Δ

147 1051 255 1110 fratris
272 1047 339 1126 sui,
363 1047 402 1107 de
419 1045 512 1106 cuius
528 1065 631 1126 regno
654 1043 774 1104 sublati
791 1052 893 1123 sunt,¹
907 1042 947 1103 ad
965 1042 1101 1124 patriam
1118 1061 1172 1101 eos
1188 1039 1297 1102 redire

117 1146 121 1152 ’
146 1133 335 1217 permittat,
358 1129 416 1190 sed
434 1127 541 1210 potius
563 1128 598 1186 in
620 1128 732 1187 futuro
752 1127 786 1186 in
803 1124 1017 1206 suscipiendis
1033 1123 1199 1186 obsidibus
1216 1125 1299 1184 alter

150 1212 245 1276 alteri
259 1224 408 1272 mutuum
424 1213 508 1271 ferat
524 1209 699 1288 auxilium,
721 1209 746 1270 si
767 1211 868 1269 frater
885 1211 1018 1268 fratrem
1036 1207 1097 1269 hoc
1115 1207 1222 1268 facere
1244 1229 1299 1268 ra-

149 1297 352 1359 tionabiliter
365 1293 598 1376 'postulaverit
639 1293 732 1354 Idem
751 1292 899 1352 iubemus
924 1299 958 1352 et
978 1291 1017 1352 de
1040 1290 1079 1352 iis
1101 1291 1158 1373 qui
1180 1289 1221 1351 ob
1242 1313 1320 1364 sua

150 1381 297 1442 facinora
315 1377 349 1436 in
369 1377 507 1438 exilium
528 1376 616 1437 missi
635 1377 687 1437 vel
710 1375 861 1438 mittendi
881 1385 967 1436 sunt.

234 1495 274 1556 X.
318 1491 352 1552 Si
374 1513 467 1551 causa
484 1491 538 1551 vel
555 1489 694 1552 intentio
714 1500 746 1552 et
766 1489 988 1553 controversia
1004 1490 1078 1550 talis
1093 1489 1181 1552 inter
1193 1499 1300 1572 partes

152 1587 287 1662 propter
310 1573 466 1635 terminos
488 1585 543 1632 aut
563 1573 704 1633 confinia
727 1595 762 1634 re
787 1596 904 1634 norum
925 1582 994 1634 orta
1017 1573 1119 1634 fuerit
1135 1594 1219 1655 quae
1238 1573 1301 1633 ho-

152 1661 280 1720 minum
303 1655 489 1718 testimonio
513 1655 670 1716 declarari
693 1658 746 1718 vel
765 1596 895 1717 deliniri
916 1677 982 1715 non
1003 1658 1122 1737 possit,
1143 1661 1223 1717 tunc
1242 1677 1302 1718 vo-

153 1745 262 1803 lumus
291 1750 327 1800 ut
352 1741 392 1800 ad
424 1739 678 1800 declarationem
712 1739 761 1799 rei
789 1739 906 1800 dubiae
938 1739 1062 1799 vexillo
1104 1740 1210 1802 crucis
1238 1737 1303 1800 Dei

153 1827 304 1888 voluntas
338 1833 371 1884 et
390 1845 501 1883 rerum
528 1822 647 1883 veritas
675 1821 881 1903 inquiratur,
914 1843 954 1882 ne
983 1845 1136 1904 uinquam
1160 1825 1220 1906 pro
1245 1821 1303 1882 tali

155 1929 250 1969 causa
269 1905 444 1968 cuiuslibet
465 1904 593 1986 generis
606 1927 714 1987 pugna
733 1905 784 1964 vel
799 1926 928 1987 campus
943 1905 981 1965 ad
996 1907 1303 1980 exterminationem

154 1991 329 2052 iudicetur.
371 1989 406 2050 si
437 2010 515 2050 vero
546 1988 702 2067 quislibet
729 1985 827 2047 honio
854 1988 893 2048 de
917 2008 984 2047 uno
1012 2010 1115 2071 regno
1136 1989 1304 2050 bominem

156 2075 196 2136 de
210 2075 312 2134 altero
332 2093 435 2154 regno
452 2071 491 2132 de
513 2071 707 2132 infidelitate
728 2080 840 2130 contra
855 2071 990 2130 fratrem
1004 2070 1127 2132 domini
1147 2073 1198 2134 sui
1218 2073 1303 2154 apiiil

8 2163 9 2230 g
68 2211 69 2216 ,
156 2157 324 2217 dominnm
336 2176 430 2216 suum
442 2153 776 2231 accusaverit,mittat
790 2175 864 2213 eum
878 2151 1027 2214 dominus
1039 2155 1107 2216 eius
1119 2157 1159 2217 ad
1172 2156 1306 2216 fratrem

158 2261 252 2300 suum
262 2285 271 2316 ,
289 2248 326 2299 ut
342 2237 387 2298 ibi
406 2237 593 2322 comprobet
610 2237 700 2318 quod
715 2237 754 2297 de
771 2235 904 2297 homine
919 2235 1009 2296 illius
1026 2236 1118 2299 dixit.

240 2353 300 2414 Xl.
344 2355 450 2436 Super
475 2353 583 2412 omnia
608 2362 716 2414 autem
739 2352 888 2413 iubemus
913 2361 1011 2434 atque
1034 2353 1247 2436 praecipimus
1272 2363 1307 2412 ut

159 2437 219 2519 ipsi
245 2446 310 2496 tres
334 2438 448 2496 fratres
473 2458 583 2496 curam
600 2445 632 2496 et
654 2436 878 2497 defensionem
895 2435 1062 2496 Ecclesiae
1086 2437 1189 2497 sancti
1215 2438 1306 2497 Petri

159 2519 255 2582 simul
276 2519 469 2600 suscipiant,
496 2519 583 2580 sicut
608 2520 773 2600 quondam
798 2519 816 2578 il
836 2539 959 2600 proavo
978 2529 1088 2580 nostro
1110 2519 1251 2588 Karol0,
1275 2529 1309 2579 et

159 2623 218 2664 avo
236 2611 345 2664 nostro
361 2601 523 2684 Pippino,
547 2611 580 2662 et
601 2601 712 2662 beatae
737 2601 911 2663 memoriae
933 2602 1080 2684 genitore
1106 2612 1217 2663 nostro
1240 2603 1307 2662 Ka-

159 2685 231 2747 rolo
253 2685 451 2768 Imperatore
475 2695 507 2746 et
532 2686 550 2745 t
572 2685 664 2746 nobis
681 2685 793 2766 posted
816 2695 964 2768 suscepta
984 2695 1050 2763 est,
1079 2695 1114 2745 ut
1143 2707 1212 2745 eain
1234 2705 1309 2745 cuin

159 2769 221 2829 Dei
236 2767 396 2829 adiutorio
409 2768 448 2827 ab
460 2767 606 2829 hostibus
621 2768 798 2830 defendere
814 2767 976 2846 nitantur,
994 2779 1025 2830 et
1036 2768 1192 2830 iustitiam
1206 2791 1307 2845 suam,

160 2860 320 2932 quantum
336 2852 376 2912 ad
392 2851 477 2933 ipsos
491 2853 638 2934 pertinet
651 2861 683 2912 et
698 2851 781 2912 ratio
794 2851 1024 2934 postulaverit,
1043 2852 1162 2912 habere
1177 2851 1307 2912 faciant.

161 2933 320 3017 Similiter
337 2934 377 2994 de
398 2930 534 3011 caeteris
551 2933 707 2996 Ecclesiis
727 2956 810 3017 quae
824 2934 885 2995 sub
905 2935 1038 2996 illorum
1056 2935 1181 2996 fuerint
1199 2944 1309 3017 potes-

160 3025 225 3076 tate
249 3017 464 3098 praecipimus
490 3026 523 3076 ut
543 3017 701 3078 iustitiam
722 3039 813 3078 suam
841 3028 873 3079 et
897 3016 1058 3090 honorem
1087 3017 1247 3095 habeant,
1277 3027 1310 3079 et

160 3099 308 3160 Pastorcs
330 3108 427 3180 atque
445 3101 599 3162 Rectores
620 3100 858 3161 venerabilium
875 3101 1023 3162 locorum
1039 3101 1181 3162 habeant
1199 3111 1310 3183 potes-

161 3190 261 3240 tatem
281 3203 490 3263 rerumquae
511 3183 551 3242 ad
574 3183 640 3264 ipsa
662 3183 715 3265 pia
742 3183 815 3244 loca
838 3177 1023 3266 pertinent,
1049 3185 1082 3244 in
1109 3205 1309 3266 quocunque

163 3263 202 3324 de
216 3263 266 3323 bis
281 3265 383 3324 tribus
396 3265 550 3325 fratribus
564 3266 696 3326 illarum
710 3267 933 3329 Ecclesiarum
943 3266 1160 3351 possessiones
1175 3269 1310 3328 fuerint.

243 3377 322 3439 XIl.
366 3379 464 3456 Quod
487 3379 512 3439 si
536 3371 575 3440 de
591 3379 640 3440 liis
655 3382 779 3443 statutis
801 3391 898 3465 atque
919 3383 1162 3445 convenientiis
1185 3382 1311 3463 aliquid

150 3519 152 3524 .
164 3481 239 3520 casu
247 3460 396 3557 quplibet
405 3463 459 3522 vel
471 3463 664 3560 ignorantie,
675 3466 763 3560 quod
776 3487 841 3526 non
852 3477 1009 3547 optamus,
1021 3466 1189 3550 inruptum
1200 3467 1309 3544 luerit,

162 3564 380 3624 praecipimus
407 3552 444 3603 ut
470 3567 566 3626 quain
588 3547 742 3608 citissime
764 3550 944 3611 secundum
965 3549 1120 3610 iustitiam
1137 3549 1310 3614 emendare

163 3620 330 3768 elpideant,
353 3649 395 3688 ne
415 3629 546 3710 quando
563 3639 696 3713 propter
714 3631 905 3694 dilationem
921 3633 1024 3694 maius
1041 3633 1194 3694 damnum
1210 3633 1312 3716 possit

163 3731 180 3766 a
206 3730 361 3771 crescere.

244 3823 342 3886 Xlll.
384 3825 471 3887 Haec
487 3836 593 3888 autem
611 3829 719 3890 omnia
734 3829 778 3891 ita
796 3829 1012 3914 disposuimus
1026 3841 1123 3914 atque
1142 3853 1180 3892 eo
1194 3831 1310 3894 ordine

164 3906 331 3968 adfirmare
355 3908 575 3990 decrevimus,
601 3922 636 3972 ut
655 3912 802 3995 quandlu
824 3915 956 3976 divinae
971 3915 1130 3976 maiestati
1148 3915 1312 3998 placuerit

162 3990 247 4050 banc
265 3991 467 4073 corporalem
488 4013 546 4052 nos
568 4017 662 4076 agere
683 3996 799 4074 vitain,
821 4006 962 4080 potestas
984 4007 1092 4059 nostra
1114 3998 1155 4059 sit
1172 4020 1270 4080 super
1291 4000 1310 4060 d

162 4074 232 4166 Deo
247 4084 474 4136 conservatum
487 4096 626 4157 regnum
640 4087 736 4161 atque
747 4075 921 4162 imperium
934 4079 1037 4147 istud,
1055 4081 1139 4142 sicut
1152 4080 1308 4144 hactenus

162 4157 242 4232 fuit,
267 4157 300 4214 in
321 4157 481 4239 regimine
500 4167 596 4240 atque
619 4162 824 4224 ordinatione
847 4173 880 4225 et
898 4163 986 4225 omni
1013 4164 1233 4226 dominatione
1253 4185 1309 4226 re·

164 4238 227 4319 gali
252 4248 283 4302 et
303 4239 484 4323 imperiali,
507 4250 540 4303 et
557 4252 592 4302 ut
615 4244 802 4306 obedientes
826 4247 998 4309 habeamus
1022 4248 1205 4332 praedictos
1225 4247 1308 4309 filios
