2958 4986
234 337 307 414 134
462 356 498 415 a
519 355 609 416 can.
716 355 977 416 cararusaara
1084 360 1148 416 soa

314 499 402 564 xvl.
437 499 597 566 volumus
613 507 651 562 ut
664 497 823 584 quicquid
845 521 904 563 nos
920 509 975 562 aut
990 501 1104 584 regina
1119 499 1312 584 unicuique
1334 503 1382 564 in·

232 582 299 647 dici
325 582 596 661 ordinaverimus,
618 593 675 645 aut
695 583 923 646 ministeriales
939 585 1061 660 nostri,
1095 583 1323 664 sinescalcus,
1355 595 1385 648 et

231 665 462 729 butticularius
484 666 524 727 de
540 665 642 728 verbo
660 676 769 728 nostro
789 675 844 728 aut
861 666 1012 749 reginae,
1042 667 1120 752 ipsis
1138 667 1312 729 iudicibus
1332 689 1384 728 or·

233 747 406 825 dicaverit,
428 747 469 810 ad
483 749 664 811 eorundem
683 761 718 825 n)
741 749 899 832 placitum
922 748 1007 810 sicut
1022 749 1070 813 eis
1091 750 1285 814 institutum
1316 753 1385 813 fue·

232 832 287 908 rit,
318 831 489 914 impletum
509 830 659 908 habeant,
686 843 718 895 ct
737 832 928 916 qulcunque
948 853 1009 916 per
1023 833 1260 916 negligentiam
1283 831 1383 896 dimi-

232 915 322 993 serit,
344 915 456 998 ipotu
475 935 508 976 sc
530 915 707 994 abstinent,
735 925 906 998 postquam
920 915 951 975 ei
973 917 1159 978 nuntiatum
1179 915 1308 994 fuerit,
1337 939 1386 978 us·

233 1019 298 1096 que
321 997 452 1060 damin
475 999 659 1080 praesentia
681 1005 790 1061 nostra
808 1007 864 1060 aut
883 997 1015 1080 reginae
1040 999 1170 1076 veniat,
1192 1008 1227 1060 et
1246 1001 1268 1060 ia
1289 1000 1384 1064 nobis

232 1079 400 1144 latentiam
415 1091 549 1163 quaerat
569 1079 781 1158 absolvendi,
811 1091 843 1142 ct
866 1081 892 1144 si
916 1079 1016 1144 iudex
1036 1081 1070 1142 in
1092 1083 1244 1144 exercitu
1269 1094 1332 1144 aut
1352 1083 1383 1141 in

232 1173 352 1240 wacta,
380 1183 439 1225 scu
462 1163 497 1224 in
520 1163 691 1226 ambasiato
710 1163 766 1226 vel
791 1163 893 1226 aliubi
911 1163 1025 1242 suerit,
1048 1173 1082 1228 et
1098 1164 1292 1228 iunioribus
1315 1165 1384 1228 eius

232 1245 358 1328 aliquid
378 1245 563 1308 ordinatum
580 1248 692 1323 luerit,
713 1254 745 1308 et
767 1267 833 1308 non
855 1245 1120 1329 conplacuerint,
1149 1257 1231 1312 tunc
1248 1247 1318 1330 ipsi
1331 1267 1385 1331 pe·

233 1330 357 1392 destres
375 1329 416 1390 ad
432 1329 589 1411 palatium
609 1330 755 1408 veniant,
778 1338 810 1390 et
830 1331 849 1392 l
864 1341 947 1414 potu
964 1339 997 1390 et
1014 1351 1114 1394 carue
1133 1353 1168 1394 se
1183 1331 1382 1394 abstineant.

233 1411 371 1476 iuterim
394 1411 484 1494 quod
510 1413 651 1476 rationes
672 1411 851 1488 deducant,
885 1413 1132 1496 propterquod
1155 1413 1383 1478 hocdimise-

231 1503 311 1556 runt
321 1505 354 1557 et
370 1505 449 1556 tnnc
463 1495 621 1579 recipiant
634 1493 840 1574 sententiam,
854 1504 909 1556 aut
923 1495 958 1556 in
978 1494 1085 1574 dorso,
1098 1505 1154 1558 aut
1163 1498 1338 1578 quomodo
1352 1504 1384 1569 o)

233 1577 328 1644 nobie
352 1579 404 1641 vel
429 1579 559 1654 rapinae
583 1577 753 1662 placuerit.

316 1662 420 1726 XVll.
453 1665 738 1742 Quantascumque
765 1658 861 1722 villas
883 1661 1109 1745 unusquisque
1134 1660 1168 1726 ia
1193 1661 1382 1730 ministerio

231 1741 394 1824 babuerit,
416 1752 520 1806 tantos
540 1743 655 1806 habeat
671 1743 841 1828 deputatos
867 1743 1037 1822 homines,
1071 1745 1129 1828 qui
1152 1766 1228 1828 apes
1251 1747 1299 1810 ud
1321 1768 1381 1808 no·
1436 1769 1437 1784 ¹

232 1837 335 1891 suum
353 1849 434 1908 opus
453 1828 673 1912 praevideant.

316 1911 437 1974 XVlll.
472 1914 514 1972 Ut
533 1911 573 1974 ad
598 1908 769 1972 farinarios
791 1917 918 1972 nostros
935 1907 1045 1992 pullos
1070 1919 1104 1972 ct
1124 1931 1218 1974 aucas
1234 1908 1381 1974 habeant

232 1993 322 2060 iuxta
340 1993 530 2076 qualitatem
549 1992 708 2070 farinarii,
727 1993 780 2055 vel
802 1992 963 2076 quantiam
978 1993 1095 2056 melius
1115 1994 1296 2076 potuerint.

314 2077 400 2138 XIX.
432 2077 483 2138 Ad
505 2099 613 2140 scuras
637 2085 760 2137 nostras
782 2075 816 2136 in
853 2073 941 2137 villis
971 2077 1148 2159 capitaneis
1181 2079 1293 2160 pullos
1326 2077 1381 2138 ha·

231 2160 340 2237 beant,
364 2181 429 2220 non
457 2161 562 2222 minias
580 2161 625 2236 C,
653 2167 686 2219 et
706 2179 800 2219 aucas
824 2179 891 2219 non
911 2157 1020 2222 minda
1040 2157 1152 2238 XXX,
1174 2161 1215 2222 ad
1238 2161 1380 2222 mansio·
1436 2225 1437 2236 p

233 2243 318 2304 niles
340 2263 438 2319 vcro,
465 2244 573 2328 pullos
601 2241 742 2304 babeant
767 2261 834 2302 non
859 2240 966 2304 miraiss
991 2245 1035 2320 L,
1067 2263 1163 2304 aucas
1184 2264 1250 2305 non
1269 2245 1378 2304 minias
1436 2245 1437 2296 l

233 2327 331 2410 quam
351 2325 424 2390 xa.

314 2409 384 2469 XX.
419 2407 651 2490 Unusquisque
674 2404 773 2469 iudex
799 2407 905 2469 fructa
929 2427 1058 2490 semper
1079 2383 1310 2471 habundanter
1332 2409 1378 2468 fa·
1436 2443 1437 2454 a

147 2513 152 2521 ·
232 2491 297 2554 ciat
314 2489 401 2552 omni
424 2511 509 2552 anno
531 2491 571 2551 ad
587 2498 713 2551 curtem
734 2489 860 2569 venire,
881 2499 1019 2572 excepto
1040 2490 1240 2553 visitationes
1262 2483 1378 2553 eorum

231 2574 396 2664 pervices
412 2581 489 2649 tres,
515 2583 569 2634 aut
590 2581 745 2656 quattuor
765 2595 823 2634 seu
846 2572 984 2653 amplius
1004 2573 1155 2655 dirigant.

313 2658 398 2719 XXI.
442 2656 592 2719 Vivarios
621 2655 656 2714 in
685 2655 786 2737 curtis
815 2655 933 2718 nostris
956 2656 1183 2740 unusquisque
1206 2666 1244 2740 p)
1275 2658 1376 2720 iudex

230 2738 287 2800 ubi
307 2739 402 2801 antea
423 2737 702 2810 fuerunthabcat,
734 2747 767 2800 et
782 2737 808 2798 si
827 2737 939 2821 augeri
960 2748 1077 2820 potest,
1107 2749 1240 2823 augeat,
1271 2751 1305 2804 et
1320 2741 1376 2802 ubi
1436 2803 1437 2816 χ

231 2825 325 2886 autel
346 2843 412 2882 noa
431 2824 577 2897 fuerunt,
596 2831 628 2884 et
646 2820 742 2884 modo
759 2843 826 2882 esse
845 2831 991 2904 possunt,
1014 2821 1144 2882 noviter
1158 2823 1245 2884 fiant.

1436 2395 1437 2436 l

1390 2481 1401 2502 ⁴
1436 2455 1437 2528 l

276 2939 281 2948 -
312 2905 416 2967 XXII.
444 2906 587 2966 Coronas
615 2903 655 2964 de
676 2903 811 2964 racemis
842 2904 900 2986 qui
931 2904 1042 2968 vineas
1065 2903 1258 2986 habuerint,
1307 2927 1374 2968 non
1436 2961 1437 2966 ,

228 2989 337 3058 minias
351 2997 429 3064 tres,
449 2997 504 3048 aut
519 2995 672 3068 quattuor
689 2986 839 3050 habeant.

311 3071 428 3135 XXlll.
460 3073 719 3152 lnunaquaque
744 3077 779 3212 q)
809 3067 890 3130 villa
918 3077 1026 3130 nostra
1061 3068 1205 3132 babeant
1233 3070 1372 3148 iudices,

226 3153 435 3226 vaccaritias,
457 3153 665 3236 porcaritias,
690 3152 748 3214 ber
772 3150 931 3228 icaritias,
954 3152 1152 3234 capraritias,
1176 3153 1372 3230 hircaritias,

227 3237 385 3320 quantiam
408 3237 482 3318 plus
500 3235 686 3318 potuerint,
709 3243 741 3295 et
764 3233 954 3294 nallatenus
979 3235 1049 3296 sine
1072 3235 1135 3298 hoc
1153 3257 1221 3298 esse
1239 3236 1371 3313 debent,

228 3330 262 3383 et
277 3320 410 3401 iusuper
428 3319 568 3382 habeant
593 3337 706 3379 vaccas
729 3317 830 3393 (adr)
853 3315 987 3376 illorum
1006 3319 1177 3380 servitium
1195 3320 1371 3402 perficien·
1436 3309 1437 3334 ¹

228 3404 307 3468 dum
331 3401 567 3464 commendatas
591 3421 650 3482 per
672 3421 782 3460 servos
806 3407 950 3475 nostros,
981 3401 1124 3482 qualiter
1145 3423 1206 3485 pro
1235 3401 1371 3464 servitio

225 3487 266 3550 ud
284 3484 484 3550 dominicum
498 3507 578 3567 opus
595 3481 783 3546 vaccaritias
803 3482 857 3544 vel
875 3503 1023 3544 carrucas
1041 3483 1135 3544 nullo
1153 3484 1250 3546 modo
1268 3483 1372 3544 mino

225 3578 314 3629 ratac
335 3569 416 3643 sint,
451 3577 483 3629 et
503 3567 643 3628 habeant
667 3564 799 3646 quando
825 3563 1001 3626 servierint
1029 3566 1068 3626 ad
1094 3588 1191 3629 canes
1214 3567 1370 3641 dandum,

114 3712 116 3716 .
223 3653 324 3712 boves
343 3651 475 3733 cloppos
495 3671 559 3710 non
575 3648 757 3730 languidos,
775 3657 809 3708 et
825 3667 937 3709 vaccas
952 3647 1023 3710 sive
1042 3649 1195 3728 caballos,
1214 3669 1279 3709 non
1300 3671 1370 3712 sca-

225 3735 342 3810 biosos,
370 3741 426 3793 aut
446 3732 509 3794 alia
526 3740 692 3814 pacorus)
724 3749 790 3790 non
819 3729 992 3811 languida,
1022 3740 1056 3792 ct
1082 3740 1119 3794 ut
1141 3729 1283 3794 diximus
1310 3753 1369 3816 pro

223 3817 287 3882 hoc
305 3815 504 3891 vaccaritias,
528 3816 580 3874 vel
599 3833 747 3875 carrucas
768 3833 833 3872 non
854 3812 1028 3872 minorent.
1078 3843 1080 3850 v
1328 3887 1331 3894 Ι

308 3900 426 3962 XXIV.
458 3898 625 3982 Quicquid
643 3896 681 3956 ad
699 3895 827 3957 discum
845 3902 991 3956 nostrum
1019 3895 1095 3954 dare
1117 3894 1237 3972 debet,
1266 3917 1369 3958 unns-

225 3982 366 4066 quisque
389 3981 489 4044 iudox,
516 3980 549 4042 in
568 4002 625 4044 sua
650 3977 765 4044 habeat
784 3976 905 4060 plebio,
930 3977 1074 4078 qualiter
1090 3975 1177 4044 bona
1194 3988 1227 4040 et
1249 3979 1368 4066 optima

240 4126 577 4144 mam

260 4201 294 4260 u)
312 4213 359 4247 ms.
378 4194 504 4246 crsrsdem.
856 4199 891 4262 q)
909 4209 954 4243 ms,
976 4207 1168 4263 ursaquaequt.

259 4271 290 4328 o)
309 4283 355 4316 aas.
377 4281 484 4334 qrsrsmo.
857 4269 886 4328 ry
905 4279 951 4314 ms.
971 4261 1056 4314 deest.

256 4340 289 4410 p)
307 4353 353 4390 ms.
375 4347 463 4388 curtes
483 4347 592 4394 nostras
612 4333 770 4410 respuitque,
855 4339 884 4398 s)
901 4349 947 4386 ms.
966 4349 1094 4407 peccora.
