2952 4988
175 299 250 374 302
411 313 445 374 a
466 317 553 376 cna.
660 313 929 376 consoranis·
1019 320 1086 380 uo.

171 477 254 536 runs,
275 455 346 520 Deo
363 463 541 535 annuente,
558 455 644 542 apud
659 477 786 521 sacrum
801 466 1001 524 conventum
1019 480 1060 522 ex
1082 457 1183 522 dictIs
1197 467 1345 522 sancto-
1448 447 1454 491 ³

171 563 244 604 rnm
261 539 411 618 Petrum,
438 539 530 602 velut
544 561 585 604 ex
603 539 739 604 diversis
755 543 854 624 protis
868 543 1025 624 quosdam
1047 552 1231 605 vernantes
1250 542 1344 602 flos-

171 624 263 687 culos
280 621 455 706 carpendo,
495 622 530 682 iu
551 643 650 684 unam
668 626 815 708 regulam
831 625 1072 686 canonicorum
1088 633 1121 686 et
1136 625 1342 686 Canonica-

171 729 244 770 rum
264 725 452 790 congerere,
478 713 511 770 et
527 705 703 768 Canonicis
720 707 773 770 vel
793 707 1102 769 sanctimonialibus
1125 708 1342 769 servandam
1454 762 1458 781 ,

171 788 383 864 contradere,
416 795 452 850 ut
473 809 533 932 pgr
555 809 625 850 eam
650 789 831 853 canonicus
850 790 942 851 Ordo
967 790 1087 872 absque
1105 790 1341 874 ambiguitate

194 871 272 934 ossit
298 867 430 932 servari.
514 880 527 932 t
549 871 706 954 quoniam
725 872 815 932 illam
841 893 931 934 sacer
956 881 1135 934 conventus
1154 873 1201 934 ita
1224 874 1340 934 etiam

170 895 322 1018 laudibus
345 951 474 1031 extulit,
497 961 535 1014 ut
554 975 656 1036 usque
674 953 714 1016 nd
731 976 835 1016 unum
851 955 916 1016 iota
934 954 1166 1016 observandam
1183 976 1340 1038 percen-

169 1045 266 1115 seret,
287 1035 455 1100 statuimus
472 1045 507 1097 nt
530 1036 570 1098 nb
596 1037 746 1098 omnibus
768 1038 802 1098 in
822 1037 936 1100 eadem
951 1037 1152 1119 professione
1169 1037 1337 1120 degenti·

170 1121 232 1184 bns
257 1119 484 1182 indubitanter
498 1128 661 1198 teneatur,
682 1130 714 1181 et
733 1121 836 1182 modis
852 1119 1002 1182 omnibus
1017 1121 1087 1181 sive
1108 1119 1337 1182 dCanonicis

169 1203 239 1266 sive
263 1203 281 1264 d
301 1201 611 1265 sanctimonialibus
637 1203 795 1266 canonice
819 1202 1013 1286 degentibus
1031 1201 1188 1288 deinceps
1205 1201 1336 1266 obser-

177 1293 285 1348 vetur.
759 1291 764 1300 '

443 1389 494 1451 De
516 1390 642 1454 collatis
663 1389 827 1454 Ecclesiae
849 1389 1047 1452 dividendis.

253 1495 310 1558 lv.
353 1497 515 1558 Statntum
535 1506 584 1562 est
609 1507 645 1558 ut
662 1497 824 1579 quicquid
851 1507 996 1582 ternpore
1018 1497 1146 1580 imperii
1172 1499 1280 1561 nostri
1305 1501 1327 1562 d

169 1577 322 1642 fidelibus
334 1579 501 1642 Ecclesiae
518 1579 632 1662 sponte
653 1581 818 1642 conlatum
834 1581 954 1660 fuerit,
985 1579 1019 1640 in
1043 1581 1216 1643 ditioribus
1236 1581 1326 1644 loeis

122 1671 128 1720 ¹.
170 1665 250 1727 duas
274 1669 382 1746 partes
405 1662 438 1722 in
466 1684 543 1724 usna
568 1683 766 1745 pauperum,
796 1664 925 1724 tertiam
953 1663 987 1722 in
1010 1663 1170 1746 stipendia
1198 1665 1325 1727 cedere

170 1744 375 1810 clericorum
396 1753 452 1806 aut
474 1743 725 1821 Monacborum,
752 1743 786 1806 in
813 1745 992 1808 minoribns
1015 1767 1092 1808 vero
1111 1745 1192 1809 locis
1211 1749 1324 1830 aeque

170 1829 259 1890 inter
271 1827 397 1890 olerum
411 1837 444 1890 et
458 1847 616 1924 pauperes
630 1829 701 1890 fore
722 1825 949 1899 dividendum
977 1827 1041 1890 nisi
1057 1827 1142 1891 forth
1161 1829 1180 1892 d
1197 1827 1325 1893 datori·

169 1911 241 1990 bus,
265 1909 322 1972 nbi
337 1909 525 1995 specialiter
547 1907 672 1972 dandae
692 1909 768 1988 sint,
795 1913 1007 1974 constitutum
1029 1911 1139 1974 suerit.

524 2040 575 2102 De
602 2039 775 2104 Abducitur
801 2039 965 2124 eligendis.

250 2151 291 2214 V.
334 2145 569 2210 Monachornm
591 2146 754 2229 siquidem
778 2169 907 2210 cansam
932 2147 1075 2232 qualiter
1099 2149 1171 2208 Deo
1203 2150 1319 2246 opitu·

169 2237 258 2298 lente
280 2251 320 2294 ex
342 2239 432 2314 parte
450 2230 715 2314 disposuerimus,
735 2240 769 2294 et
783 2231 947 2314 quomodo
964 2253 1003 2292 ex
1022 2251 1055 2292 se
1076 2230 1153 2312 ipsis
1175 2230 1238 2292 sibi
1257 2233 1318 2295 eli·

168 2316 266 2401 gendi
283 2314 421 2376 Abbates
436 2311 602 2374 licentiam
618 2313 813 2390 dederimus,
832 2322 865 2375 et
907 2313 1025 2375 naliter
1040 2315 1111 2374 Deo
1128 2314 1316 2409 opitulante

168 2399 273 2484 quieti
297 2397 408 2458 vivere
430 2393 697 2493 propositumque
722 2417 818 2457 suum
848 2335 1009 2458 indefesse
1032 2395 1196 2458 custodire
1220 2398 1315 2459 vale·

168 2490 244 2546 rent
263 2477 532 2556 ordinaverimus,
555 2478 588 2538 iu
609 2479 673 2538 alia
696 2477 853 2540 schedula
873 2477 1048 2562 diligenter
1066 2478 1214 2540 adnotari
1234 2481 1316 2542 feci-

168 2585 250 2641 mus,
273 2570 307 2624 et
319 2569 355 2622 nt
371 2561 457 2644 apud
475 2581 677 2624 successores
695 2570 820 2623 nostros
836 2570 942 2622 ratum
957 2561 1043 2626 foret
1060 2570 1093 2624 et
1111 2560 1316 2628 inviolabili-

167 2659 220 2712 ter
239 2651 499 2722 conservaretur,
521 2643 791 2706 confirmavimus.

510 2751 559 2812 Ile
579 2751 781 2815 ordinatione
802 2773 976 2831 servorum.

252 2859 308 2922 v1.
350 2863 398 2922 De
413 2879 582 2922 serrorum
597 2879 676 2922 vero
695 2859 911 2939 ordinatione,
930 2859 988 2942 qui
1004 2859 1121 2942 passim
1135 2856 1176 2919 ad
1192 2857 1315 2940 gradus

168 2941 403 3006 ecclesiasticos
418 2941 591 3004 indiscrete
608 2943 894 3026 promovebantur,
925 2943 1047 3026 placuit
1068 2941 1217 3003 omnihus
1236 2961 1316 3000 cum

168 3025 267 3088 sacris
290 3023 470 3087 canonibus
493 3024 684 3086 concordari
702 3025 831 3088 debere.
875 3027 918 3088 Et
938 3033 1093 3087 statutum
1109 3032 1157 3085 est
1174 3032 1210 3083 ut
1232 3023 1313 3084 nul·

170 3111 221 3170 lus
239 3101 474 3192 Episcoporum
497 3103 651 3190 deinceps
672 3127 727 3168 eos
753 3108 794 3170 ad
815 3131 921 3171 sacros
944 3108 1085 3169 Ordines
1116 3125 1312 3190 promovere

192 3199 368 3268 raesumat,
398 3189 459 3252 nisi
478 3189 569 3274 prius
588 3191 605 3250 h
626 3189 764 3252 dominis
784 3192 924 3275 propriis
939 3190 1123 3251 libertatem
1140 3187 1311 3250 consecuti

168 3215 302 3335 luerint.
342 3273 385 3333 Et
403 3273 429 3334 si
449 3273 590 3353 quilibet
606 3293 718 3334 servus
736 3273 904 3336 dominum
917 3295 1012 3336 suum
1029 3272 1170 3354 lugiens,
1193 3279 1250 3330 aut
1264 3271 1312 3330 la-

166 3357 284 3433 titans,
307 3362 364 3414 aut
383 3355 536 3418 adhibitis
555 3355 693 3418 testibus
716 3377 851 3418 munere
868 3355 1038 3418 conductis
1058 3355 1113 3417 vel
1131 3353 1308 3434 corruptis,

168 3447 224 3500 aut
247 3437 395 3518 quilibet
417 3437 595 3500 calliditate
618 3438 671 3500 vel
696 3439 830 3516 fraude,
866 3439 907 3500 ad
934 3439 1050 3519 gradus
1072 3435 1310 3500 ecclesiasticos

166 3519 366 3606 pervenerit,
389 3519 557 3582 decretum
576 3530 624 3584 est
643 3529 679 3580 ut
697 3521 897 3602 deponatur,
920 3529 952 3582 et
974 3521 1125 3582 dominus
1146 3517 1216 3579 eius
1233 3537 1309 3578 eum

167 3602 314 3684 recipiet.
363 3601 493 3666 sivero
512 3625 590 3664 avus
617 3603 669 3664 vel
687 3612 780 3684 pater
798 3603 838 3664 ab
857 3603 919 3664 alia
937 3603 1041 3684 patria
1063 3603 1096 3662 in
1122 3601 1220 3662 aliam
1244 3599 1309 3658 mi-

169 3705 281 3770 grans,
313 3685 347 3744 in
371 3685 484 3746 eadem
500 3685 669 3768 provincia
681 3685 787 3744 filium
802 3685 970 3768 genuerit,
999 3686 1117 3768 etipse
1140 3683 1226 3744 iilius
1250 3681 1310 3742 ibi·

168 3773 243 3832 dem
265 3767 422 3829 educatus
441 3777 475 3828 et
492 3769 531 3828 ad
547 3767 665 3850 gradus
688 3767 923 3829 ecclesiasticos
942 3778 1110 3850 promotus
1130 3765 1246 3842 fucrit,
1276 3772 1309 3823 et

168 3862 279 3912 utrum
300 3871 412 3912 servus
429 3849 470 3911 sit
489 3849 698 3932 ignoraverit,
722 3857 755 3910 et
771 3851 881 3931 postet
900 3851 1035 3912 veniens
1051 3850 1199 3911 dominus
1217 3846 1308 3906 illius

167 3929 293 4016 legibus
310 3953 386 3994 eum
401 3931 631 4016 adquisiverit,
661 3931 818 3995 sancitum
837 3941 884 3994 est
902 3942 937 3993 ut
960 3932 986 3994 si
1006 3933 1156 3993 dominus
1173 3929 1243 3992 eius
1256 3926 1309 3988 illi

167 4017 352 4078 libertatem
375 4013 452 4078 dare
475 4013 636 4090 voluerit,
666 4013 699 4074 in
722 4015 823 4096 gradu
845 4037 903 4076 suo
923 4025 1118 4099 permaneat.
1171 4013 1206 4074 Si
1228 4031 1309 4073 vero

167 4121 243 4159 oum
267 4099 379 4160 entend
402 4096 568 4159 servitutis
593 4096 742 4158 icastris
764 4096 935 4158 dominicis
960 4097 1130 4158 extrahere
1153 4093 1309 4168 voluerit,

108 4234 110 4248 ‚
168 4179 302 4264 gradum
319 4178 458 4250 amittat3
481 4179 558 4262 quia
582 4179 671 4239 iuxta
693 4199 798 4240 sacros
817 4179 959 4242 Ordines
979 4179 1218 4261 vilisfpersona
1239 4194 1309 4234 ma·

168 4283 250 4326 nens
277 4259 456 4324 Sacerdotii
477 4261 634 4345 dignitate
657 4261 750 4345 fungi
776 4281 842 4322 non
866 4271 982 4346 potest.
1032 4265 1081 4324 De
1109 4259 1205 4322 rebus
1228 4277 1310 4322 rere
