2920 4972
184 293 232 368 14
353 313 421 378 ,a
444 311 532 370 cna.
642 309 898 371 cartanensis
1029 309 1087 384 ors.

182 455 233 516 lus
253 453 380 516 vivente
402 451 562 534 Episcopo
586 452 737 534 adoptare
760 455 869 517 locum
894 452 962 516 eius
983 464 1175 536 praesumat.
1219 455 1316 536 Quod

180 539 206 600 si
227 537 379 622 petierit,
402 537 432 597 ei
456 535 588 594 minime
612 537 781 597 tribuatur.

263 621 320 685 Ill.
364 619 399 680 Si
418 619 490 700 quis
506 617 666 691 Clericus,
680 621 826 702 quolibet
841 619 965 680 bonore
982 616 1136 696 munitus,
1147 631 1316 705 contemp-

179 713 212 764 to
231 701 392 786 Episcopo
411 723 480 778 suo,
504 700 555 764 vel
581 702 827 784 praetermisso,
850 703 891 763 ad
911 701 1097 784 Principem
1119 713 1174 764 aut
1202 703 1314 788 adpo·

178 788 331 846 tentiores
346 805 490 867 quasque
510 804 664 866 personas
684 785 848 848 ambulare
869 783 922 846 vel
947 784 1236 866 sibipatrocinium
1252 787 1318 852 ele-

177 868 260 951 gerit
277 867 508 950 expetcndum,
531 887 596 926 non
614 867 803 950 recipiatur,
824 867 1000 952 praetensi
1023 887 1083 948 pro
1102 869 1198 932 venia
1222 869 1315 932 vide·

91 1021 94 1028 ff
177 963 230 1012 tur
246 959 409 1032 expetere.
450 947 535 1011 Etsi
558 971 618 1030 pro
640 949 785 1031 qualibet
809 973 902 1012 causa
920 948 1108 1032 Principem
1132 952 1315 1034 expetierit,

175 1043 304 1096 etcum
335 1031 436 1116 ipsius
462 1031 624 1112 Principis
651 1033 788 1114 epistola
811 1033 851 1094 ad
878 1031 1075 1116 Episcopum
1100 1055 1195 1094 suum
1214 1035 1316 1096 fuerit

176 1138 335 1193 reversus,
358 1125 528 1176 excusatus
545 1113 732 1196 recipiatur.
776 1117 807 1178 ls
825 1115 882 1200 qni
902 1116 1006 1210 ipsum
1023 1123 1096 1197 post
1117 1117 1313 1180 admonitio-

177 1219 251 1260 nem
271 1196 438 1293 Pontisscis
458 1197 508 1271 sui
530 1197 672 1258 retinere
692 1205 956 1284 praesumpserrt,
987 1206 1096 1260 sancta
1117 1199 1315 1262 communio·

178 1304 217 1343 ne
262 1290 395 1350 uretur,
1338 1331 1339 1335 ,

179 1370 181 1374 ’
239 1305 314 1429 pr.
358 1367 401 1424 Ut
417 1359 527 1423 nullus
544 1359 688 1424 iudicum
702 1363 742 1424 de
758 1363 904 1448 quolibet
918 1359 1033 1423 ordine
1051 1359 1196 1428 Clericos
1214 1363 1254 1428 de
1271 1365 1314 1428 ci-

184 1447 301 1509 vilibus
322 1446 436 1522 causis,
458 1453 586 1526 praeter
601 1446 781 1508 criminalia
804 1445 950 1530 negotia,
974 1465 1035 1526 per
1059 1465 1092 1506 se
1121 1447 1313 1534 distringere

176 1539 231 1591 aut
252 1530 402 1592 damnare
424 1537 617 1611 praesumat,
641 1528 700 1590 nisi
723 1529 933 1590 convincitur
953 1525 1152 1610 manifestus,
1174 1539 1312 1614 excepto

173 1613 367 1696 Presbytero
386 1620 442 1672 aut
460 1609 617 1676 Diacono.
659 1612 726 1690 Qui
748 1633 827 1674 vero
848 1609 990 1674 convicti
1007 1609 1131 1696 fuerint
1147 1612 1186 1674 de
1202 1613 1313 1676 crimi-

176 1717 217 1756 ne
240 1694 380 1778 capitali,
404 1693 493 1756 iuxta
515 1713 655 1756 canones
676 1695 920 1778 distringantur,
942 1699 974 1754 et
998 1713 1073 1754 cum
1099 1695 1312 1760 Pontificibus

176 1779 411 1840 examinentur.

258 1863 299 1925 V.
344 1857 441 1939 Quod
459 1857 486 1922 si
505 1879 600 1919 cansa
618 1858 898 1944 interpersonam
921 1855 1084 1944 publicam
1110 1868 1142 1922 et
1161 1859 1310 1930 homines

176 1942 337 2012 Ecclesiae
359 1941 496 2020 steterit,
517 1942 638 2024 pariter
655 1943 694 2004 ab
719 1953 856 2026 utraque
885 1953 974 2026 parte
994 1941 1168 2024 praepositi
1196 1944 1311 2010 Eccle-

176 2027 296 2088 siarum
322 2036 355 2088 et
377 2025 476 2092 iudex
496 2023 647 2110 publicus
669 2025 702 2086 iu
725 2023 890 2090 audientia
918 2024 1050 2110 publica
1069 2024 1165 2108 positi
1187 2047 1225 2092 ea
1251 2027 1309 2090 de-

175 2111 272 2173 beant
293 2109 447 2170 iudicare.

255 2191 314 2254 Vl.
356 2191 551 2277 Cuicuuque
574 2187 741 2264 defuncto,
764 2189 789 2248 si
813 2189 981 2248 intestatus
1002 2187 1195 2271 decesserit,
1230 2211 1308 2272 pro-

178 2275 294 2359 pinqui
320 2274 442 2357 absque
469 2271 695 2338 contrarietate
717 2270 860 2332 iudicum
885 2269 918 2330 in
948 2269 1017 2331 eius
1047 2271 1200 2334 facultate
1221 2271 1310 2334 iuxta

157 2411 159 2414 ,
181 2363 284 2444 legem
306 2357 494 2422 succedant.

257 2441 329 2502 VII.
368 2439 517 2504 Libertos
538 2436 763 2520 cuiuscunque
786 2435 1003 2530 ingenuorum
1031 2455 1049 2493 a
1078 2433 1309 2500 Sacerdotibus

177 2525 263 2588 iuxta
295 2533 402 2585 textus
430 2521 614 2584 chartarum
643 2517 852 2602 ingenuitatis
881 2536 957 2579 suae
980 2515 1215 2597 defensandos,
1247 2541 1310 2582 nec

173 2610 293 2689 absque
314 2605 494 2689 praesentia
514 2601 667 2688 Episcopi
691 2609 745 2662 aut
758 2599 938 2684 Praepositi
957 2597 1122 2662 Ecclesiae
1138 2620 1207 2666 esse
1222 2601 1310 2664 iudi-

175 2691 293 2754 candos
315 2689 370 2751 vel
392 2688 433 2749 ad
452 2687 621 2772 publicum
641 2683 849 2750 revocandos.
1236 2705 1237 2710 ¹

255 2770 347 2833 VIll.
388 2774 431 2832 Ut
450 2769 640 2852 ubicunque
663 2788 778 2828 census
793 2761 1005 2845 novusimpie
1027 2762 1155 2828 additus
1176 2774 1234 2844 est,
1246 2775 1310 2828 eta

174 2857 294 2944 populo
304 2853 508 2930 reclamatur,
525 2851 606 2913 iusta
621 2847 830 2932 inquisitione
843 2845 1096 2910 misericorditer
1110 2849 1301 2911 emendetur

256 2940 312 3000 lx.
353 2939 403 2998 De
420 2936 563 3014 teloneo,
586 2943 621 2996 ut
638 2953 698 3020 per
715 2953 751 2992 ea
769 2931 840 2992 loca
858 2930 972 2990 debeat
990 2929 1088 3012 exigi,
1111 2931 1164 2992 vel
1187 2931 1225 2993 de
1241 2952 1310 3014 spe·

173 3023 284 3087 ciebas
304 3019 381 3102 ipsis
404 3018 444 3080 de
466 3017 584 3100 quibus
603 3012 868 3099 praecedentium
888 3011 1078 3095 Principum
1096 3021 1261 3096 tempore,
1274 3014 1309 3076 id

173 3115 233 3184 est,
255 3123 357 3185 usque
380 3102 420 3162 ad
435 3099 605 3162 transitum
619 3099 723 3160 bonae
741 3094 913 3158 memoriae
929 3095 1123 3156 'domnorum
1136 3105 1307 3180 parentum

173 3197 357 3251 nostrorum
385 3182 613 3263 Gunthramni,
634 3177 833 3264 Cbilperici,
863 3177 1023 3260 Sigeberti
1041 3181 1165 3260 Regum
1183 3187 1231 3240 est
1253 3201 1307 3242 ex·

175 3281 291 3334 actum.
575 3322 577 3328 ,

254 3354 294 3415 X.
336 3347 447 3410 Iudaei
468 3369 565 3432 super
585 3343 786 3410 Christianos
807 3339 949 3403 actiones
960 3339 1108 3424 publicas
1129 3361 1224 3424 agere
1240 3365 1306 3406 non

174 3437 322 3503 debeant.
364 3434 473 3510 Quare
495 3431 551 3514 qui
573 3451 607 3496 se
629 3435 821 3514 quaestuoso
845 3421 952 3484 ordini
975 3424 1096 3484 sociare
1118 3445 1307 3512 praesump-

173 3523 262 3599 serit,
283 3513 514 3580 severissimam
536 3513 641 3596 legem
658 3532 698 3574 ex
724 3507 880 3570 canonica
906 3505 1050 3589 incurrat
1064 3507 1236 3569 sententia.

254 3602 311 3665 xl.
352 3599 395 3658 Ut
406 3618 468 3681 pax
484 3606 522 3659 'et
536 3593 707 3678 disciplina
728 3591 762 3652 in
775 3607 877 3672 regno
897 3597 1006 3649 nostro
1020 3589 1072 3667 sit,
1087 3588 1216 3651 Christo
1229 3611 1308 3674 pro-

169 3687 318 3772 pitiante,
339 3688 514 3762 perpetua,
535 3675 672 3740 rebellio
693 3673 745 3738 vel
766 3671 941 3735 insolentia
960 3673 1118 3732 malorum
1137 3670 1308 3738 hominum

172 3764 373 3834 severissime
396 3761 599 3846 reprimatur.

253 3847 327 3914 Xll.
369 3847 413 3907 Ut
434 3846 545 3906 nullus
565 3842 663 3908 iudex
685 3839 724 3906 de
751 3839 822 3902 aliis
842 3835 1020 3921 provinciis
1040 3846 1095 3897 aut
1116 3835 1307 3919 regionibus

172 3937 207 3997 in
225 3934 288 3994 alia
306 3932 378 3991 loca
398 3928 582 3997 ordinetur;
606 3933 642 3986 ut
661 3923 687 3986 si
705 3921 830 4006 aliquid
850 3919 927 3980 mali
949 3920 988 4004 de
1010 3919 1210 4001 quibuslibet
1231 3941 1308 3982 con·

171 4015 349 4082 ditionibus
364 4009 608 4094 perpetraverit,
630 4005 670 4068 de
694 4006 760 4068 suis
786 4003 924 4087 propriis
953 4001 1049 4064 rebus
1073 4003 1193 4064 exinde
1216 4002 1306 4086 quod

171 4102 255 4168 male
276 4088 446 4159 abstulerit
468 4093 556 4152 iuxta
581 4088 662 4172 legis
680 4088 828 4150 ordinem
844 4086 959 4149 debeat
979 4083 1161 4150 restituere.

252 4180 344 4245 Xlll.
384 4173 634 4258 Praeceptiones
656 4181 781 4233 nostrae
802 4168 990 4252 peremnia
1012 4168 1219 4250 impleantur,
1243 4176 1304 4233 etc.

171 4269 293 4332 Desunt
312 4260 436 4344 reliqua
453 4258 544 4319 buius
565 4257 690 4341 capitis,
713 4267 781 4316 cum
804 4251 924 4314 duobus
943 4250 1149 4333 sequentibus.
