2952 4988
237 288 372 349 noua
492 289 628 346 arcun
648 245 887 348 raaucoaun
986 287 1056 350 sn.
1203 269 1277 346 269

215 430 363 497 XXVII.
406 434 449 494 Ut
469 425 621 516 Episcopi
639 441 672 492 et
694 432 816 514 reliqui
836 431 1025 496 Sacerdotes
1040 423 1180 496 canones
1194 430 1279 494 bene

133 515 334 600 intelligant,
354 523 386 576 et
406 515 589 578 seeundum
611 517 800 576 canonicam
820 514 1058 578 institutionem
1076 515 1199 578 vivant.

215 597 383 664 XXVIII.
426 601 470 660 Ut
488 599 642 682 Episcopi
661 597 840 680 diligenter
857 599 1033 664 discutiant
1050 619 1110 682 per
1132 621 1204 661 suas
1222 620 1281 681 pa-

134 684 264 749 rochias
284 680 507 764 Presbyteros,
526 702 639 742 eorum
661 681 768 758 fidem,
791 681 958 764 baptisma,
978 692 1011 744 et
1036 681 1206 746 Missurum
1228 701 1283 742 ee·

135 766 347 843 lebrationes,
366 773 399 826 et
415 773 451 824 ut
464 764 561 825 fidem
579 775 701 826 rectam
716 773 861 840 teneant,
875 774 907 825 et
916 763 1073 847 baptisma
1087 764 1283 826 catholicum

136 853 324 926 observent,
341 857 374 908 et
390 847 562 909 Missurum
577 869 691 930 preces
716 848 800 908 bene
825 847 1023 930 intelligant,
1047 858 1080 910 et
1104 856 1141 909 ut
1165 843 1281 934 psalmi

136 936 235 1020 digne
261 931 443 993 secundum
466 931 703 992 modulationes
725 951 879 992 versuum
898 930 1119 994 modulentur.

221 1013 351 1078 XXIX.
394 1016 437 1074 Ut
455 1013 535 1076 fides
556 1014 715 1074 catholica
730 1013 770 1074 ab
778 1013 947 1097 Episcopis
972 1023 1004 1075 et
1018 1011 1219 1096 Presbyteris
1233 1009 1286 1073 di*

137 1100 283 1184 ligenter
304 1098 444 1180 legatur,
461 1105 494 1158 et
517 1097 605 1157 omni
625 1097 748 1180 populo
765 1096 981 1181 praedicetur.
1022 1096 1065 1158 Et
1090 1094 1286 1158 duminicam

138 1183 320 1246 orationem
338 1180 398 1264 ipsi
413 1179 602 1264 intelligant
615 1190 647 1240 et
664 1180 813 1242 omuibus
822 1177 1015 1266 praedicent
1028 1177 1286 1262 intelligendam,

139 1277 181 1328 ut
202 1265 275 1346 quis
301 1285 341 1325 ue
361 1263 441 1324 sciat
460 1263 541 1344 quid
558 1273 646 1347 petat
660 1261 678 1321 al
691 1265 776 1342 Deo.¹
1079 1338 1081 1344 Ι

225 1347 289 1409 XX
329 1390 335 1407 .
379 1348 422 1406 Ut
444 1347 548 1408 omnis
576 1345 717 1430 populus
742 1345 946 1414 Christianus
973 1343 1071 1410 fidem
1093 1343 1287 1410 catholicam

142 1441 176 1496 et
202 1428 399 1496 dominicam
417 1428 597 1490 orationem
615 1429 802 1491 memoriter
821 1438 940 1490 teneat.
995 1451 997 1456 ·
1268 1441 1279 1458 '¹
1327 1447 1329 1452 ’

226 1509 357 1574 XXXI.
400 1514 442 1571 Ut
459 1512 547 1572 inter
569 1512 757 1595 Episcopus,
781 1511 933 1591 Abbates,
960 1513 1118 1590 Comites,
1147 1508 1288 1586 Indices,

144 1608 181 1660 et
196 1616 307 1656 omnes
324 1593 448 1676 ubique
466 1616 524 1656 seu
536 1595 673 1656 maiores
693 1616 750 1655 seu
772 1596 914 1658 minores
929 1617 1096 1677 personas,
1139 1615 1179 1654 ax
1195 1593 1236 1654 sit
1257 1600 1291 1654 et

144 1676 321 1743 concordia
342 1685 374 1736 et
393 1676 604 1754 ¹unanimitas;
628 1677 704 1759 quia
719 1677 804 1737 nihil
824 1680 895 1738 Deo
911 1679 980 1740 sine
995 1701 1073 1761 pace
1090 1616 1206 1760 piboet.

229 1757 377 1823 XXXII.
420 1761 463 1820 Ut
482 1759 621 1820 Abbates
639 1760 788 1820 canonici
809 1781 949 1821 canones
973 1760 1159 1842 intelligant
1179 1767 1212 1820 et
1236 1781 1290 1820 ca-

148 1867 251 1907 nones
267 1843 452 1920 observent,
471 1851 503 1902 et
521 1842 641 1902 Clerici
652 1843 802 1920 canonici
817 1844 1000 1910 secundum¹
1015 1864 1156 1905 canones
1169 1841 1291 1904 vivant.

230 1923 396 1988 XXXIII.
440 1927 483 1986 Ut
498 1925 637 1985 Abbates
656 1925 821 2008 regulares
843 1935 876 1986 et
889 1926 1042 1988 Monachi
1069 1927 1217 2009 regulam
1243 1926 1292 1986 in-

148 2011 311 2091 telligant,
331 2016 364 2067 et
389 2008 569 2070 secundum
585 2009 731 2090 regulam
751 2009 871 2070 vivant.

232 2088 396 2154 XXXIV.
439 2093 483 2152 Ut
500 2089 684 2152 Abbatissae
699 2091 875 2152 canonicae
900 2099 933 2153 et
957 2091 1226 2154 sanctimoniales
1244 2113 1293 2152 ca-

152 2175 270 2239 nonice
287 2174 468 2236 secundum
483 2195 623 2234 canones
645 2173 766 2254 vivant,
787 2185 820 2236 et
836 2175 974 2236 claustra
996 2195 1107 2236 earum
1125 2173 1294 2236 ordinabi·

152 2263 229 2323 liter
249 2256 424 2338 composita
439 2257 514 2318 sint.
1283 2283 1288 2294 ¹

236 2339 380 2403 XXXV.
423 2342 467 2400 Ut
485 2338 670 2400 Abbatissae
689 2339 856 2423 regulares
873 2339 1141 2402 sanctimoniales
1164 2339 1198 2400 in
1222 2339 1295 2399 Mo-

154 2424 291 2486 nachico
310 2423 476 2506 proposito
496 2423 671 2484 existentes
687 2423 833 2506 regulam
856 2423 1042 2505 intelligant
1057 2432 1089 2484 et
1102 2421 1297 2506 regulariter

155 2510 280 2580 vivant,
303 2515 336 2564 et
355 2507 495 2566 claustra
509 2527 618 2565 earum
635 2506 872 2568 rationabiliter
894 2505 1049 2588 disposita
1068 2506 1142 2567 sint.

237 2585 398 2649 XXXVI.
441 2591 484 2648 Ut
497 2587 643 2648 Ecclesia
663 2588 725 2648 Dei
749 2611 843 2650 suum
859 2588 976 2649 habeat
1001 2588 1176 2660 honorem
1199 2587 1297 2650 simul

156 2683 190 2734 et
210 2671 320 2732 altaria
333 2671 515 2731 secundum
531 2692 621 2731 suam
643 2669 833 2752 dignitatem
854 2681 1065 2733 venerentur.
1107 2673 1150 2732 Et
1164 2693 1230 2732 non
1257 2671 1299 2732 sit

156 2758 272 2819 domus
292 2752 355 2813 Dei
371 2763 408 2814 ‘et
441 2752 552 2813 altaria
578 2775 667 2814 sacra
684 2755 797 2835 pervia
823 2754 966 2816 canibus.
1007 2755 1051 2814 Et
1078 2763 1115 2814 ut
1140 2754 1299 2817 secularia

158 2835 287 2921 negotia
307 2835 362 2896 vel
382 2835 571 2917 vaniloquia
594 2835 627 2894 in
648 2837 802 2898 Ecclesiis
824 2859 889 2897 uon
912 2847 1057 2920 agantur.

240 2915 420 2980 XXXVII.
463 2920 505 2978 Ut
518 2917 701 3001 Presbyteri
718 2929 750 2980 et
772 2921 936 2981 Diacones
955 2921 1007 2982 vel
1032 2920 1154 3002 reliqui
1177 2917 1299 2980 Clerici

157 3025 245 3065 arma
258 3021 323 3062 non
337 3009 477 3084 portent,
487 3001 544 3062 sed
564 3001 664 3085 magis
680 3003 847 3064 confidant
863 3003 897 3062 in
920 3003 1109 3064 defensioue
1127 3001 1190 3064 Dei
1202 3023 1300 3084 quam

154 3107 321 3148 inarmis.

243 3157 440 3229 XXXVIII.
483 3165 525 3225 Ut
544 3164 664 3248 quibus
684 3168 756 3230 data
777 3177 825 3228 est
845 3175 985 3250 potestas
1009 3166 1189 3248 iudicandi,
1216 3168 1299 3231 iuste

160 3253 215 3316 vel
238 3250 395 3328 iudicent,
418 3269 484 3308 non
516 3249 715 3327 muneribus,
739 3251 816 3332 quia
847 3271 983 3310 munera
1006 3261 1181 3312 excaecant
1204 3253 1302 3324 corda

160 3334 381 3420 prudentium.
393 3333 436 3392 Et
448 3339 485 3389 ut
503 3331 630 3394 ludices
650 3333 752 3393 ieiuni
772 3355 881 3394 causas
898 3331 1045 3394 iudicent
1060 3343 1093 3394 et
1107 3333 1302 3398 discernant.

245 3414 407 3478 XXXIX.
449 3415 493 3474 Ut
519 3436 631 3476 omnes
652 3425 789 3478 caveant
816 3413 1007 3498 periurium,
1038 3437 1105 3476 non
1135 3419 1243 3478 solum
1266 3417 1301 3478 iu

160 3509 273 3562 sancto
291 3495 484 3580 Evangelio,
509 3497 562 3557 vel
583 3497 617 3556 in
637 3498 748 3577 altare,
779 3519 837 3560 seu
859 3497 892 3557 in
920 3497 1112 3559 Sanctorum
1129 3499 1303 3582 Reliquiis,

164 3583 222 3644 sed
241 3591 273 3642 et
287 3581 321 3640 in
338 3577 502 3642 communi
516 3578 656 3664 loquela.
699 3581 741 3642 Et
755 3591 791 3642 ut
805 3579 863 3662 qui
878 3578 913 3640 in
933 3580 1051 3642 sanctis
1067 3579 1166 3642 habet
1182 3583 1303 3659 iurare,

164 3664 228 3724 hoc
250 3663 379 3724 ieiunus
398 3661 494 3722 faciat
516 3683 591 3722 cum
610 3663 697 3722 omni
718 3663 886 3726 honestate
903 3670 936 3722 et
953 3661 1070 3724 timore
1088 3663 1162 3726 Dei.
1190 3663 1231 3726 Et
1247 3663 1303 3747 qui

163 3745 266 3807 semel
286 3745 470 3828 periuratus
490 3745 602 3820 fuerit,
620 3766 681 3806 nec
699 3747 788 3808 testis
820 3745 864 3807 sit
893 3743 1080 3829 posthaec,
1109 3767 1170 3822 nec
1192 3747 1227 3808 in
1247 3770 1318 3810 sua*

166 3850 262 3890 causa
279 3849 339 3890 nee
360 3829 392 3886 in
413 3825 546 3886 alterius
566 3826 688 3888 iurator
703 3829 829 3892 existat.

248 3909 317 3971 XL.
360 3913 403 3970 Ut
420 3929 515 3968 nemo
532 3907 574 3970 sit
589 3909 646 3991 qui
670 3911 787 3973 ariolos
804 3909 986 3973 sciscitetur
1016 3911 1067 3972 vel
1091 3911 1216 3972 somnia
1246 3911 1306 3974 ob-

167 4002 287 4070 servet,
300 3992 353 4054 vel
378 3993 418 4051 ad
433 3990 565 4070 auguria
579 3991 731 4052 intentat:
754 4015 814 4055 nec
830 3994 895 4058 sint
913 3993 1060 4069 maleficI,
1082 4015 1143 4054 nec
1164 3995 1307 4056 Incanta·

168 4087 265 4152 tores,
288 4095 349 4135 nec
368 4074 519 4156 phitones
536 4083 581 4152 g),
605 4077 838 4153 cauculatores,
860 4099 920 4137 nec
940 4076 1150 4156 tempestarii,
1170 4077 1224 4141 vel
1248 4077 1307 4138 ob·

169 4159 330 4242 ligatores.
370 4159 427 4218 Et
441 4156 628 4240 ubicunque
649 4168 735 4236 sunt,
758 4159 975 4226 emendentur
992 4159 1044 4222 vel
1061 4159 1265 4223 damnentur.

202 4298 238 4364 g)
255 4289 373 4360 Legeud.
390 4287 535 4360 Pythoum.
