2958 4986
221 267 271 344 98
363 295 366 302 ’
452 288 488 346 n.
507 285 595 346 cau.
700 281 958 348 cararumru
1062 283 1126 352 ssa.

306 431 388 492 ltem
414 427 667 512 praedicandum
694 438 744 516 est
766 429 930 512 quomodb
951 429 1057 493 Filias
1083 431 1147 495 Dei
1166 430 1358 497 'incarnatus

222 523 270 578 est
286 513 326 576 de
348 510 474 595 Spiritu
492 521 602 574 sancto
619 522 709 576 etex
734 514 835 574 Maria
857 535 985 597 semper
1007 513 1134 598 virgine
1158 537 1219 600 pro
1252 518 1358 580 salute

221 609 254 661 et
267 595 473 679 reparatione
491 593 625 656 humani
642 596 781 678 generis,
804 617 924 680 passus,
941 597 1099 680 sepultus,
1116 606 1151 660 et
1175 598 1273 660 tertit
1304 599 1358 662 die

219 677 411 756 resurrexit,
428 687 462 738 et
476 679 623 740 ascendit
642 679 676 738 in
698 679 825 750 coelos;
847 688 881 741 ct
912 681 1076 760 quomodb
1099 681 1219 742 iterum
1242 692 1358 744 ventu*

220 785 276 825 rus
292 763 333 825 sit
351 761 384 820 iu
405 760 570 822 maiestate
591 760 703 822 divina
717 760 861 823 iudicare
879 782 991 824 omnes
1008 763 1156 826 homines
1177 764 1358 827 secundum

221 845 334 908 merita
360 843 506 940 propria;
521 853 561 905 'et
588 843 752 926 quomodb
778 843 868 928 impii
889 854 1023 928 propter
1051 847 1174 908 scelera
1198 869 1257 909 sua
1282 869 1358 908 cum

221 927 349 992 diabolo
373 927 407 986 in
428 947 537 1010 ignem
553 935 722 988 aeternum
741 927 921 1006 mittentur,
940 935 973 988 et
987 926 1062 990 iusti
1084 951 1159 992 eum
1176 930 1307 992 Christo
1325 938 1358 992 et

202 1034 295 1076 „cum
315 1009 432 1072 sanctis
443 1007 577 1094 Angelis
594 1009 661 1072 suis
680 1010 715 1072 iu
736 1010 835 1074 vitam
855 1017 1030 1072 aeternam.

196 1167 198 1174 ’
301 1151 383 1212 Item
399 1149 575 1234 diligenter
589 1148 846 1234 praedicandum
864 1157 912 1212 est
928 1147 968 1210 de
981 1151 1226 1224 resurreetione
1236 1161 1358 1213 mortu·

217 1255 322 1311 orum,
341 1242 378 1294 ut
391 1233 494 1294 sciant
505 1243 537 1294 et
552 1233 686 1294 credaut
697 1232 733 1292 in
757 1233 873 1295 iisdem
888 1232 1081 1317 corporibus
1100 1233 1243 1319 praemia
1264 1235 1358 1298 meri-

218 1327 328 1380 torum
359 1325 559 1402 accepturos.

299 1457 381 1518 ltem
402 1447 477 1518 cum
495 1455 584 1517 omni
601 1453 771 1539 diligentia
793 1456 921 1519 cunctis
943 1455 1199 1540 praedicandum
1223 1467 1273 1520 est
1296 1479 1357 1541 pro

217 1539 337 1623 quibus
350 1538 542 1602 criminibus
561 1539 762 1620 deputentur
779 1560 854 1600 cum
872 1540 1002 1602 diabolo
1026 1539 1060 1600 iu
1082 1548 1252 1600 aeternum
1278 1563 1358 1625 sup-

216 1622 363 1708 plicium.
404 1623 555 1705 Legimus
576 1621 674 1698 enim,
693 1621 849 1704 Apostolo
879 1622 1031 1686 dicenter
1052 1621 1229 1702 Manifesta
1253 1637 1358 1684 autem

217 1719 290 1768 sunt
314 1725 412 1790 opera
431 1706 551 1776 earnis,
568 1723 647 1786 quae
664 1716 736 1764 sunt
748 1703 943 1787 fornicatio,
963 1703 1178 1776 immunditia,
1209 1704 1354 1783 luxuria,

218 1789 381 1850 idolorum
396 1789 545 1859 seruitus,
568 1784 739 1871 uenteficia,
763 1787 962 1859 inimicitiae,
994 1788 1222 1865 contentiones,
1248 1809 1357 1850 aemu-

216 1873 363 1943 lationes,
378 1870 604 1946 animositates,
617 1870 697 1941 irae,
707 1870 814 1941 rixae,
829 1866 1055 1942 dissensiones,
1065 1870 1222 1942 haereses,
1236 1883 1354 1942 sectae,

215 1953 373 2025 invidiae,
395 1950 580 2023 homicidia,
599 1951 778 2023 ebrietates,
807 1952 1123 2024 comessationes,.et
1140 1951 1190 2010 bis
1217 1953 1355 2013 similia.-

219 2056 298 2118 quae
313 2033 467 2118 praedico
479 2034 585 2106 uobis,
606 2035 686 2094 sicut
703 2031 871 2118 praedixi,
917 2035 1044 2094 uoniam
1065 2033 1122 2116 qui
1144 2035 1222 2094 talia
1242 2046 1354 2115 agunt,

217 2138 347 2198 regnum
364 2117 429 2176 Dei
442 2137 506 2176 non
517 2128 755 2197 consequentur.
798 2116 877 2178 ldeb
895 2053 978 2177 baec
995 2115 1109 2176 eadem
1121 2136 1204 2197 quae
1219 2134 1358 2199 magnus

215 2197 420 2282 praedicator
441 2197 607 2260 Ecclesiae
635 2197 698 2258 Dei
723 2197 916 2282 singillatim
946 2196 1138 2275 nominarit,
1169 2220 1243 2260 cum
1266 2198 1357 2260 omni

216 2281 324 2343 studio
342 2279 821 2364 prohibeantur,intelligentes
833 2281 931 2364 quim
945 2279 988 2344 sit
1002 2278 1149 2342 terribile
1164 2280 1248 2342 illud
1265 2281 1358 2364 quod

221 2363 323 2425 dixit:
347 2364 505 2447 Quoniam
525 2361 582 2446 qui
597 2362 676 2422 talia
695 2376 809 2443 agunt,
820 2383 949 2444 regnum
960 2363 1023 2424 Dei
1038 2384 1102 2424 non
1117 2376 1358 2446 consequentur.

300 2501 366 2563 Sed
383 2510 416 2564 et
431 2501 520 2562 omni
532 2500 686 2564 instanti-i
704 2503 874 2564 admonete
898 2524 953 2564 eos
968 2501 1008 2563 de
1032 2489 1293 2564 dilectione'Dei
1323 2498 1358 2564 et
1449 2467 1451 2545 l

216 2584 374 2662 Proximi,
392 2586 431 2647 de
449 2584 512 2644 fide
532 2593 564 2645 et
581 2604 638 2667 spe
656 2583 690 2646 in
712 2587 794 2663 Deo,
814 2585 854 2647 de
867 2583 1051 2648 bumilitate
1068 2593 1100 2645 et
1120 2584 1288 2668 patientia,
1314 2585 1358 2648 dc
1447 2583 1449 2663 J

218 2667 361 2731 castitate
376 2677 409 2728 et
425 2666 637 2744 continentia,
657 2668 697 2730 de
721 2667 924 2751 benignitate
938 2676 970 2729 et
985 2667 1217 2744 misericordia,
1232 2667 1272 2728 de
1286 2668 1358 2729 ele-

220 2749 381 2835 emosynis
400 2758 433 2812 et
446 2749 867 2834 consessione‘peecatorum
884 2771 1027 2828 suornm,
1049 2757 1082 2811 et
1099 2759 1136 2812 ut
1156 2749 1359 2820 debitoribus
1444 2807 1445 2841 ,

216 2834 293 2912 suis,
321 2833 502 2896 secundum
526 2833 706 2896 orationem
728 2832 933 2910 dominicam,
957 2831 1066 2894 debita
1096 2855 1153 2894 sua
1175 2830 1358 2893 dimittant:

209 2918 357 2981 ,scientes
380 2914 558 2979 certissime
576 2915 666 3000 quod
678 2913 737 3000 qui
754 2913 831 2977 talia
845 2923 957 3001 agunt,
974 2931 1114 3000 regnum
1129 2912 1193 2978 Dei
1209 2913 1359 3000 posside-

220 3001 312 3064 bunt.
1313 3015 1315 3024 ⁴

300 3115 344 3178 Et
360 3114 423 3178 hoc
446 3111 520 3177 ideb
537 3113 725 3198 diligentius
743 3112 944 3198 iniungimus
964 3123 1091 3178 vestrae
1110 3109 1248 3192 caritati,
1279 3113 1359 3196 quia

221 3197 340 3262 scimus
361 3197 561 3282 temporibus
591 3197 773 3259 novissimis
794 3197 1068 3281 pseudodoctores
1096 3219 1164 3260 esse
1187 3205 1357 3274 venturos,

219 3281 388 3363 sicutipse
405 3280 564 3342 Dominus
585 3281 619 3340 in
633 3297 711 3344 eran
737 3279 802 3342 elio
818 3279 991 3363 praedixit,
1008 3289 1042 3342 et
1054 3279 1357 3363 ApostolusPaulus

168 3407 171 3413 -
222 3365 264 3426 ad
284 3361 494 3424 Timotheum
510 3371 655 3424 testatur.
697 3301 787 3440 rdet,
809 3362 1021 3440 dilectissimi,
1042 3358 1110 3424 toto
1140 3363 1238 3424 corde
1258 3382 1357 3444 prae-

220 3467 371 3531 paremus
386 3445 495 3506 nos'in
511 3445 645 3507 scientia
659 3445 814 3524 veritatis,
830 3454 867 3506 ut
880 3444 1038 3529 possimus
1056 3444 1357 3507 contradicentibus

221 3528 352 3592 veritati
366 3527 529 3605 resistere,
548 3537 580 3589 et
592 3527 704 3589 divina
721 3527 862 3590 donante
877 3527 978 3612 gratita
994 3528 1131 3592 verbum
1149 3527 1213 3592 Dei
1233 3535 1358 3589 crescat

222 3621 256 3673 et
269 3620 378 3673 currat
398 3619 431 3672 et
442 3609 677 3694 multiplicetur
693 3610 727 3670 in
744 3611 927 3693 profectum
948 3621 1077 3674 sanctae
1094 3611 1157 3674 Dei
1174 3609 1356 3687 Ecclesiae,

142 3737 146 3746 .
221 3703 255 3756 et
274 3695 410 3757 salutem
431 3693 610 3754 animarum
623 3702 813 3772 vestrarum,
831 3703 863 3756 et
884 3693 1016 3756 laudem
1031 3703 1064 3758 et
1087 3693 1222 3777 gloriam
1247 3691 1357 3752 nomi-

221 3777 274 3840 nis
302 3775 433 3838 Domini
461 3775 562 3837 nostri
586 3777 661 3838 Iesu
682 3773 813 3840 Christi.
854 3777 923 3840 Pax
952 3777 1226 3862 praedicantibus,
1254 3773 1357 3858 gratia
1417 3800 1421 3809 ·

221 3859 461 3932 obedientibus,
485 3857 588 3942 gloria
602 3857 742 3921 Domino
761 3867 872 3922 nostro
887 3859 961 3922 lesu
976 3855 1115 3922 Christo.
1136 3858 1272 3936 (Amen.)

261 3975 355 4038 Anno
366 3975 542 4037 dominicae
558 3975 785 4038 incarnationis
796 3969 1063 4053 ncctxxth,
1073 3973 1254 4037 Indictione
1272 3969 1353 4046 ΧΠ,

222 4079 304 4120 anno
320 4055 413 4120 XXI.
429 4059 518 4138 regni
529 4061 643 4130 nostri,
666 4071 770 4122 actum
792 4069 839 4119 est
858 4056 949 4118 huius
978 4052 1144 4138 legationis
1169 4053 1304 4118 edictum
1319 4058 1354 4115 in

219 4139 540 4282 ‘giulffisttpipalatio
556 4139 694 4226 publico.
735 4141 821 4204 Data
837 4151 883 4203 est
905 4138 1110 4230 bascellaria
1128 4137 1356 4204 dieX·Ilalen-

244 4244 279 4284 as
320 4243 372 4306 pra
389 4241 429 4284 es.
