2928 4986
292 281 439 396 nerui.¹
544 331 679 388 annun
706 329 944 390 ruavconuu
1048 331 1112 392 ur.
1215 313 1284 388 stt

220 479 261 540 V.
303 476 463 538 Volumus
492 483 587 557 atque
615 494 784 537 monemus
811 483 847 535 ut
868 472 980 536 senior
1004 473 1124 552 frater,
1154 476 1287 557 quando

97 626 101 632 ,
140 562 181 624 ad
198 583 274 623 eum
288 567 341 618 aut
361 581 445 618 unus
463 568 518 618 aut
540 557 632 618 ambo
653 559 770 619 fratres
791 559 841 620 sui
858 579 931 619 cum
952 556 1064 635 donis,
1089 558 1173 619 sicut
1191 581 1287 642 prae-

139 643 264 707 dictum
288 649 353 718 est,
385 642 554 717 venerint,
579 642 664 704 sicut
685 641 715 703 ei
738 641 841 701 maior
869 649 1008 722 potestas
1028 642 1098 701 Deo
1122 651 1286 702 annuente

138 727 240 789 fuerit
254 723 428 800 attributa,
451 723 496 786 ita
517 724 629 808 etipse
644 723 719 786 illos
733 724 789 807 pio
806 725 1015 806 fraternoque
1032 745 1139 786 amore
1154 723 1287 808 largiori

141 811 227 872 dono
244 815 445 880 remuneret.

225 891 283 951 Vl.
327 888 487 951 Volumus
505 899 603 972 atque
625 889 771 951 iubemus
793 899 831 950 ut
851 887 962 952 senior
983 889 1085 952 frater
1104 888 1287 952 iunioribus

140 973 295 1036 fratribus
319 975 401 1048 suis,
427 975 559 1054 quaudo
584 983 696 1034 contra
717 983 842 1036 exteras
870 972 1017 1034 nationes
1046 973 1204 1034 auxilium
1225 975 1287 1035 sibi

141 1061 227 1118 ferre
247 1055 485 1118 rationabiliter
500 1057 736 1140 expetiverint,
756 1057 844 1117 iuxta
864 1057 952 1139 quod
969 1055 1050 1118 ratio
1071 1056 1240 1118 dictaverit
1256 1067 1288 1120 et

142 1139 295 1222 temporis
320 1139 545 1221 opportunitas
574 1139 776 1222 permiserit,
806 1139 860 1202 vel
883 1161 942 1222 per
967 1161 1000 1201 se
1026 1140 1132 1222 ipsum
1155 1141 1208 1200 vel
1227 1163 1288 1223 per

144 1223 257 1290 fideles
278 1220 392 1282 Missos
410 1229 443 1282 et
459 1222 622 1285 exercitus
635 1245 709 1286 suos
727 1229 945 1306 opportunum
961 1223 1006 1284 eis
1022 1223 1181 1282 auxilium
1195 1223 1286 1285 serat.

226 1303 298 1378 Vll.
342 1303 423 1363 ltem
452 1305 602 1368 volumus
626 1316 663 1368 ut
695 1328 757 1366 nec
786 1327 899 1388 pacem
929 1328 990 1368 nec
1022 1305 1146 1366 bellum
1175 1315 1287 1367 contra

145 1397 289 1462 exteras,
310 1395 343 1447 et
358 1383 437 1447 huie
451 1387 470 1448 la
482 1391 554 1449 Deo
575 1397 766 1452 conservato
785 1388 923 1471 imperio
943 1389 1090 1450 inimicas
1117 1386 1285 1466 nationes,

144 1471 264 1551 absque
281 1470 419 1530 consilio
436 1479 468 1530 et
490 1492 651 1534 consensu
664 1471 801 1534 senioris
818 1471 928 1534 fratris
947 1470 1111 1533 ullatenus
1122 1469 1286 1554 suscipere

144 1559 361 1636 praesumant.
403 1551 566 1636 Impetum
581 1577 660 1616 vero
680 1554 823 1617 hostium
842 1553 949 1616 subito
961 1553 1216 1636 insurgentium,
1233 1555 1286 1615 vel

148 1633 338 1718 repentinas
360 1633 583 1718 incursiones,
603 1638 694 1700 iuxta
716 1638 802 1699 vires
818 1659 925 1721 perse
946 1637 1108 1719 repellere
1126 1635 1285 1699 studeant.

228 1715 323 1778 Vlll.
365 1719 414 1778 Dc
429 1719 542 1800 legatis
559 1722 656 1798 verb,
679 1721 705 1782 si
722 1721 760 1780 ab
775 1720 895 1781 exteris
912 1719 1099 1781 nationibus
1121 1718 1175 1780 vel
1192 1741 1288 1802 prop-

146 1809 197 1859 ter
209 1819 321 1882 pacem
337 1799 539 1881 faciendam,
561 1805 615 1868 vel
638 1803 762 1865 bellum
780 1802 1043 1884 suscipiendum,
1065 1801 1120 1863 vel
1139 1801 1286 1866 civitates

149 1890 204 1942 aut
236 1882 369 1944 castella
394 1884 575 1964 tradenda,
613 1887 667 1950 vel
688 1895 821 1968 propter
852 1885 930 1947 alius
960 1885 1121 1968 quaslibet
1151 1886 1287 1945 maiores

148 1986 258 2026 causas
268 1964 383 2026 directi
395 1966 530 2046 fuerint,
549 1969 812 2030 nullatendssine
824 1969 959 2030 senioris
970 1967 1076 2029 fratris
1087 1967 1289 2029 conscientia

149 2047 196 2108 eis
215 2047 453 2128 respondeant,
483 2053 537 2113 vel
570 2073 624 2114 cos
656 2053 831 2113 remittant
875 2052 910 2112 Si
936 2059 1044 2111 autem
1064 2051 1105 2112 ad
1126 2049 1286 2112 illum‘de

147 2151 343 2211 quacunque
366 2141 456 2214 parte
479 2135 569 2196 Missi
595 2135 712 2197 directi
728 2136 869 2214 suerint,
892 2135 932 2195 ad
955 2134 1134 2216 quemlibet
1154 2134 1288 2195 illorum

146 2213 251 2295 primi)
266 2215 497 2296 pervenerint,
521 2217 702 2280 honorilice
724 2240 778 2280 eos
800 2240 875 2280 cum
899 2216 1049 2288 fidelibus
1065 2217 1168 2279 Missis
1183 2237 1286 2300 usque

147 2296 189 2355 ad
203 2295 274 2357 'eius
287 2298 503 2379 praesentiam
517 2301 614 2362 faciat
626 2301 808 2385 pervenire.
835 2302 884 2361 De
898 2299 1075 2360 levioribus
1092 2301 1169 2361 sane
1183 2300 1287 2362 causis

146 2375 239 2438 iuxta
261 2378 451 2459 qualitatem
471 2383 643 2466 legationis
663 2405 771 2468 perse
794 2383 1024 2466 respondeant.
1066 2381 1156 2444 lllud
1178 2392 1285 2443 tamen

147 2480 334 2537 monemus,
359 2470 396 2522 ut
412 2467 707 2548 quomodocunque
727 2487 828 2528 seres
845 2467 879 2526 in
897 2463 1080 2528 confinibus
1099 2487 1211 2527 eorum
1226 2465 1287 2526 ha-

145 2542 286 2619 buerint,
301 2564 427 2627 semper
441 2549 480 2609 ad
494 2550 631 2610 senioris
649 2550 756 2610 fratris
772 2549 921 2610 notitiam
932 2549 1078 2631 perferre
1094 2571 1158 2610 non
1177 2549 1288 2631 negle-

146 2634 242 2706 gant,
260 2633 296 2684 ut
323 2625 380 2688 ille
402 2651 532 2714 semper
544 2632 703 2695 sollicitus
721 2642 753 2694 et
775 2643 905 2715 paratus
923 2629 1112 2693 inveniatur
1126 2633 1166 2694 ad
1184 2651 1292 2715 quae-

146 2727 278 2788 cuuque
297 2711 470 2774 necessitas
493 2715 665 2776 etrutilitas
685 2715 779 2798 regni
795 2714 1018 2796 postulaverit.

230 2790 285 2850 lx.
327 2792 601 2878 Praecipiendum
617 2797 713 2859 etiam
728 2798 820 2860 nobis
836 2798 968 2860 videtur
982 2806 1018 2858 ut
1031 2806 1106 2880 post
1119 2794 1287 2857 decessum

146 2881 294 2944 no'strum
311 2873 569 2960 uniuscuiusque
594 2882 747 2942 vassallus
767 2880 893 2941 tantum
921 2881 955 2940 in
978 2891 1136 2964 potestate
1161 2876 1286 2938 domini

145 2955 196 3018 sui
213 2955 427 3036 heneficium,
449 2971 584 3046 propter
601 2963 777 3026 discordias
793 2963 981 3040 evitandas,
1002 2963 1135 3038 habeat,
1162 2969 1193 3021 et
1218 2981 1284 3020 non

146 3039 180 3098 in
196 3038 340 3099 alterius.
370 3039 544 3125 Proprium
565 3055 673 3108 autem
684 3068 777 3108 suum
790 3055 824 3106 et
840 3045 1071 3123 hereditatem,
1094 3043 1286 3124 ubicunque

144 3121 266 3198 fuerit,
284 3121 370 3182 salvat
385 3123 507 3186 iustitia
524 3150 599 3190 cum
614 3129 740 3191 bonore
760 3137 792 3188 et
809 3127 982 3192 securitate
999 3129 1179 3190 secundum
1195 3147 1287 3188 suam

144 3205 253 3287 legem
278 3207 504 3291 uuusquisque
524 3213 643 3307 absque
668 3213 787 3272 iniusta
806 3211 1035 3293 inquietudine
1052 3209 1231 3294 possideat;
1253 3215 1287 3269 et

144 3287 312 3348 licentiam
326 3285 442 3351 habeat
461 3314 685 3382 unusquisque
707 3294 792 3358 liber
814 3293 930 3372 homo,
953 3293 1010 3373 qui
1024 3293 1195 3356 Seniorem
1218 3312 1285 3352 non

144 3369 315 3447 habuerit,
337 3371 523 3457 cuicunque
544 3399 585 3440 ex
606 3378 657 3442 bis
678 3377 782 3438 tribus
803 3376 956 3440 fratribus
979 3375 1123 3439 voluerit
1145 3396 1178 3437 se
1195 3395 1287 3436 com-

145 3453 331 3514 mendandi.

228 3535 270 3598 X.
314 3533 349 3595 Si
367 3547 495 3616 autem,
518 3549 551 3604 et
565 3541 654 3624 quod
667 3545 756 3603 Deus
770 3547 894 3603 avertat
906 3584 915 3618 ,
933 3550 966 3601 et
978 3541 1068 3624 quod
1080 3563 1139 3602 nos
1152 3537 1295 3599 minima

145 3626 316 3700 optamus,
349 3622 497 3683 evenerit
538 3632 576 3684 ut
601 3623 720 3707 aliquis
752 3623 886 3686 illorum
916 3634 1049 3706 propter
1074 3621 1286 3707 cupiditatem

144 3721 256 3761 rerum
286 3709 512 3782 terrenarum,
541 3727 624 3787 quae
663 3717 711 3768 est
742 3705 836 3767 radix
865 3705 1009 3766 omnium
1028 3706 1203 3780 malorum,
1229 3711 1287 3762 aut

145 3781 268 3843 divisor
291 3791 347 3842 aut
360 3805 531 3880 oppressor
543 3790 764 3851 Ecclesiurum
784 3787 835 3850 vel
857 3809 1038 3872 pauperum
1055 3786 1217 3872 extiterit,
1231 3795 1286 3846 aut

145 3864 375 3949 tyrannidem,
405 3890 439 3928 ru
466 3890 531 3950 qua
554 3873 658 3933 omnis
687 3871 864 3934 crudelitas
886 3870 1050 3948 consistit,
1084 3867 1285 3944 exercuerit,

144 3948 250 4030 primo
277 3949 401 4010 secretb
428 3955 607 4015 secundum
632 3955 765 4026 Domini
787 3963 997 4036 praeceptum
1015 3974 1075 4038 per
1098 3951 1209 4013 fideles
1232 3949 1285 4010 le-

144 4040 232 4111 gatos
250 4030 367 4109 semel,
389 4031 456 4112 bis,
480 4045 513 4096 et
527 4045 578 4097 ter
596 4036 636 4098 de
651 4059 708 4098 sua
725 4029 950 4099 emendatione
966 4043 1223 4105 commoneatur,
1247 4043 1284 4094 ut

144 4113 172 4176 si
193 4113 243 4174 his
268 4113 397 4176 renisus
422 4117 541 4196 fuerit,
563 4121 735 4181 accersitus
760 4119 900 4179 afrane
920 4141 1027 4182 coram
1052 4120 1153 4180 altero
1184 4117 1284 4177 fratre

144 4205 280 4276 paterno
306 4204 339 4257 et
356 4200 501 4261 fraterno
521 4223 628 4263 amore
647 4212 816 4262 moneatur
831 4211 863 4262 et
878 4203 1062 4282 castigetur.
1103 4202 1145 4261 Et
1161 4199 1186 4260 si
1201 4197 1286 4259 hanc

144 4279 308 4345 salubrem
329 4281 585 4348 admonitionem
603 4286 733 4370 penitus
749 4285 928 4371 spreverit,
957 4284 1120 4347 communi
1142 4283 1286 4346 omnium
