2952 4988
251 280 270 372 .’
311 315 346 370 s.
369 311 458 372 cna.
564 301 958 374 meuurnsucoauta
1064 314 1128 377 aas.
1215 299 1290 374 207
1381 357 1384 362 .

583 413 634 516 οὲ
667 456 852 518 tantuna.

133 637 137 644 ,
226 565 314 630 XIX.
355 567 405 628 De
421 563 605 627 heribanno
621 573 651 638 s)
663 563 814 626 volumus
830 570 867 622 ut
890 559 979 623 MIssi
1000 562 1100 624 nostri
1118 563 1188 626 hnc¹
1202 583 1290 628 anno

140 650 286 714 fideliter
302 657 452 713 exactare
476 647 616 710 debeant
637 647 758 730 absque
777 645 1051 728 ulliuspersonae
1069 648 1181 730 gratia,
1199 647 1292 711 blau·

143 733 236 812 ditia,
252 755 310 795 seu
325 742 462 810 terrore,
484 731 665 794 secundum
680 729 857 796 iussionem
881 738 1040 803 nostram3
1064 729 1098 790 id
1114 741 1227 814 esunt
1249 731 1290 795 de

139 815 275 878 homine
295 815 446 877 habente
466 813 565 876 libras
588 834 646 875 sex
674 813 709 872 in
734 833 825 889 auro,
850 821 996 894 argento,
1029 804 1177 894 bruneis,
1198 835 1292 896 aera-

141 908 266 977 mento,
289 897 406 988 pannis
426 897 574 980 integris,
597 894 741 982 caballis,
759 895 873 972 bobus,
891 894 1008 972 vaccis,
1035 893 1087 958 vel
1108 895 1173 958 alio
1192 919 1292 981 pecu,-

140 983 200 1060 lio,
222 991 255 1043 et
281 1003 401 1043 uxores
426 980 481 1042 vel
496 981 637 1041 infantes
655 1000 721 1039 non
741 979 821 1038 liant
835 977 1003 1062 despoliati
1022 999 1082 1062 pro
1101 978 1163 1044 hac
1183 1001 1231 1060 re,
1248 979 1289 1044 (le

140 1086 257 1126 eorum
275 1061 476 1127 vestimentis
492 1063 655 1146 accipiant
670 1061 852 1144 legitimum
870 1059 1099 1140 heribannum,
1116 1063 1151 1124 id
1169 1068 1228 1140 est,
1244 1061 1290 1124 li·
1338 1117 1342 1128 .

138 1145 215 1208 bras
233 1156 307 1208 tres.
350 1145 416 1225 Qui
439 1167 518 1208 vero
548 1167 615 1207 non
645 1143 798 1206 habuerit
836 1141 975 1226 amplius
1004 1143 1039 1204 in
1072 1145 1290 1230 suprascripto

138 1229 247 1314 pretio
266 1229 396 1292 valente
418 1227 480 1290 nisi
500 1229 599 1290 libras
617 1237 694 1305 tres,
717 1227 814 1290 solidi
833 1227 967 1309 triginta
986 1226 1025 1288 ab
1049 1247 1088 1290 eo
1107 1228 1291 1312 epigautur.

121 1313 210 1392 ,Qui
228 1321 419 1373 autemnon
439 1310 592 1374 habuerit
613 1311 752 1396 amplius
775 1309 839 1372 nisi
862 1309 941 1372 duas
963 1309 1199 1388 lib1·as„solidi
1230 1311 1290 1376 de·
1401 1314 1403 1318 ’

141 1418 225 1456 cem.
268 1395 302 1458 Si
323 1415 400 1457 vero
427 1393 544 1456 libram
569 1416 668 1455 unam
691 1393 853 1478 habuerit,
877 1391 975 1455 solidi
1000 1393 1162 1476 quinque,
1184 1393 1230 1456 ita
1252 1401 1290 1470 ut

141 1478 262 1539 iterum
281 1499 315 1539 se
339 1477 447 1539 valeat
466 1499 658 1560 praeparare
680 1477 721 1539 ad
742 1476 805 1538 Dei
829 1475 998 1558 servitium
1025 1485 1058 1538 et
1087 1477 1128 1538 ad
1149 1487 1291 1542 nostram
1361 1543 1364 1550 ,

140 1561 327 1622 utilitatem.
368 1561 412 1621 Et
428 1561 518 1622 Missi
537 1560 639 1622 nostri
654 1569 789 1623 caveant
806 1569 839 1620 et
858 1557 1034 1641 diligenter
1063 1558 1232 1641 inquirant
1246 1580 1290 1622 ne

92 1716 95 1722 ,
140 1665 203 1728 per
218 1643 351 1726 aliquod
366 1643 487 1704 malum
501 1643 671 1726 ingenium
694 1641 884 1706 subtrahant
908 1652 1049 1704 nostram
1061 1641 1226 1723 iustitiam,
1245 1644 1291 1705 al·
1400 1703 1403 1713 ,

134 1727 206 1788 teri
222 1726 381 1792 tradendo
396 1735 454 1786 aut
470 1727 738 1789 commendando.

559 1837 616 1897 De
643 1855 738 1894 censu
755 1835 864 1915 regali.

222 1941 296 2004 XX.
338 1945 471 2005 Census·
487 1943 605 2027 regalis
626 1944 848 2026 undecunque
866 1943 1010 2026 legitime
1034 1940 1173 2018 exiebat,
1191 1940 1290 2004 rolu-

142 2048 214 2086 mus
233 2027 366 2088 atinde
391 2026 547 2106 solvatur,
569 2027 638 2090 sive
660 2027 700 2088 de
721 2027 853 2110 propria
876 2048 1016 2110 persona
1044 2023 1198 2102 hominis,
1221 2023 1289 2086 sire

145 2110 186 2170 dc
212 2109 319 2170 rebus.
977 2140 981 2148 ·

592 2196 648 2256 De
671 2194 857 2254 latronibus.

227 2299 315 2360 XXI.
355 2301 405 2362 De
427 2299 617 2382 latronibus,
634 2300 718 2362 sicut
740 2298 804 2370 iarn
830 2299 924 2360 antea
946 2297 981 2360 in
1013 2297 1078 2366 alio
1108 2295 1289 2384 Capitulari

140 2383 454 2462 commendavimus,
479 2383 523 2444 ita
543 2393 681 2445 maneat.

270 2493 324 2554 De
337 2493 447 2554 liberis
463 2492 641 2554 bominibus
656 2511 774 2553 uxores
778 2488 950 2574 fiscalinas
973 2485 1171 2552 habentibus.

227 2599 330 2661 XXII.
372 2600 422 2660 De
446 2597 559 2660 liberis
574 2597 762 2658 hominibus
781 2594 838 2676 qui
857 2615 974 2656 risores
991 2593 1151 2668 fiscalinas
1172 2596 1289 2680 regias,
1342 2658 1344 2661 ,

94 2689 112 2713 ·“
142 2692 178 2746 et
198 2682 329 2744 feminis
344 2680 456 2744 liberis
499 2702 559 2741 uae
581 2679 730 2742 homines
742 2678 893 2741 similiter
907 2677 1070 2740 fiscalinos
1086 2678 1194 2762 reglos
1208 2681 1319 2743 acci-r
1375 2720 1377 2724 ·

141 2767 250 2850 piunt,
274 2775 311 2826 ut
336 2786 403 2826 nou
430 2703 675 2828 deqhereditate
689 2771 861 2846 parentum
876 2761 928 2824 vel
947 2760 987 2822 de
1008 2783 1103 2824 causa
1117 2783 1175 2826 sua
1190 2783 1290 2844 qnae·
1426 2759 1430 2765 ’

142 2849 257 2926 renda,
281 2871 343 2909 nec
364 2847 405 2908 de
429 2845 616 2910 testimonio
632 2868 691 2928 pro
710 2845 821 2906 haere
839 2843 1037 2916 abiciantur;
1061 2845 1119 2906 sed
1137 2843 1212 2906 talis
1230 2845 1291 2906 eti·

142 2955 195 2993 am
211 2931 302 2993 nobis
319 2931 353 2990 in
373 2929 435 2992 hac
449 2951 543 2990 cansa
561 2927 669 2989 honor
685 2937 844 3005 servetur,
863 2929 969 3010 qualis
983 2937 1015 2988 ct
1031 2929 1290 2990 antecessoribus
1397 2973 1400 2978 -

143 3015 262 3078 nostris
275 3013 417 3097 Regibus
438 3013 492 3074 vel
512 3011 763 3095 Imperatoribus
781 3021 926 3074 servatus
941 3032 1009 3074 esse
1028 3011 1235 3096 cognoscitur
1253 3019 1289 3086 t).
1318 3051 1321 3056 ·

332 3120 375 3182 Ut
400 3119 541 3182 decimae
571 3118 764 3180 diuiduntur
775 3120 808 3178 in
825 3132 963 3201 quatuor
982 3133 1101 3204 partes.

224 3225 348 3291 XXIII.
392 3229 435 3287 Ut
455 3223 599 3287 decimae
615 3225 729 3308 populi
749 3224 938 3286 dividantur
954 3227 987 3286 in
1005 3236 1146 3309 quatuor
1161 3236 1287 3310 partes;

142 3311 249 3389 idest,
268 3333 333 3371 una
347 3308 602 3392 parsEpiscopo,
623 3307 839 3384 aliaClericis,
858 3309 952 3368 tertia
964 3307 1172 3392 pauperibus,
1188 3331 1289 3392 quar-
1356 3339 1357 3342 ¹

140 3405 174 3455 tu
191 3393 421 3455 Ecclesiaein
447 3391 578 3454 fabricis
607 3390 799 3475 applicetur,
827 3390 912 3452 sicut
940 3391 976 3456 iu
1001 3394 1134 3456 decreto
1165 3391 1290 3456 Gelasii

140 3478 248 3559 Papae
269 3476 467 3568 continetur.

142 3585 198 3644 De
212 3583 343 3642 tuitione
359 3580 544 3655 uiduarum,
560 3579 770 3666 pupillorum,
787 3582 1055 3664 orphanorum&
1074 3579 1288 3665 infirmarum.

226 3687 344 3748 XXIV.
387 3689 429 3748 Ut
448 3688 568 3765 viduis,
588 3697 620 3750 et
633 3685 782 3770 pupillis,
800 3687 963 3769 orphanis,
981 3687 1095 3765 caecis,
1113 3697 1145 3748 et
1163 3687 1289 3750 claudis

142 3767 317 3828 tuitionem
329 3768 440 3865 adque
456 3771 690 3832 adminiculum
708 3770 927 3866 impertiamus
939 3771 1028 3866 iuxta
1041 3769 1290 3867 possibilitatem

143 3861 286 3912 nostram
300 3852 353 3911 rel
377 3873 473 3933 vires,
487 3855 573 3918 sicut
589 3856 624 3915 in
644 3855 961 3938 pr‘aeceptoDouunr
970 3856 1066 3940 Regis
1089 3863 1288 3916 continetur.

149 4019 390 4036 m

176 4149 205 4208 s)
224 4141 258 4192 al.
279 4159 325 4193 ms.
345 4139 513 4194 haribanno.
588 4113 594 4122 ὁ
812 4141 981 4209 sangallensi
1000 4151 1030 4196 et
1049 4141 1235 4195 Cotblonensi.
1250 4143 1289 4192 ln

177 4213 290 4280 tjtleic
308 4211 409 4266 desiuit
435 4212 592 4283 Capitulare
616 4211 692 4266 istud
811 4215 934 4266 editione
960 4216 1087 4266 baturico
1112 4213 1168 4266 liti
1183 4215 1289 4264 'brant-

213 4283 243 4338 iu
262 4283 384 4359 antiquis
408 4282 611 4357 exemplaribus
630 4299 691 4337 mss.
810 4283 904 4340 bachii
915 4283 1055 4344 adduntur
1068 4285 1120 4340 tria
1136 4283 1287 4356 mqatontta.
