2928 4986
197 307 270 382 314
405 330 440 388 s.
459 327 548 388 can.
654 323 910 384 carantana
1015 324 1077 381 ssa.

201 469 243 534 Ut
255 481 327 554 ,tana
342 471 377 530 in
394 472 547 553 coquina,
570 471 726 556 putusque
747 482 777 531 et
798 472 831 531 in
844 471 964 532 cunctis
978 471 1162 530 monasterii
1174 461 1337 552 officinis,

286 553 439 614 Monaclsi
455 566 643 637 operentur,
665 568 696 616 et
714 565 749 615 ut
764 555 827 639 ipsi
845 554 1032 614 vestimentu
1052 573 1108 612 sua
1124 553 1241 611 lavent.

278 657 338 723 IV.
380 661 424 720 Ut
451 660 485 720 in
506 659 671 744 coquina,
697 661 731 720 in
755 660 912 744 pistrino,
939 667 972 720 et
988 658 1022 718 in
1043 657 1198 736 (caeteris
1216 659 1340 722 artium
1454 737 1455 746 ἵ

196 743 332 805 officinis
353 747 387 820 s)
416 743 556 826 propriis
585 753 761 826 operentur
784 743 955 821 munibus,
985 745 1037 819 (et
1060 743 1253 805 vestimenta
1278 746 1339 814 sua
1454 749 1455 760 ¹

196 836 380 910 opportuno
400 835 545 910 tempore
562 827 675 890 lavent
701 832 743 906 t).
1449 761 1455 908 l

194 957 245 1018 De
261 957 448 1032 Monachis,
471 971 506 1020 ut
513 971 588 1044 post
603 960 820 1024 matutinalem
835 959 1071 1044 expletionem,
1093 963 1158 1022 nisi
1171 959 1244 1022 ante
1257 982 1341 1023 con-

236 1043 379 1103 stitutam
399 1044 601 1104 surrexerint
628 1044 764 1114 boram,
796 1040 901 1102 dennis
931 1042 977 1102 ad
1002 1044 1100 1105 lectos
1127 1064 1200 1104 suos
1230 1067 1296 1107 non

429 1137 634 1210 praesumant
655 1121 751 1186 causi
772 1124 955 1186 dormiendi
975 1125 1092 1188 redire.

276 1233 319 1296 V.
361 1232 404 1292 Ut
425 1230 517 1292 nullo
538 1253 691 1314 umquam
711 1241 857 1314 tempore
875 1239 949 1316 post
968 1231 1118 1314 vigilias,
1145 1246 1240 1294 eausa
1260 1234 1344 1296 dor-

194 1313 343 1392 miendi,
367 1313 429 1376 nisi
456 1315 630 1398 contigerit
655 1337 710 1380 eos
733 1325 808 1378 ante
826 1315 940 1376 horam
959 1316 1166 1378 constitutam
1182 1337 1343 1400 surgere,

194 1399 236 1460 ad
256 1399 357 1460 lectos
370 1397 508 1460 redeant
528 1419 612 1460 suos.

198 1526 242 1593 Ut
258 1529 430 1601 Monacln‘,
452 1529 516 1590 nisi
536 1530 571 1590 in
592 1529 723 1592 sabbato
745 1541 855 1592 sancto
873 1527 1038 1602 Paschae,
1057 1553 1118 1616 per
1136 1545 1235 1594 totam
1250 1535 1342 1617 Qua-

235 1611 448 1692 dragcsimum
483 1633 547 1673 non
580 1609 745 1673 radantur.
787 1611 862 1674 Alio
905 1624 1046 1695 tempore
1078 1628 1152 1696 post
1175 1613 1299 1700 finitos

235 1691 417 1778 quindecim
437 1692 506 1756 dies
528 1691 618 1755 licito
639 1693 818 1766 radantur,
851 1709 915 1755 tam
942 1697 978 1754 in
1010 1697 1170 1769 sabbatis,
1202 1699 1302 1781 quam

571 1789 603 1836 et
622 1778 657 1837 in
672 1779 795 1838 octavis
817 1777 970 1838 Paschae.

276 1883 336 1948 VI.
378 1885 422 1944 Ut
443 1882 477 1942 in
498 1881 772 1972 Quadragesima,
796 1882 859 1943 nisi
884 1881 918 1943 in
946 1882 1084 1944 Sabbata
1110 1896 1242 1963 sancto,
1274 1908 1344 1947 non

193 1967 357 2030 radantur.
399 1965 474 2028 Atio
488 1974 596 2026 autem
610 1963 774 2047 tempore,
796 1965 896 2030 semel
916 1986 976 2050 per
992 1967 1183 2049 quindecim
1200 1969 1271 2032 dies
1291 1992 1344 2030 ra·

195 2051 339 2130 dantur,
360 2059 394 2114 et
410 2049 466 2126 (in
484 2047 605 2112 octavis
619 2048 771 2114 Paschae.
792 2054 836 2126 u)

592 2181 642 2242 De
663 2181 845 2245 balnearum
871 2204 938 2244 usu.

276 2289 354 2356 VII.
397 2293 441 2352 Ut
456 2291 647 2354 balnearum
666 2311 742 2351 usus
760 2289 795 2348 in
814 2275 947 2352 arbitrio
962 2289 1085 2354 Prioris
1109 2292 1273 2354 consistat.

234 2427 284 2488 De
306 2445 370 2487 non
392 2421 526 2484 edendis
545 2422 764 2485 volatilibusla
781 2423 948 2484 Monachis
966 2425 1050 2484 intus
1059 2422 1208 2506 forisve,
1232 2428 1300 2486 nisi

599 2502 799 2590 infirmitatis
820 2503 927 2566 causti.

275 2611 373 2676 VIII.
415 2614 459 2672 Ut
486 2609 632 2672 volatilia
659 2611 747 2672 intus
770 2609 913 2690 forisve,
946 2611 1009 2673 nisi
1032 2632 1093 2694 pro
1122 2611 1341 2695 infirmitate,

197 2697 291 2760 nullo
307 2704 453 2780 tempore
470 2694 650 2757 comedant.

268 2829 318 2891 Ne
339 2827 493 2913 Episcopi
512 2826 679 2887 Monacltis
700 2825 846 2886 volatilia
868 2826 1032 2889 comedere
1050 2831 1260 2914 praecipiant.

274 2933 336 3036 IX,
358 2936 423 3078 tUt
438 2933 550 2994 nullus
565 2932 803 3016 Episcoporum
819 2934 987 2998 Monachis
1007 2935 1150 2998 volatilia
1163 2939 1339 3006 comedere

193 3041 380 3108 praempra.

233 3151 283 3212 Ne
304 3151 324 3210 la
344 3149 512 3213 Monachis
522 3169 620 3236 poma
639 3161 670 3209 et
684 3148 845 3226 lactucae,
867 3150 932 3209 nisi
952 3147 1079 3233 quando
1102 3148 1184 3210 alins
1204 3149 1293 3212 cibus

552 3233 707 3304 sumitur,
730 3228 968 3293 manducentur.

273 3345 315 3405 X.
357 3347 402 3406 Ut
412 3362 507 3427 poma
519 3349 552 3403 et
571 3341 733 3421 lactucae,
748 3341 810 3404 nisi
823 3340 955 3424 qnando
975 3341 1059 3405 alins
1072 3343 1211 3404 sumitur
1228 3340 1338 3422 cibus,
1452 3415 1453 3424 χ

191 3447 258 3489 non
277 3425 498 3490 comedantur.

190 3559 247 3622 De
268 3569 355 3618 certo
379 3567 518 3639 tempore
537 3551 801 3640 phlebotomandi
820 3552 1031 3615 obseruando.
1060 3555 1103 3615 Et
1118 3571 1152 3616 ut
1165 3557 1336 3618 Monachis

247 3651 321 3702 tunc
343 3640 389 3701 ibi
409 3639 497 3700 cibus
514 3649 670 3722 potusque
691 3637 791 3716 magis
812 3637 846 3696 in
862 3637 1111 3721 supplementum
1124 3639 1291 3720 largiatur.

270 3747 327 3808 xt.
370 3747 413 3806 Ut
429 3752 554 3806 certum
568 3741 814 3886 (phlebotomiae
836 3751 879 3814 a)
899 3751 1025 3826 tempus
1049 3765 1115 3806 non
1135 3745 1331 3818 observent;

190 3830 247 3892 sed
265 3829 446 3910 unicuique
465 3847 564 3888 secun
590 3847 646 3884 um
659 3825 748 3908 quod
762 3824 934 3886 necessitas
954 3829 1156 3908 expostulat,
1173 3829 1337 3888 conceda-

190 3923 265 3992 tnr,
282 3922 315 3974 et
333 3908 482 3996 specialis
496 3909 530 3969 in
547 3908 619 3969 cibo
634 3917 667 3969 et
688 3907 722 3966 in
741 3918 822 3992 potu
837 3917 913 3970 tnnc
931 3910 1109 3970 consolatio
1125 3909 1335 3995 praebeatur.

202 4091 440 4112 Μ

223 4204 256 4261 s)
274 4197 308 4249 sl.
327 4211 387 4248 mss.
407 4193 525 4247 caeteris
540 4191 671 4264 officinis.
819 4197 858 4254 u)
875 4190 983 4244 Desunt
1001 4193 1029 4244 in
1048 4193 1081 4244 al.
1100 4211 1146 4246 ms.

226 4307 234 4342 ι
235 4299 255 4356 )
274 4293 381 4342 Desunt
396 4271 425 4341 in
443 4287 477 4341 al.
494 4303 541 4340 rns.
817 4291 858 4351 u)
877 4286 909 4337 al.
927 4305 971 4340 ms.
982 4287 1133 4357 fleotomic·
1208 4309 1211 4313 ·
