2928 4986
287 303 322 359 a
344 301 432 359 cna.
539 295 928 358 arounrnancoauu
1034 301 1097 362 su.
1187 283 1261 374 329

116 466 195 509 rnm
212 445 273 507 sub
292 439 504 506 iureiurando
520 449 553 502 et
567 439 871 524 subscriptionibus,
887 449 1017 522 pactum
1031 439 1118 504 istud
1133 452 1260 506 nostrae

117 527 374 590 confirmationis
388 524 625 600 roboravimus,
649 532 682 584 et
707 544 767 605 per
781 522 924 604 legatum
948 533 1076 586 sanctae
1097 526 1259 586 Romanae

115 603 286 674 Ecclesiae
314 607 524 670 Theodorum
545 605 827 696 Nomenclatorem
855 609 983 668 Domno
1025 606 1175 670 Paschali
1197 610 1261 670 Pe-

116 715 181 776 pae
203 691 389 755 direximus.
1127 771 1135 786 ·
1178 771 1186 786 ·

198 775 271 858 Ego
293 777 487 849 Lroovreus,
502 769 723 832 misericordie
740 770 803 832 Dei
822 771 999 854 Imperator
1012 771 1197 854 subscripsi.

202 857 246 918 Et
266 854 527 937 subscripserunt
548 861 616 916 tres
639 852 701 912 filii
725 853 807 932 eius,
828 863 863 930 et
891 853 1043 937 Episcopi
1079 855 1203 931 decem,
1227 863 1262 916 et
1286 877 1295 888 ¹

114 936 258 1000 Abbates
280 947 365 1015 octo,
393 945 426 996 et
444 936 584 998 Comites
606 934 806 1017 quindecim,
822 946 855 997 et
870 934 1141 1000 Bibliothecarins
1162 959 1259 1016 unus,

120 1029 156 1082 et
179 1019 416 1083 Mansionarius
435 1039 532 1098 unus,
549 1028 582 1081 et
601 1016 760 1080 Ostiarius
780 1041 874 1081 unus.

243 1141 514 1247 carminare
555 1183 725 1244 cainan
749 1183 867 1246 aum
908 1185 1129 1265 ncccxtx,

116 1304 204 1376 Sive
227 1303 398 1394 Capitale
422 1303 557 1374 Addita
582 1290 793 1395 ed‘Legem
829 1303 983 1376 Salicem
1016 1307 1055 1376 in
1093 1305 1257 1398 generali

112 1402 242 1498 populi
267 1404 463 1480 contentu
487 1401 611 1471 habito
637 1403 735 1494 apud
759 1403 1042 1496 Aquisgranum‚
1069 1417 1151 1497 post
1173 1405 1259 1475 Na·

115 1583 118 1592 ¹
181 1501 254 1570 tale
280 1501 447 1592 Domini,
475 1525 571 1571 anno
586 1500 901 1670 petisiiplzonssmperii
929 1505 1110 1576 Ludovici
1135 1505 1198 1574 Pii

112 1721 227 1792 Haec
257 1723 434 1816 Capitale
448 1723 623 1792 Domnus
639 1723 902 1795 Hludouricus
911 1728 1137 1824 Imperator,
1153 1756 1255 1802 anno

114 1819 268 1915 imperii
286 1823 346 1892 sui
362 1825 488 1916 quinto
503 1847 587 1892 cum
603 1824 776 1894 universo
793 1829 1043 1920 coetupapuli
1063 1830 1103 1900 in
1118 1829 1257 1922 Aquis-

108 1922 229 2010 gruni
248 1923 397 2014 palatio
418 1924 691 2016 promulgavit,
709 1935 819 2014 atque
831 1925 930 2016 Legi
941 1928 1092 2000 Saliene
1116 1931 1257 2002 addere

109 2019 318 2114 praecepit.
343 2023 501 2114 Ipseque
518 2035 665 2115 postea,
687 2045 771 2090 cum
786 2025 825 2092 in
850 2025 1061 2096 Theodonis
1081 2031 1173 2100 villa
1190 2055 1257 2122 ge-

114 2121 281 2188 neralem
307 2134 527 2192 conventum
551 2119 754 2203 habuisset,
783 2124 939 2194 ulterius
977 2127 1155 2220 Capitale
1179 2153 1257 2224 ap-

109 2219 294 2312 pellanda
319 2245 398 2290 esse
420 2217 627 2314 prohibuit,
654 2220 725 2388 sec}
745 2234 786 2290 ut
811 2221 895 2294 Lex
919 2229 1063 2296 tantum
1089 2229 1275 2310 dicerenr

572 2333 636 2390 tur
660 2343 706 2390 vo
722 2321 788 2390 uit.

296 2439 535 2519 ‚lunen
579 2442 1012 2508 Caprrvaoaun.

138 2553 163 2592 ¹⁸
240 2578 403 2637 elionore
432 2580 657 2643 Ecclesiarum.
713 2600 758 2639 11.
781 2581 830 2642 De
864 2585 999 2668 proprio
1042 2588 1077 2646 in
1118 2587 1254 2648 bannum

132 2673 161 2714 2.
183 2657 233 2718 De
248 2660 375 2720 iniuriis
391 2661 602 2726 Sacerdotem
623 2667 657 2725 in
791 2687 896 2728 misso.
1110 2739 1115 2756 ι

101 2735 107 2742 ’
192 2739 344 2801 Ecclesiis
361 2741 473 2822 sactis.
710 2766 757 2806 12.
782 2747 828 2806 De
848 2753 1000 2812 mannire.

130 2819 159 2881 5.
181 2821 230 2881 De
255 2823 364 2884 viduis
390 2840 422 2886 et
446 2828 594 2911 pupillis,
626 2846 658 2891 et
712 2829 758 2888 13.
781 2829 830 2889 Dc
841 2831 947 2910 faidis
965 2831 1159 2896 coercendis.

212 2907 393 2990 auperibus.
708 2912 754 2986 14.
782 2911 846 2974 Uti
884 2929 1082 2976 sacramenta
1114 2914 1253 2976 iuranda

128 2983 159 3060 4.
181 2927 230 3046 Be
248 3002 342 3072 raptu
360 2990 543 3054 viduarum.
788 2997 860 3057 sint.

129 3066 157 3128 5.
180 3069 230 3129 De
262 3073 386 3134 homine
404 3076 565 3158 publicam
581 3097 656 3160 poe·
709 3074 754 3140 15.
776 3077 825 3138 Dc
840 3082 956 3163 hisqui
974 3080 1014 3142 de
1032 3080 1127 3161 surto
1154 3101 1250 3141 acccc-

188 3155 353 3224 nitentiam
403 3169 512 3237 agente
552 3161 673 3220 inter·¹
788 3161 1007 3240 satifuerint.·

183 3234 285 3314 fem·
483 3295 487 3304 .
709 3241 754 3302 16.
775 3243 824 3302 De
841 3245 985 3330 dispectu
999 3248 1177 3308 litterarum
1194 3245 1250 3311 do·
1354 3231 1365 3326 Ι·

127 3313 155 3378 6.
181 3317 224 3379 Ut
240 3321 341 3380 omnis
360 3322 452 3382 Itoma
483 3324 566 3386 liber
590 3344 653 3408 po·
784 3329 981 3389 nztnz'caram.

187 3413 329 3461 testatem
349 3404 462 3465 habeat
478 3406 653 3488 ubicunque
707 3428 752 3488 ¹7·
775 3407 824 3468 De
844 3413 969 3470 iniustis
987 3412 1118 3473 teloneis
1133 3426 1165 3473 et
1178 3433 1251 3473 con·

186 3484 326 3543 uoluerit
339 3507 389 3544 res
407 3509 479 3547 suas
498 3487 577 3548 dare
590 3510 652 3573 pro
786 3493 1014 3554 suetudinibus.

189 3565 290 3624 salute
309 3569 432 3628 aniame
448 3585 531 3632 suae.
707 3571 752 3634 18.
775 3573 883 3634 Deliis
900 3577 955 3658 qtci
978 3577 1076 3638 bonos
1099 3577 1249 3640 denarios

129 3665 155 3719 7.
178 3645 226 3704 De
244 3648 423 3708 homicidiis
433 3653 653 3734 prohibendis.
785 3660 927 3742 accipere
949 3660 1068 3720 nolunt.

128 3725 157 3787 8.
181 3727 268 3810 Quid
282 3731 317 3786 in
336 3751 403 3789 cam
427 3736 653 3796 ositionewir·
705 3737 823 3818 19.De
861 3740 1130 3804 adulteratoribus
1178 3766 1249 3808 me-

184 3809 269 3886 gildi
298 3809 372 3870 dan·
389 3753 510 3876 ciiheat.
783 3834 883 3882 netae.
994 3832 996 3837 '

127 3910 156 3972 9.
178 3891 226 3950 De
244 3905 338 3976 raptu
361 3894 533 3958 alienarum
557 3920 650 3983 span·
701 3920 752 3962 20.
788 3903 832 3963 De
854 3907 988 3988 proprio
1003 3904 1162 3972 dominico
1181 3912 1249 3972 sine

187 3994 303 4032 sarum.
783 3987 921 4047 iussione
944 3988 1031 4048 iltius
1054 3990 1193 4054 reddito.

113 4075 155 4118 10.
177 4055 226 4115 De
241 4056 341 4137 falsis
369 4061 497 4122 testibus
514 4065 648 4125 convin·
698 4089 748 4128 αι.
770 4067 820 4127 De
832 4072 953 4153 pueris,
973 4072 1084 4130 invitis
1103 4077 1247 4156 parenti-

187 4138 306 4200 ccndis.
780 4152 851 4222 bus,
881 4151 1035 4226 detonsis,
1075 4169 1106 4216 ct
1130 4159 1247 4242 puellis

784 4234 910 4297 velatis
