2958 4986
284 287 427 364 licas.
507 301 670 378 ,ascum
688 298 927 372 raancoaou
1032 296 1094 358 aaa
1207 280 1278 357 175

135 451 183 516 eis
206 446 386 532 agentibus,
404 442 589 528 saepissime
603 451 737 525 propter
758 441 875 504 multas
892 451 925 504 et
941 440 1056 504 nimias
1075 440 1281 504 reclamatio-

135 555 207 611 nes,
225 551 309 614 quae
326 551 366 592 ex
381 528 444 590 hoc
463 527 504 588 ad
517 548 575 588 nos
592 546 633 586 ex
652 526 787 588 diversis
804 525 951 608 partibus
972 533 1148 603 venerunt,
1176 526 1283 588 venti-

135 619 240 680 latum
261 622 318 676 est.
340 611 406 673 Sed
426 609 569 692 qualiter
581 609 733 672 consultu
749 609 870 672 Domni
888 617 920 670 et
930 609 1035 670 Patris
1050 609 1152 670 nostri
1163 609 1282 672 Leonis

136 694 327 783 Apostolici,
350 702 618 774 caeterorumque
634 693 797 752 Romanae
815 691 981 752 Ecclesiae
997 691 1232 774 Episcoporum
1250 699 1284 753 et

137 781 345 863 reliquorum
352 775 575 852 sacerdotum,
585 773 652 836 sive
665 774 883 835 Orientalium
893 783 924 835 et
934 776 1133 835 Graecorum
1140 774 1284 835 Patriar-

27 939 30 944 Ι
138 866 284 941 charum,
301 869 334 922 et
347 859 525 920 maltorum
544 856 982 952 sanct01·umEpiscopopum
1010 867 1042 918 et
1060 857 1283 935 sacerdotum,

139 966 269 1009 necnon
307 951 339 1004 et
362 950 547 1002 nostrorum
568 939 805 1023 Episcoporum
833 961 989 1018 omnium,
1017 947 1285 1024 caeterorumque

140 1027 354 1094 sacerdotum
367 1047 406 1102 ac
422 1022 610 1086 Leuitarurn
625 1023 814 1084 auctoritate
837 1031 869 1084 et
888 1043 1060 1100 consensu,
1087 1031 1184 1106 atque
1203 1023 1285 1093 reli·

140 1133 282 1197 quorum
303 1107 449 1170 fidelium
463 1115 496 1166 et
512 1115 706 1167 cunctorum
721 1105 990 1168 Consiliariorum
1008 1115 1192 1167 nostrorum
1209 1128 1286 1168 con-

141 1197 231 1258 sultu
250 1191 498 1266 delinitumest,
513 1187 605 1251 vobis
622 1189 770 1250 omnibus
787 1187 957 1272 utriusque
978 1187 1102 1250 ordinis
1128 1188 1286 1252 Ministris

141 1279 225 1341 scire
251 1276 412 1336 volumus.
454 1273 619 1333 Statutum
648 1280 697 1334 est
720 1293 860 1354 namque
886 1271 1011 1334 ratione
1035 1280 1068 1332 et
1095 1272 1287 1334 necessitate

112 1375 115 1380 '
142 1384 180 1422 ac
196 1358 384 1420 auctoritate
403 1354 569 1439 praedictat
589 1354 741 1415 consultu
770 1354 927 1433 omnium,
948 1363 984 1416 ut
1000 1355 1288 1438 quotienscunque
1377 1363 1383 1371 “

143 1444 297 1524 cuiquam
313 1437 479 1514 Sacerdoti
509 1437 634 1500 crimen
659 1436 850 1520 imponitur,
871 1438 898 1499 si
919 1437 995 1521 ipsis
1023 1447 1188 1500 accusator
1214 1437 1288 1499 talis

142 1525 244 1588 fuerit
270 1532 306 1584 ut
324 1521 427 1604 accipi
443 1521 569 1599 debeat,
591 1519 669 1601 quia
688 1519 800 1602 quales
815 1521 855 1582 ad
876 1520 1114 1583 accusationem
1128 1521 1289 1584 Sacerdo-

144 1621 215 1672 tum
236 1605 364 1668 admitti
391 1603 541 1682 debeant,
567 1602 601 1663 in
635 1603 823 1664 Canonibus
852 1603 995 1688 pleniter
1019 1625 1207 1687 expressum
1230 1613 1289 1666 est.

146 1692 182 1755 si
199 1699 316 1767 autem,
337 1696 373 1748 ut
389 1687 513 1748 dictum
532 1695 590 1764 est,
608 1685 665 1746 ille
682 1697 858 1764 accusator,
877 1689 935 1769 qui
960 1688 1118 1748 canonice
1138 1697 1186 1750 est
1201 1687 1309 1749 reci?

143 1774 297 1860 piendus,
314 1791 390 1831 eum
405 1778 479 1830 'cum
500 1769 646 1852 legitimo
661 1790 797 1830 numero
815 1791 968 1834 verorum
984 1779 1018 1830 et
1040 1769 1202 1832 bonorum
1222 1779 1290 1832 tes·

146 1858 230 1918 tium
246 1853 423 1935 adprobare
439 1853 473 1912 in
494 1859 670 1934 conspectu
693 1851 927 1936 Episcoporum
940 1851 1071 1937 poterit,
1092 1862 1172 1916 tunc
1190 1871 1291 1915 cano-

148 1941 222 2000 nice
248 1937 457 1998 diiudicetur.
498 1937 541 1996 Et
567 1935 594 1996 si
625 1934 798 2016 culpabilis
824 1935 978 2000 inventus
999 1935 1110 2014 fuerit,
1132 1935 1291 1999 canonice

149 2024 334 2096 damnetur.
378 2019 411 2079 si
429 2039 508 2080 vero
523 2039 598 2078 eum
615 2017 831 2101 suprascripto
847 2029 1014 2101 praetexto
1027 2019 1204 2102 adprobare
1222 2019 1292 2102 ipse

148 2111 316 2166 accusator
338 2100 471 2162 minime
489 2099 620 2184 poterit,
635 2109 668 2162 ct
685 2099 748 2162 hoc
763 2102 922 2164 canonice
938 2101 1121 2164 definiatur.
1144 2104 1217 2186 Ipse
1237 2123 1294 2164 er-

149 2209 190 2271 go
211 2185 377 2262 Sacerdos,
400 2184 427 2244 si
452 2183 649 2266 suspiciosus
674 2191 729 2243 aut
752 2183 941 2246 incredulus
967 2206 1026 2246 suo
1049 2185 1211 2269 Episcopo
1236 2191 1293 2245 aut

149 2267 288 2350 reliquis
310 2268 375 2328 suis
394 2265 698 2342 Consacerdotibus,
715 2265 783 2328 sive
807 2268 902 2330 honis
919 2278 950 2330 et
971 2267 1062 2328 iustis
1084 2267 1124 2328 de
1147 2289 1207 2330 sno
1230 2289 1293 2351 po·

150 2353 232 2435 pulo
260 2350 314 2410 vel
342 2350 381 2410 de
397 2371 454 2411 sua
468 2349 563 2433 plebe
582 2347 768 2410 hominibus
785 2351 895 2428 fuerit,
918 2372 959 2411 ne
976 2350 1010 2410 in
1029 2349 1165 2412 crimine
1186 2350 1293 2432 autin

149 2433 317 2519 praedicta
333 2431 517 2516 suspicione
539 2441 713 2509 remaneat,
751 2454 826 2493 cum
859 2433 961 2494 tribus
986 2444 1041 2494 aut
1068 2433 1216 2516 quinque
1239 2433 1294 2496 vel

149 2525 274 2600 'septem
291 2515 384 2576 bonis
407 2537 443 2576 ac
458 2515 574 2577 vicinis
594 2515 834 2594 Sacerdotibus,
853 2515 1182 2601 exemplolpraedicti
1207 2515 1295 2578 Leo-

82 2668 88 2676 ,
147 2601 204 2660 ¹nis
219 2601 336 2681 Papae,
356 2597 414 2680 qui
431 2596 605 2660 duodecim
616 2597 825 2681 Presbyteros
836 2599 870 2658 iu
887 2621 943 2660 sua
960 2598 1152 2682 purgatione
1168 2597 1294 2676 habuit,

150 2681 208 2744 vel
232 2702 271 2741 eo
291 2681 441 2764 amplius,
474 2681 501 2741 si
525 2701 585 2742 suo
619 2681 781 2764 Episcopo
807 2681 912 2743 vis'um
938 2683 1051 2762 fuerit,
1082 2691 1137 2742 aut
1162 2702 1295 2744 necesse

149 2771 286 2848 propter
301 2765 478 2824 tumultum
501 2763 616 2846 populi
631 2762 735 2824 inesse
757 2763 969 2847 perspexerit,
988 2775 1019 2826 et
1047 2787 1122 2828 cum
1145 2764 1216 2826 aliis
1234 2763 1296 2826 bc·

150 2847 204 2908 nis
220 2855 253 2906 et
266 2845 357 2907 iustis
380 2845 578 2924 homiuibus,
606 2866 639 2907 se
672 2855 871 2908 sacramento
907 2869 1016 2909 coram
1073 2847 1172 2930 opulo
1198 2868 1297 2932 super
1339 2885 1349 2909 i

150 2938 295 3012 quatuor
318 2929 488 3012 evangelia
508 2929 581 2990 dato
599 2939 779 3011 purgatum*
800 2930 967 2992 Ecclesiae
995 2873 1120 2993 reddat.
1163 2929 1197 2991 si
1221 2929 1297 3012 quis

151 3021 262 3072 autem
276 3011 358 3072 scire
378 3011 540 3072 desiderat
560 3011 672 3094 quales
699 3021 795 3073 testes
817 3013 857 3074 ad
886 3015 1123 3076 accusationem
1143 3013 1298 3074 Sacerdo-

152 3104 224 3154 tum
237 3094 340 3177 recipi
356 3093 506 3170 debeant,
526 3093 654 3176 etquid
679 3093 719 3156 de
740 3105 924 3157 accusatore
939 3095 1128 3160 faciendum
1145 3095 1199 3174 sit,
1222 3093 1295 3179 ple·

154 3177 243 3239 niter
263 3175 295 3238 in
318 3176 507 3240 Canonibus
525 3176 671 3258 reperire
684 3177 816 3260 poterit.

482 3339 986 3440 anluncaplrunnm

300 3520 301 3523 ,
404 3449 466 3519 De
505 3451 735 3543 Purgatione
773 3451 1046 3538 Sacerdotem,

157 3553 310 3671 Datum,
339 3593 381 3650 ut
412 3594 576 3676 apparet,
600 3595 684 3676 post
707 3595 851 3676 tempus
878 3585 1078 3675 superioris
1107 3584 1300 3676 capitula-

135 3678 146 3699 *
209 3682 273 3768 ris,
300 3683 430 3751 eddem
459 3695 582 3752 tamen
607 3705 720 3770 anno,
749 3697 783 3751 et
812 3695 893 3752 ante
920 3683 1107 3776 Synodum
1126 3685 1252 3756 Wor-

617 3784 844 3850 matiensem.

203 3905 249 3968 Ut
267 3907 453 3988 Presbyteri
474 3913 642 3974 criminosi
661 3910 707 4053 pld
727 3909 893 3987 Synodum
914 3911 1077 3975 venientes
1098 3909 1134 3972 in
1155 3907 1261 3978 medio

621 4014 658 4056 co
687 4005 826 4056 occatur.

161 4104 386 4246 presbyteros
403 4163 594 4229 criminosos
614 4165 771 4228 canonice
789 4165 830 4228 ad
859 4165 1028 4250 synodum
1054 4163 1225 4229 venientes
1252 4167 1304 4228 iu-

160 4245 285 4324 bemus,
309 4247 398 4310 iuxta
414 4249 543 4314 decreta
560 4251 666 4335 Papae
684 4249 881 4329 Innocentii,
898 4249 1041 4334 capitulo
1060 4261 1169 4330 xxuut,
1186 4247 1219 4310 in
1242 4271 1305 4312 me-
