2952 4988
286 293 430 352 acan.
534 290 673 352 uuouu
696 285 945 366 mancorum
1038 277 1101 340 aaa.
1210 255 1280 334 271

142 454 217 499 ram
237 443 270 498 et
285 442 488 505 caeterorum
502 431 683 510 hominum,
700 428 869 511 inquirant
883 437 917 490 et
940 423 1123 510 perficiant,
1136 429 1169 482 et
1183 419 1284 504 qnod·

144 539 275 602 cunque
309 517 350 578 ad
387 513 625 578 emendandum
650 509 858 594 invenerintj
875 509 1048 573 emendare
1075 503 1283 568 studeant'in

145 610 304 684 quantum
322 599 439 661 melius
457 597 635 682 potuerint.
676 595 718 656 Et
762 595 827 656 uod
842 616 901 678 per
923 615 956 654 se
971 589 1143 654 emendare
1165 585 1284 670 nequi·

145 685 265 763 verint,
288 683 322 744 in
337 681 554 766 praesentiam
568 689 710 742 nostram
725 617 844 739 adduci
867 677 996 757 faciant.
1048 751 1049 754 Ἴ

276 845 542 910 CAPITULARE
578 843 811 922 SECUNDUM
839 841 1012 904 INCERTI
1036 837 1150 901 ANNI.

143 958 315 1051 Capitula
350 980 371 1026 a
404 957 553 1028 Domno
587 955 730 1024 Karolo
769 957 996 1046 Imperatore
1029 962 1068 1020 et
1098 948 1176 1018 filio
1208 946 1286 1023 eius

196 1057 450 1147 Hludouvico,
478 1081 520 1126 ac
545 1057 819 1146 sapientrssrmas
838 1074 1002 1146 ipsorum
1020 1047 1234 1150 Episcopis,

628 1164 811 1246 excerpta.

196 1279 252 1342 Dc
273 1275 568 1338 commutationibus
587 1274 719 1416 utilcilbalcs
741 1270 978 1415 permanendis,
1006 1268 1233 1359 inutilibusque

670 1377 739 1416 een
765 1378 802 1417 za.

170 1483 198 1546 Ῑ·
221 1442 435 1582 Ubicunque
460 1485 740 1573 commutationesq
759 1505 823 1556 tam
840 1505 985 1578 tempore
1000 1502 1110 1556 nostro
1128 1511 1289 1574 quamque

151 1583 306 1668 genitoris
323 1579 438 1656 nostri,
456 1578 619 1662 legitimae
645 1589 680 1639 et
707 1577 918 1640 rationabiles
944 1585 1041 1660 atque
1073 1575 1176 1636 ¹utiles
1203 1575 1290 1634 inter

148 1663 310 1729 Ecclesias
330 1661 391 1722 Dei
407 1662 509 1722 factae
527 1670 612 1739 sunt,
634 1652 863 1742 permaneant(
896 1661 1089 1742 Ubicunque
1103 1655 1292 1719 veroinuti-

149 1751 198 1810 les
216 1758 248 1809 et
265 1745 487 1806 incommodae
507 1753 602 1826 atque
621 1743 865 1805 inrationabiles
886 1745 989 1806 factae
1007 1754 1094 1822 sunt,
1108 1741 1290 1803 dissolvan-

149 1841 215 1910 tur,
233 1839 265 1891 et
282 1827 419 1910 recipiat
437 1825 661 1907 unusquisque
685 1828 773 1909 quod
790 1826 887 1887 dedit.
910 1827 972 1888 Ubi
989 1849 1068 1888 vero
1084 1833 1290 1898 mortuoma-

151 1936 213 1974 nus
228 1910 409 1988 interiacet,
432 1918 488 1970 aut
517 1908 579 1968 alia
597 1909 763 1988 quaelibet
778 1931 871 1970 causa
895 1931 976 1992 quae
995 1906 1197 1970 rationabilis
1223 1925 1290 1966 non

150 2018 221 2058 esse
236 1995 397 2070 videatur,
415 1992 550 2052 inventa
570 1991 681 2070 fuerit,
705 1993 879 2076 diligenter
899 1993 1101 2054 describatur
1118 1989 1204 2052 etad
1221 2008 1292 2050 nos·

152 2089 234 2140 tram
253 2075 402 2138 notitiam
416 2075 607 2159 perferatur.

317 2251 318 2254 Ἴ
409 2183 458 2242 De
487 2181 552 2240 illis
582 2181 637 2265 qui
658 2201 708 2239 res
727 2177 888 2241 Ecclesiae
911 2193 1025 2242 tenent.

236 2289 279 2351 ΙΙ.
322 2289 357 2350 si
376 2287 450 2370 quis
468 2285 719 2348 ecclesiasticam
732 2309 801 2348 rem
815 2297 918 2360 tenet,
939 2297 971 2350 et
994 2287 1177 2350 admonitus
1203 2285 1293 2346 iudi·
1393 2303 1396 2308 ’

148 2375 242 2436 cium
259 2371 484 2446 declinaverit,
505 2390 677 2452 quousque
707 2369 746 2430 ad
775 2369 1008 2432 discussionem
1033 2371 1144 2432 veniat
1168 2377 1204 2430 ut
1223 2390 1293 2431 rem

154 2457 303 2519 restituat
319 2453 584 2530 ecclesiasticum,
605 2453 622 2512 a
645 2453 873 2515 communione
889 2454 1045 2538 privetur.

158 2562 255 2648 Quod
271 2583 325 2621 res
346 2559 560 2620 Ecclesiarum
581 2571 657 2620 cota
678 2561 740 2618 sint
752 2559 906 2642 fideliam
957 2563 1063 2646 pretia
1103 2573 1296 2637 occatorem,
1341 2551 1344 2560 ’

153 2659 187 2708 et
207 2643 402 2730 patrimonia
419 2662 614 2726 pauperum
647 2643 759 2723 quibus
793 2663 857 2701 non
885 2603 986 2704 solum
1019 2645 1071 2704 col
1084 2657 1137 2704 cto
1163 2665 1294 2706 conser-

437 2723 555 2800 vando,
577 2723 636 2782 sed
656 2726 750 2784 etium
772 2724 915 2803 azcgendo
935 2738 1015 2786 sunt.

242 2799 306 2870 ill.
349 2806 434 2885 Quia
451 2806 541 2866 iuxta
559 2817 744 2867 sanctorum
765 2809 896 2868 Patrum
917 2809 1125 2870 traditionem
1146 2808 1296 2871 novimus

157 2915 209 2954 res
224 2889 390 2952 Ecclesiae
408 2898 481 2952 vota
503 2909 570 2949 esse
592 2889 747 2966 fidelium,
774 2891 877 2971 pretia
897 2902 1116 2973 peccatorum,
1149 2901 1180 2951 et
1199 2891 1296 2974 patri·

159 2975 267 3036 monia
286 2993 477 3055 pauperum,
500 2970 554 3030 cui
583 2993 649 3032 non
675 2973 781 3033 solum
810 2971 917 3033 habita
946 2995 1149 3051 conservare,
1181 2994 1298 3036 verum

158 3059 255 3120 etiam
271 3055 373 3116 multa
384 3056 454 3115 Deo
472 3053 652 3135 opitulante
674 3055 823 3116 conferre
842 3066 998 3137 optamus,
1016 3067 1130 3118 tamen*
1143 3065 1179 3115 ut
1195 3056 1234 3116 ab
1248 3077 1299 3118 ec·

160 3137 347 3203 clesiasticis
363 3137 403 3198 de
422 3158 488 3197 non
510 3135 695 3198 dividendis
710 3137 806 3197 rebus
832 3133 921 3200 illius
946 3140 1111 3214 Ecclesiae
1139 3140 1297 3222 suspicio-

160 3245 236 3284 nem
257 3221 381 3282 dudum
403 3227 590 3300 conceptam
605 3220 734 3304 penitus
755 3241 986 3299 amoveremus,
1002 3213 1169 3284 statuimus
1186 3233 1222 3284 ut
1244 3241 1300 3282 ne·

161 3327 225 3388 que
249 3305 366 3366 nostris
385 3323 491 3384 neque
514 3301 666 3380 filiorum,
688 3312 720 3362 et
742 3303 812 3362 Deo
845 3304 1050 3386 dispensante
1076 3327 1299 3368 successorum

161 3398 344 3450 nostrorum
355 3383 630 3467 temporibus-qui
648 3387 850 3446 nostramvel
862 3388 1104 3470 progenitorum
1115 3397 1300 3450 nostrorum

162 3471 361 3532 uoluntatem
377 3469 431 3530 vel
451 3467 636 3549 exemplum
660 3467 780 3528 imitari
808 3470 986 3548 voluerint,
1019 3471 1144 3531 nullam
1168 3471 1300 3554 penitus

163 3551 356 3614 divisionem
372 3559 427 3610 aut
450 3551 604 3610 iacturam
626 3550 767 3633 patiatur
781 3552 936 3612 Ecclesia.

508 3658 561 3716 De
576 3656 720 3740 praediis
738 3659 814 3718 Deo
834 3656 958 3717 dicatis.
1311 3703 1315 3710 .

246 3739 302 3802 IV.
342 3737 471 3800 Placuit
508 3759 549 3798 ne
586 3739 717 3820 praedia
741 3739 932 3800 coelestium
961 3751 1158 3803 secretorum
1197 3739 1302 3802 dicata

161 3825 297 3902 Deoque
316 3819 452 3897 tradita,
476 3821 493 3878 a
514 3820 707 3900 quibusdam
724 3821 833 3903 aliqud
856 3824 1024 3885 occasione
1042 3835 1224 3900 vexentur,
1247 3833 1302 3885 aut

163 3904 378 3979 invadantur,
411 3902 468 3962 sed
490 3903 550 3962 suh
574 3903 784 3965 immunitatis
803 3905 944 3966 tuitione
966 3909 1121 3989 perpetua
1152 3906 1302 3968 firmitate

162 3987 364 4070 perdurent:
384 3983 535 4045 similiter
548 3993 580 4045 et
596 3984 745 4047 homines
760 4007 886 4064 earum,
906 3998 937 4048 et
952 3991 1058 4049 omnia
1073 4013 1156 4072 quae
1174 3989 1219 4051 eis
1231 3991 1303 4051 sub-

164 4072 247 4129 iecta
264 4075 331 4130 esse
349 4075 539 4128 noscuntur.
581 4067 619 4152 §i
638 4067 710 4148 quis
729 4080 842 4133 contra
863 4070 944 4130 haec
963 4074 1110 4152 venerit,
1133 4082 1303 4154 componat

164 4153 247 4214 sicut
270 4151 310 4212 de
339 4149 543 4210 immunitate
568 4150 816 4229 constituimus,
846 4162 877 4213 et
902 4155 1104 4235 poenitentia
1133 4157 1304 4244 publicula

166 4231 395 4296 Sacerdotibus
411 4252 514 4316 usque
532 4231 573 4294 ad
585 4231 842 4301 satisfactionem
858 4236 1024 4302 multetur.
