2928 4986
469 83 472 92 ⁴
548 42 581 122 fl

287 309 430 372 acan.
538 293 930 360 anaunensnconnu
1032 293 1094 355 ano.
1214 274 1288 347 379

233 454 343 518 minici
379 452 552 521 maximam
585 465 694 514 eurem
824 439 879 502 nel
899 439 970 498 aliis
999 441 1109 502 Missis
1133 436 1289 501 Comitum

152 552 153 556 ’
232 537 365 602 taceam
386 551 569 618 pauperum.
827 521 993 602 exigenda.

154 620 202 686 ιδ.
223 619 273 682 De
298 614 467 702 inserenda
498 615 519 673 iu
556 609 695 673 Vieeriis
805 649 807 656 ι
837 629 839 634 ’

217 754 440 812 cortrone
465 751 580 824 Quae
605 750 687 802 PRO
717 745 828 802 LEGE
850 741 1068 832 *uastant
1091 739 1217 799 SUNT.
1283 759 1286 770 ·

175 852 273 916 1.De
309 853 428 912 honore
462 847 690 918 Ecclesiarum,
762 841 793 920 4.
814 839 864 900 De
887 859 924 901 eo
941 839 996 923 qui
1017 859 1067 899 res
1089 834 1210 896 alienas
1226 835 1289 896 cui-

233 933 275 996 de
306 929 488 994 homicidiis
515 929 548 988 in
577 925 692 988 Eccle-
824 923 901 986 libet
921 917 1248 985 homininendiderit,

235 1019 293 1076 siis
325 1015 380 1077 oei
398 1015 442 1075 ¹in
468 1031 576 1073 earum
601 1011 693 1072 atriis
779 1006 808 1070 5.
829 1007 878 1068 De
889 1004 1017 1092 placitis
1034 1005 1054 1063 ct
1070 1003 1179 1064 liberis
1194 999 1292 1061 homi·

234 1099 419 1161 commissis.
826 1090 917 1152 nibus
938 1084 1156 1162 observandis,
1198 1105 1203 1116 ·

765 1172 795 1236 6.
818 1172 868 1233 De
898 1171 1008 1233 liberis
1040 1167 1217 1229 hominibus
1248 1161 1293 1225 ad

828 1254 1039 1317 testimonium
1060 1247 1262 1332 recipiendis.

768 1361 797 1421 7.
823 1338 866 1400 Ut
894 1337 1074 1419 inquiretur
1105 1333 1145 1392 de
1174 1332 1214 1390 iis
1236 1331 1292 1412 qui

826 1422 862 1484 in
890 1419 1095 1482 exercitalem
1132 1415 1179 1474 ire
1212 1433 1292 1496 pos-

828 1517 901 1567 sunt
941 1499 1194 1588 expeditionem,
1238 1492 1293 1556 nel

174 1591 206 1654 5.
227 1592 276 1652 De
292 1585 459 1652 cuiuslibet
470 1591 605 1674 proprie
619 1610 699 1652 uxo
829 1589 885 1672 qiei
909 1584 1108 1672 fidelitatem
1155 1575 1291 1639 necdum

236 1693 272 1734 re
292 1671 436 1744 dimissa,
458 1671 514 1733 oei
524 1673 592 1732 sine
605 1670 698 1755 culpa
850 1670 1051 1736 comiserunt.

235 1754 415 1838 interfecte.
769 1753 799 1819 8.
854 1774 871 1812 e
883 1750 990 1835 faidis
1009 1743 1211 1824 coercendis.

255 1885 421 1950 lncrrruar
442 1902 671 1948 sarracenum
692 1882 856 1948 Carrrura
875 1902 915 1944 nr
936 1901 1042 1944 norun
1064 1899 1190 1958 cerrus.

153 1233 204 1277 n.
224 1216 275 1276 De
291 1236 328 1278 eo
348 1214 406 1299 qui
422 1223 557 1296 propter
575 1207 697 1293 cupidi·

237 1311 333 1358 tatem
354 1316 459 1356 rerum
484 1312 697 1376 quemcunque

232 1381 484 1464 propinquorum
499 1375 696 1500 suemnsin-

171 1469 173 1481 '
236 1460 409 1544 terseeerit.

155 2017 206 2080 De
231 2016 282 2078 tis
308 2018 366 2100 qui
394 2017 461 2077 sine
489 2010 643 2080 consensu
662 2013 816 2161 Episcppi
842 2013 1051 2091 Presbyteros
1078 2015 1113 2075 iu
1138 2010 1292 2077 Ecclesiis

395 2101 589 2162 constituunt
616 2099 672 2160 vel
691 2099 732 2160 de
783 2095 905 2160 eclesiis
927 2098 1053 2158 eiciunt.

236 2208 263 2274 1.
303 2208 353 2269 De
374 2205 425 2268 his
442 2206 585 2302 quisine
601 2227 761 2268 consensu
779 2203 932 2287 Episcopi
949 2203 1156 2288 Presbyteros
1174 2202 1206 2262 in
1226 2201 1291 2260 Ee-

158 2288 266 2352 clesiis
282 2289 349 2352 suis
364 2297 586 2366 constrtuunt,
617 2290 671 2352 rel
690 2287 901 2359 chcelesiis
920 2285 1060 2362 eiciunt,
1090 2296 1122 2346 et
1142 2285 1180 2344 ab
1196 2284 1293 2364 Epis-

157 2393 240 2454 copo
257 2373 348 2436 vell
371 2371 520 2455 quolibet
536 2371 633 2434 Misso
655 2371 821 2433 dominico
841 2368 999 2431 admoniti
1021 2369 1153 2429 obedire
1176 2365 1293 2429 noluc-

157 2453 235 2532 rint,
257 2464 294 2516 ut
312 2454 457 2514 bannum
478 2463 624 2515 nostrum
638 2455 815 2516 rewadiare
833 2459 1008 2536 cogantur,
1036 2463 1068 2513 et
1090 2474 1150 2535 per
1166 2449 1295 2512 fideius-

158 2557 246 2598 sores
259 2537 299 2598 ad
317 2535 474 2620 palatium
491 2543 640 2597 nostrum
654 2537 766 2599 venire
786 2535 968 2598 iubeantur.
1010 2535 1054 2594 Et
1064 2544 1144 2595 tunc
1165 2555 1222 2594 nos
1241 2531 1296 2592 de·

159 2639 328 2680 cernamus
352 2627 462 2678 utrum
486 2619 578 2680 nobis
601 2619 727 2702 placeat
751 2629 787 2680 ut
809 2629 865 2680 aut
887 2619 983 2678 illum
1000 2616 1146 2678 bannum
1168 2614 1294 2701 persol-

156 2710 243 2782 vant,
271 2709 327 2762 ant
346 2700 442 2760 aliam
458 2700 685 2764 harmiscaram
702 2702 891 2764 sustineant.

337 2842 339 2846 ·
390 2807 440 2868 De
462 2805 615 2868 Ecclesiis
642 2809 727 2868 inter
747 2806 918 2870 coheredes
940 2805 1065 2868 divisis.

242 2884 284 2949 11.
325 2889 374 2950 De
395 2890 550 2952 Ecclesiis
569 2912 652 2972 quae
671 2889 758 2950 inter
777 2889 953 2952 coheredes
974 2889 1093 2964 divisae
1112 2900 1199 2969 sunt,
1220 2909 1297 2950 con-

158 2969 367 3035 siderandum
382 2982 430 3033 est
446 2983 607 3054 quatenus
629 2971 656 3034 si
679 2974 858 3035 secuudum
875 2972 1163 3055 providentiamet
1184 2973 1295 3034 admo-

158 3053 320 3114 nitionem
332 3055 485 3138 Episcopi
509 3055 568 3138 ipsi
587 3055 764 3118 coheredes
785 3077 838 3117 eas
854 3055 1023 3117 voluerint
1035 3063 1159 3129 tenere,
1182 3066 1215 3117 et
1234 3054 1296 3116 ho-

162 3156 279 3196 norare
299 3137 428 3198 saciant.
471 3137 528 3199 Sin
546 3148 654 3200 autem
665 3137 728 3199 hoc
747 3137 1015 3214 contradixerint,
1037 3147 1073 3196 ut
1093 3138 1126 3197 in
1144 3137 1296 3221 Episcopi

160 3227 318 3301 potestate
336 3229 464 3280 maneat
484 3223 592 3281 utram
608 3243 660 3282 eas
674 3219 718 3280 ita
733 3221 908 3283 consistere
921 3219 1104 3303 permittat,
1131 3232 1186 3280 aut
1206 3221 1297 3282 Reli-

161 3300 254 3394 quias
273 3302 391 3363 exinde
414 3303 549 3364 auferat.
590 3307 633 3367 Et
654 3303 710 3364 nbi
729 3303 769 3362 ad
793 3303 988 3364 beneficium
1013 3312 1159 3364 nostrum
1178 3303 1297 3364 Eccle-

160 3405 226 3444 srae
243 3385 443 3466 pertinentes
457 3384 500 3445 ita
521 3385 676 3450 iuventae
696 3383 816 3448 divisae
836 3385 978 3465 fuerint,
1001 3395 1038 3447 ut
1058 3386 1296 3465 describantur,

160 3473 194 3526 et
212 3466 305 3530 nobis
326 3467 546 3530 renuntietur.

516 3572 572 3637 De
592 3573 745 3636 Ecclesiis
765 3574 943 3637 destruetis.

241 3651 306 3717 III.
346 3658 395 3716 De
417 3655 572 3719 Ecclesiis
591 3657 781 3735 destructis,
803 3669 841 3718 ut
859 3657 1010 3742 Episcopi
1028 3670 1060 3721 et
1072 3659 1160 3723 Missi
1181 3659 1295 3744 inqui·

159 3735 311 3800 cilionem
333 3734 452 3800 faciant
472 3750 582 3800 utrum
600 3761 660 3822 per
679 3741 910 3823 negligentiam
930 3752 985 3803 aut
1004 3743 1293 3825 impossibilitatem

159 3819 339 3882 destructae
360 3820 436 3882 sint.
478 3823 521 3884 Et
536 3822 593 3883 uhi
615 3822 814 3904 negligentia
839 3823 972 3885 inventa
991 3827 1101 3904 suerit,
1118 3827 1294 3910 episcopali

157 3902 345 3964 auctoritate
358 3903 531 3964 emendare
546 3913 705 3986 cogantur
719 3905 753 3964 hi
769 3906 827 3988 qui
841 3927 893 3968 eas
908 3917 1087 3970 restaurare
1103 3909 1293 3971 debuerant.

155 3985 189 4044 Si
209 4005 285 4046 vero
297 4007 357 4068 per
370 3986 659 4068 impossibilitatem
678 3987 830 4070 contigit,
859 3998 895 4049 ut
914 4000 970 4050 aut
986 3992 1097 4074 plures
1116 3991 1180 4053 sint
1195 3993 1293 4076 quim

155 4070 284 4128 necesse
299 4067 350 4144 sit,
365 4079 420 4129 aut
439 4069 569 4130 maioris
584 4069 829 4152 magnitudinis·
838 4073 935 4154 quiam
951 4081 988 4134 ut
1005 4096 1044 4134 er
1065 4074 1163 4136 rebus
1183 4077 1223 4137 ad
1240 4097 1293 4139 eas

152 4148 389 4230 pertinentibus
411 4152 583 4214 restaurari
610 4152 751 4234 possint,
779 4153 960 4238 Episcopus
987 4157 1121 4219 modum
1145 4159 1293 4224 inveniat

152 4231 292 4318 qualiter
313 4235 455 4319 congrue
478 4234 644 4300 emendari
667 4245 699 4302 et
722 4235 899 4300 consistere
919 4239 1053 4324 possint.
