2952 4988
295 379 438 440 arena.
544 373 941 436 mounsnnnconun
1045 375 1107 433 su.
1211 357 1334 434 263λ

147 523 274 608 queve}
290 521 410 584 iniuste
430 528 539 604 agunt,
561 519 596 580 in
612 519 831 603 praesentiam
850 517 947 602 Regis
965 515 1140 588 ducentum
1158 527 1201 581 et
1215 521 1286 596 Rex

147 629 246 691 super
262 628 316 669 eos
340 604 578 668 districtionem
592 603 690 664 faciat
708 601 907 680 carcerandi,
932 598 1100 682 exiliandi,
1123 623 1229 686 usque
1247 605 1287 667 ad

148 689 406 754 emendationem
430 687 572 748 illorum.
830 703 831 708 ¹
1340 701 1341 705 ¹

316 797 366 856 De
387 795 511 856 latrone
531 795 590 877 qui
607 791 653 854 ad
673 805 805 854 mortem
825 792 983 855 iudicatus
995 787 1112 873 suerit.

226 900 325 966 XIII.
368 905 411 962 Ut
432 901 556 964 Viearii
579 921 715 962 munera
738 897 780 960 ne
807 900 966 983 accipiant
986 921 1046 984 pro
1070 897 1136 961 illis
1154 898 1288 961 latroni·

146 987 207 1048 lius
227 985 285 1068 qui
310 994 384 1045 ante
407 984 565 1046 Comitem
587 983 720 1045 iudicati
738 983 865 1044 fuerint
882 982 923 1044 ad
945 992 1090 1046 mortem.
1140 981 1238 1060 Quod
1260 983 1288 1044 si

145 1068 209 1131 hoc
231 1067 510 1153 perpetraverint,
538 1066 602 1128 tale
633 1065 792 1127 iudicium
819 1066 1000 1128 sustineant
1029 1065 1112 1128 sicut
1141 1065 1174 1126 et
1201 1063 1287 1126 latro

146 1151 307 1213 iudicatus
335 1151 413 1220 fuit;
452 1151 528 1232 quia
554 1159 723 1232 postquam
756 1150 887 1210 Scabini
922 1171 1006 1210 eum*
1023 1147 1287 1224 diiudicaverint,

144 1256 211 1295 non
235 1244 284 1296 est
301 1233 434 1295 licentia
453 1233 589 1304 ¹Gomitis
609 1233 662 1294 vel
682 1231 806 1296 Vicarii
828 1232 972 1294 civitam
990 1230 1179 1294 concedere.
1223 1229 1288 1292 Sed

145 1317 174 1378 si
196 1317 323 1378 bannus
350 1317 385 1378 ei.
407 1316 568 1378 iudicatus
594 1315 713 1394 fuerit,
746 1324 778 1376 et
798 1315 907 1376 banno
928 1323 1080 1398 peracto,
1113 1321 1176 1376 stet
1194 1310 1229 1372 in
1248 1334 1287 1374 eo

145 1401 277 1461 interim
294 1400 478 1481 usquedum
497 1398 616 1462 Comiti
637 1407 670 1460 et
684 1419 723 1460 eo
744 1399 801 1479 qui
819 1397 994 1460 clamorem
1017 1397 1071 1460 rel
1092 1415 1220 1460 cansam
1247 1394 1288 1459 ad

141 1504 222 1544 eum
241 1481 373 1559 hahuit,
400 1491 432 1544 et
450 1491 531 1543 tunc
548 1482 588 1543 sit
605 1481 683 1543 foris
700 1481 820 1542 hanno.

229 1593 235 1606 ‘
346 1589 394 1648 De
415 1588 591 1650 Advocatis
613 1588 843 1674 Episcoporum
869 1601 901 1649 et
919 1587 1087 1650 Adlatum.

228 1691 322 1758 XIV.
371 1698 413 1756 Ut
437 1696 590 1778 Episcopi
616 1705 648 1758 et
674 1696 811 1758 Abbates
835 1695 1016 1760 Advocatos
1045 1693 1194 1756 habeant.
1216 1688 1219 1696 ’
1244 1695 1287 1758 Et

148 1779 209 1861 ipsi
232 1779 373 1844 habeant
392 1780 425 1840 in
460 1779 518 1840 iilo
550 1779 702 1840 comitatu
728 1779 892 1863 propriam
912 1777 1138 1841 hereditatem.
1189 1777 1232 1838 Et
1251 1787 1289 1838 ut

147 1861 207 1945 ipsi
227 1863 308 1924 recti
331 1871 369 1922 et'
384 1862 462 1923 boni
484 1862 566 1940 sint,
589 1871 622 1924 et
644 1862 786 1924 habeant
805 1863 1006 1924 voluntatem
1031 1860 1120 1923 recte
1143 1870 1176 1923 et
1202 1861 1286 1926 iuste

146 1967 256 2006 causas
277 1945 446 2029 perficere.

148 2053 238 2137 Quid
253 2075 344 2136 agere
366 2053 501 2117 deleant
526 2053 650 2116 Vicarii
671 2053 710 2114 de
733 2055 773 2114 iis
794 2055 849 2137 qui
869 2073 902 2112 se
926 2072 989 2138 pro
1009 2048 1108 2134 sarto
1127 2055 1162 2114 in
1185 2054 1286 2114 serni·

537 2139 581 2199 tio
613 2137 739 2198 tradere
767 2138 905 2220 cupiunt.
1278 2137 1280 2141 ’

156 2296 158 2300 .
225 2244 298 2307 XV.
341 2249 383 2306 Ut
403 2245 527 2308 Vicarii
545 2246 675 2328 eosqui
695 2266 755 2326 pro
774 2242 1288 2316 furtoseinservitiumtradere

145 2328 295 2412 cupiunt,
317 2351 382 2390 non
406 2329 621 2409 consentiant,
643 2328 700 2393 sed
715 2327 895 2390 secundirm
913 2323 1036 2390 iustum
1049 2327 1209 2392 iudicium
1222 2337 1288 2392 ten

144 2413 296 2474 minetur.

331 2517 499 2601 Quomodd
522 2519 616 2580 liceat
636 2517 800 2580 Seniorem
821 2537 911 2578 suum
931 2515 1100 2578 dimittere.

228 2621 322 2686 XVI.
365 2626 463 2702 Quod
485 2626 596 2688 nullus
613 2625 783 2688 Seniorem
796 2646 892 2687 suum
907 2623 1047 2686 dimittat
1066 2633 1235 2707 postquam
1248 2624 1289 2685 ah

146 2727 186 2768 eo
208 2707 362 2789 acciperit
383 2710 510 2769 valente
536 2709 676 2770 solidum
693 2731 811 2778 unum;
845 2717 985 2790 excepto
1000 2707 1027 2769 si
1051 2729 1126 2770 eum
1147 2707 1217 2770 vult
1236 2730 1289 2770 oc·

146 2789 267 2866 cidere,
291 2800 346 2850 aut
366 2813 440 2851 cum
459 2790 576 2853 haculo
598 2791 745 2870 caedere,
768 2789 817 2855 vel
840 2811 979 2852 uxorem
995 2800 1051 2852 aut
1067 2791 1167 2854 filiam
1182 2812 1288 2854 macu·
1377 2858 1380 2866 f

145 2871 226 2950 lare,
248 2893 307 2934 seu
324 2873 539 2936 hereditatem
559 2874 589 2935 ei
608 2875 734 2936 tollere.
1016 2887 1018 2892 ’

479 2980 529 3040 De
544 3001 620 3041 arcu
637 2982 672 3040 in
694 2981 783 3040 hoste
802 2979 958 3042 habendo.

240 3081 353 3150 XVII.
407 3086 505 3165 Quod
532 3087 644 3150 nullus
673 3086 707 3149 in
734 3079 826 3148 hoste
862 3087 1014 3150 baculum
1047 3087 1190 3166 habeat,
1231 3089 1289 3151 sed

150 3189 270 3230 arcum.

495 3253 544 3312 De
557 3250 736 3334 forestibus
758 3251 936 3316 dominicis.

230 3354 362 3420 XVIII.
405 3361 455 3422 De
475 3361 622 3439 forestis,
650 3369 686 3424 ut
708 3361 869 3424 forestarii
894 3361 978 3424 bene
1007 3361 1080 3424 illas
1100 3360 1290 3440 defendant,
1352 3423 1355 3426 .

148 3439 245 3500 simul
267 3451 298 3502 et
317 3443 500 3504 custodiant
517 3443 635 3504 bestias
655 3452 688 3505 et
707 3444 823 3526 pisces.
864 3445 908 3506 Et
930 3445 957 3506 si
977 3446 1047 3505 Rex
1072 3444 1172 3508 alicui
1195 3446 1301 3517 intus,

147 3523 268 3585 foreste
287 3525 430 3587 feramen
455 3548 559 3588 unum
575 3536 630 3588 aut
647 3527 748 3610 magis
763 3527 906 3606 dederit,
933 3527 1070 3610 ampliirs
1092 3549 1133 3590 ne
1149 3527 1290 3614 prendat

137 3605 245 3684 ‚qutm
265 3606 315 3668 illi
333 3609 443 3670 datum
464 3609 514 3672 sit.

373 3717 423 3776 De
443 3719 563 3779 villicis
585 3719 683 3798 regiis
703 3716 784 3801 quid
795 3715 908 3798 facere
931 3717 1076 3780 debeant.

231 3819 319 3902 XIX.
371 3823 415 3882 Ut
441 3823 571 3885 villicus
593 3825 717 3902 bonus,
746 3823 891 3906 sapiens,
928 3823 1130 3908 etprudens
1152 3824 1188 3896 in
1212 3847 1291 3908 opus

149 3910 295 3960 nostrum
320 3903 476 3985 eligatur,
505 3907 562 3989 qui
587 3907 665 3969 sciat
687 3907 848 3968 rationem
868 3905 965 3968 Misso
980 3917 1090 3968 nostro
1104 3908 1241 3968 reddere
1261 3916 1294 3968 et

149 3983 318 4043 servitium
339 3987 493 4067 perficere
516 3999 612 4072 prout
632 3991 703 4050 loca
719 3991 823 4050 locata
839 3998 926 4064 sunt,
945 3989 1092 4052 aedificia
1105 3990 1295 4066 emendent,

151 4065 298 4161 nutriant
318 4089 444 4162 porcos,
471 4070 624 4149 iumenta,
647 4072 810 4149 animalia,
830 4071 952 4150 hortos,
972 4093 1066 4157 apes,
1086 4067 1192 4150 aucas,
1217 4072 1294 4155 pul-

150 4147 223 4224 los,
247 4171 372 4210 vivaria
400 4173 474 4212 cum
499 4153 660 4236 piscihus,
685 4177 826 4230 vennas,
854 4153 1000 4233 molina,¹
1016 4156 1148 4238 stirpes,
1176 4164 1296 4224 tetram

150 4231 327 4325 aratoriam¹
342 4236 495 4298 studeant
516 4238 646 4324 femare.
690 4239 730 4298 In
755 4236 882 4298 forestis
901 4259 1050 4308 mansum,
1066 4239 1187 4320 regale,
1202 4247 1235 4300 et
1250 4237 1298 4301 ibt

151 4335 274 4378 vivaria
296 4337 371 4380 cum
392 4318 533 4403 piscibus
545 4366 554 4402 ,
591 4330 625 4384 et
652 4321 801 4386 homines
827 4319 873 4392 ibi
893 4333 1035 4390 manent.
1067 4321 1128 4388 Et
1144 4321 1297 4408 plantent
