2958 4986
311 346 345 398 s.
366 343 451 400 cun.
556 342 951 400 asauuraaueoauu
1042 343 1112 404 aaa.
1219 317 1289 394 185

151 487 252 546 iuret.
294 484 360 546 Aut
384 488 410 548 si
438 486 573 568 illequi
602 508 729 548 causam
749 485 894 567 quaerit,
926 483 1099 548 duodecim
1122 481 1292 544 hominum

151 578 353 630 sacramenta
364 569 518 652 ¹recipere
534 569 689 646 noluerit,
711 576 776 647 (aut
796 589 893 631 cruce
915 566 948 646 d)
973 579 1029 630 aut
1046 575 1136 628 scuto
1158 574 1189 626 et
1205 566 1291 627 fuste

151 661 271 712 contra
292 648 366 712 euin
388 647 542 714 decertet.

238 817 309 878 XX.
349 815 481 878 Nemini
506 815 603 878 liceat
628 837 759 880 servum
784 839 895 895 suum,
922 825 1056 900 propter
1079 815 1231 877 damnum
1253 813 1293 872 ab

152 901 216 961 illo
238 899 373 984 cuilibet
395 901 552 977 inlatum,
583 900 763 972 dimittere;
786 899 843 962 sed
864 900 955 960 iuxta
971 897 1160 981 qualitatem
1183 896 1294 959 damni

153 983 306 1045 dominus
327 978 387 1065 pro
404 981 463 1043 illo
484 983 698 1064 respondeat,
731 983 783 1044 vel
802 1004 876 1044 eum
896 983 931 1042 in
949 981 1215 1066 compositionem
1239 989 1293 1039 aut

152 1068 196 1127 ad
211 1065 350 1148 poenam
370 1064 502 1149 petitori
523 1064 644 1126 offerat.
687 1065 721 1126 Si
747 1074 855 1125 autem
874 1087 985 1126 servus
1012 1073 1197 1148 perpetrato
1221 1085 1293 1125 sce-

151 1149 225 1210 lere
241 1143 374 1230 fugerit,
397 1148 441 1208 ita
461 1157 498 1206 ut
521 1149 538 1207 a
556 1148 697 1208 Domino
715 1147 846 1230 peritias
867 1147 1011 1208 inveniri
1032 1169 1098 1207 non
1112 1145 1224 1229 p'ossit,
1247 1168 1314 1206 sa·-

152 1240 320 1292 cramento
343 1251 377 1292 se
396 1230 546 1291 dominus
561 1230 632 1292 eius
651 1251 806 1292 excusare
825 1231 952 1292 studeat
965 1229 1056 1313 quod
1069 1227 1133 1290 hoc
1148 1249 1224 1290 suae
1238 1243 1294 1290 aar

151 1314 290 1374 luntatis
311 1335 372 1375 nec
390 1312 610 1376 conscientiae
631 1314 746 1376 fuisset
761 1314 851 1396 quod
862 1335 973 1378 servus
994 1314 1070 1376 eius'
1084 1313 1149 1376 tale
1165 1310 1292 1375 facinus

152 1396 324 1460 commisit.

238 1550 406 1638 xxxllt„
431 1560 466 1624 si
485 1560 558 1644 quis
575 1563 616 1624 ad
638 1563 773 1624 mallum
789 1563 916 1647 legibus
934 1562 1088 1624 bannitus
1111 1560 1227 1636 fuerit,
1261 1567 1293 1620 et
1359 1557 1370 1584 ³

147 1667 223 1708 non
238 1643 378 1721 uenerit,
400 1643 427 1705 si
444 1666 519 1706 eum
532 1647 645 1708 sunnis
661 1668 728 1708 non
747 1645 943 1726 detinuerit,
972 1646 1162 1728 quindecim
1180 1642 1293 1705 solidis

152 1725 327 1811 culpabilis
346 1727 518 1789 iudicetur.
560 1728 614 1790 Sic
636 1729 676 1790 ad
701 1731 876 1792 secundam
898 1739 930 1790 et
949 1729 1085 1790 tertiam.
1128 1728 1163 1790 si
1185 1735 1294 1787 autem

151 1812 195 1871 ad
217 1820 362 1892 quartam
385 1811 499 1872 venire
523 1812 770 1894 contempserit,
826 1812 958 1874 ossessio
988 1813 1058 1873 eius
1086 1811 1121 1871 in
1146 1811 1292 1870 bannum

149 1894 300 1954 mittatur
321 1893 425 1954 donec
441 1893 561 1972 veniat,
584 1904 616 1956 et
636 1895 729 1956 dere
751 1836 823 1978 qud
833 1896 1059 1979 interpellatus
1075 1893 1177 1955 fuerit
1199 1892 1292 1954 iusti-

150 1976 231 2036 tiam
251 1975 357 2036 faciat.
400 1977 434 2037 si
455 1977 540 2037 infra
556 1999 677 2038 annum
694 1998 761 2039 non
780 1977 926 2056 venerit,
949 1978 1103 2040 derebus
1122 1975 1192 2038 eius
1207 1997 1292 2058 quae

151 2059 188 2118 in
208 2060 315 2119 banno
336 2057 448 2120 missae
469 2068 545 2121 sunt
559 2062 629 2122 Rex
652 2060 882 2144 interrogetur,
904 2070 937 2122 et
959 2060 1120 2142 quicquid
1142 2059 1220 2119 inde
1244 2060 1293 2118 iu-

151 2139 313 2216 dicaverit
331 2141 394 2202 fiat.
436 2142 545 2204 Prima
564 2143 712 2203 bannitio
733 2165 831 2226 super
848 2154 960 2206 noctes
976 2154 1119 2226 septem,
1148 2143 1293 2204 secunda
1387 2158 1389 2162 ’

149 2229 384 2304 super'noctes
413 2225 685 2306 quatuordecim,
727 2225 824 2288 tertia
851 2248 949 2309 super
976 2235 1087 2288 noctes
1113 2223 1232 2307 uiginti
1260 2233 1293 2286 et

150 2327 261 2382 unam,
284 2317 397 2389 quarta
414 2329 512 2390 snper
527 2319 637 2369 noctes
657 2309 871 2394 quadraginta
886 2311 974 2371 duas.
1017 2307 1175 2370 Similiter
1194 2316 1228 2368 et
1250 2307 1291 2369 de

148 2389 311 2450 beneficio
334 2389 486 2470 hominis,
509 2390 535 2451 si
550 2391 634 2452 forte
650 2412 702 2452 res
717 2392 862 2476 proprias
877 2414 943 2454 non
964 2391 1125 2469 hahuerit,
1146 2389 1291 2452 mittatur

149 2473 186 2532 in
205 2473 350 2533 bannum
364 2495 467 2556 usque
489 2473 559 2537 Rex
579 2473 809 2557 interrogetur.

233 2663 365 2728 XXXV.
406 2663 441 2725 Si
460 2673 574 2727 auctor
594 2584 751 2744 venerit}
770 2674 803 2728 et
825 2687 896 2727 rem
919 2664 1114 2741 intertiatam
1139 2665 1290 2752 recipere

149 2745 309 2821 noluerit,
331 2768 444 2832 campo
465 2749 529 2826 (vel
548 2769 645 2810 cruce
666 2753 693 2826 c)
715 2749 923 2811 contendant.

126 2995 128 3004 ,
233 2935 379 2997 XLVlll.
421 2937 487 3014 Qui
501 2937 585 2998 filios
603 2957 668 2998 non
683 2937 844 3017 habuerit,
868 2949 899 3001 et
923 2941 1024 3001 aliam
1040 2943 1292 3025 quemlibethea

147 3015 262 3077 redem
282 3017 390 3078 facere
410 3019 472 3080 sihi
493 3021 646 3097 voluerit,
662 3042 769 3081 coram
784 3023 871 3104 Rege
891 3023 943 3084 vel
966 3025 1103 3102 Comite,
1126 3036 1158 3088 ct
1177 3027 1290 3088 Scabi-

147 3098 214 3158 niis
242 3099 296 3160 vel
321 3101 426 3163 Missis
447 3102 635 3180 dominicis,
666 3103 724 3184 qui
741 3113 821 3166 tunc
842 3105 882 3164 ad
904 3106 1042 3170 iustitias
1067 3108 1231 3173 faciendas
1243 3109 1287 3169 'in

144 3181 318 3270 provincia
333 3183 460 3245 fuerint
479 3185 632 3263 ordinati,
654 3186 861 3249 traditionem
878 3189 983 3251 faciat.

231 3371 331 3435 LVII.
372 3373 475 3435 Homo
502 3295 769 3438 denarialisviildri
800 3380 894 3442 antea
919 3380 1103 3445 hereditare
1135 3382 1170 3444 in
1196 3404 1288 3446 suam

146 3453 353 3596 agnatitouem
379 3456 499 3541 poterit
517 3481 695 3543 usquequo
720 3460 760 3522 ad
781 3464 910 3526 tertiam
937 3464 1180 3549 generationem
1211 3487 1287 3552 per-

146 3557 245 3597 vcma
261 3581 268 3596 .

692 3627 746 3688 IX.

230 3703 344 3768 LXIV.
386 3703 489 3766 Homo
510 3705 725 3772 chartularius
744 3709 903 3775 similiter.

695 3819 736 3878 X.

193 3975 200 3990 ι
227 3895 329 3989 Lyn.
372 3895 478 3960 Omne
500 3911 736 3964 sacramentum
761 3902 795 3966 in
819 3903 967 3968 Ecclesia
996 3913 1053 3966 aut
1078 3923 1175 3988 supra
1202 3905 1283 3966 reli-

143 3998 237 4058 qmas
259 3987 395 4040 iuretur.
438 3983 481 4042 Et
498 3985 587 4067 quod
610 3983 644 4045 in
671 3985 818 4048 Ecclesia
841 3988 1017 4050 iurandum
1035 3997 1101 4066 est,
1132 3987 1188 4053 vel
1209 4010 1284 4051 cum

141 4069 267 4144 septem
289 4061 412 4140 electis,
435 4065 489 4127 vel
512 4066 540 4129 si
554 4066 726 4134 duodecim
747 4091 814 4134 esse
835 4069 965 4151 dehent,
987 4069 1101 4156 quales
1121 4071 1281 4158 potuerit:

145 4205 434 4224 mm

179 4295 212 4362 d)
229 4300 337 4356 Desunt
354 4301 384 4356 in
403 4301 437 4356 al.
454 4319 502 4358 ms.
808 4313 837 4376 a)
854 4311 962 4367 Desunt
977 4311 1006 4366 in
1024 4310 1057 4366 al.
1070 4331 1121 4370 ms.
