<?xml version="1.0" encoding="UTF-8"?>
<!DOCTYPE html PUBLIC "-//W3C//DTD XHTML 1.0 Transitional//EN"
    "http://www.w3.org/TR/xhtml1/DTD/xhtml1-transitional.dtd">
<html xmlns="http://www.w3.org/1999/xhtml" xml:lang="en" lang="en">
 <head>
  <title>
</title>
<meta http-equiv="Content-Type" content="text/html;charset=utf-8" />
  <meta name='ocr-system' content='tesseract 3.04.00' />
  <meta name='ocr-capabilities' content='ocr_page ocr_carea ocr_par ocr_line ocrx_word'/>
</head>
<body>
  <div class='ocr_page' id='page_1' title='image "./corpusiurisgerm05visigoog_0375.png"; bbox 0 0 2928 4986; ppageno 0'>
   <div class='ocr_carea' id='block_1_1' title="bbox 177 252 1108 358">
    <p class='ocr_par' dir='ltr' id='par_1_1' title="bbox 177 252 1108 358">
     <span class='ocr_line' id='line_1_1' title="bbox 177 252 1108 358; baseline -0.006 -30"><span class='ocrx_word' id='word_1_1' title='bbox 177 252 258 328; x_wconf 67' lang='lat'>362</span> <span class='ocrx_word' id='word_1_2' title='bbox 433 270 469 330; x_wconf 79' lang='lat' dir='ltr'>a,</span> <span class='ocrx_word' id='word_1_3' title='bbox 497 271 583 328; x_wconf 81' lang='lat' dir='ltr'>can.</span> <span class='ocrx_word' id='word_1_4' title='bbox 690 267 948 358; x_wconf 68' lang='lat' dir='ltr'>carnotenis</span> <span class='ocrx_word' id='word_1_5' title='bbox 1052 263 1108 323; x_wconf 80' lang='lat' dir='ltr'>ars</span> 
     </span>
    </p>
   </div>
   <div class='ocr_carea' id='block_1_2' title="bbox 177 398 1321 555">
    <p class='ocr_par' dir='ltr' id='par_1_2' title="bbox 177 398 1321 555">
     <span class='ocr_line' id='line_1_2' title="bbox 177 398 1321 555; baseline -0.005 -83"><span class='ocrx_word' id='word_1_6' title='bbox 177 410 213 474; x_wconf 86' lang='lat' dir='ltr'>in</span> <span class='ocrx_word' id='word_1_7' title='bbox 225 409 289 474; x_wconf 88' lang='lat' dir='ltr'>hoc</span> <span class='ocrx_word' id='word_1_8' title='bbox 307 407 500 494; x_wconf 76' lang='lat' dir='ltr'>adimplete,</span> <span class='ocrx_word' id='word_1_9' title='bbox 523 413 679 500; x_wconf 76' lang='lat' dir='ltr'>tquilsus</span> <span class='ocrx_word' id='word_1_10' title='bbox 698 412 829 555; x_wconf 51' lang='lat' dir='ltr'>quotput</span> <span class='ocrx_word' id='word_1_11' title='bbox 856 410 899 474; x_wconf 87' lang='lat' dir='ltr'>sit</span> <span class='ocrx_word' id='word_1_12' title='bbox 921 407 1087 492; x_wconf 88' lang='lat' dir='ltr'>neglecta;</span> <span class='ocrx_word' id='word_1_13' title='bbox 1110 412 1143 466; x_wconf 88' lang='lat' dir='ltr'>et</span> <span class='ocrx_word' id='word_1_14' title='bbox 1163 419 1241 462; x_wconf 84' lang='lat' dir='ltr'>enm</span> <span class='ocrx_word' id='word_1_15' title='bbox 1264 398 1321 480; x_wconf 78' lang='lat' dir='ltr'>qui</span> 
     </span>
    </p>
   </div>
   <div class='ocr_carea' id='block_1_3' title="bbox 176 485 1326 658">
    <p class='ocr_par' dir='ltr' id='par_1_3' title="bbox 176 485 1326 658">
     <span class='ocr_line' id='line_1_3' title="bbox 177 485 1326 577; baseline -0.01 -23"><span class='ocrx_word' id='word_1_16' title='bbox 177 491 316 576; x_wconf 86' lang='lat' dir='ltr'>implere</span> <span class='ocrx_word' id='word_1_17' title='bbox 340 495 487 577; x_wconf 77' lang='lat' dir='ltr'>neglexit</span> <span class='ocrx_word' id='word_1_18' title='bbox 509 506 565 558; x_wconf 83' lang='lat' dir='ltr'>eut</span> <span class='ocrx_word' id='word_1_19' title='bbox 587 495 732 572; x_wconf 80' lang='lat' dir='ltr'><strong>distulit,</strong></span> <span class='ocrx_word' id='word_1_20' title='bbox 756 517 773 554; x_wconf 85' lang='lat' dir='ltr'>e</span> <span class='ocrx_word' id='word_1_21' title='bbox 818 503 959 556; x_wconf 84' lang='lat' dir='ltr'>nostram</span> <span class='ocrx_word' id='word_1_22' title='bbox 976 491 1126 553; x_wconf 84' lang='lat' dir='ltr'>volumus</span> <span class='ocrx_word' id='word_1_23' title='bbox 1149 495 1187 547; x_wconf 92' lang='lat' dir='ltr'>ut</span> <span class='ocrx_word' id='word_1_24' title='bbox 1210 485 1326 546; x_wconf 83' lang='lat' dir='ltr'>veniat</span> 
     </span>
     <span class='ocr_line' id='line_1_4' title="bbox 176 566 1326 658; baseline -0.013 -15"><span class='ocrx_word' id='word_1_25' title='bbox 176 576 284 640; x_wconf 68' lang='lat' dir='ltr'>lessus</span> <span class='ocrx_word' id='word_1_26' title='bbox 306 577 539 658; x_wconf 82' lang='lat' dir='ltr'>praesentiam,</span> <span class='ocrx_word' id='word_1_27' title='bbox 569 588 605 639; x_wconf 88' lang='lat' dir='ltr'>ut</span> <span class='ocrx_word' id='word_1_28' title='bbox 630 579 695 642; x_wconf 91' lang='lat' dir='ltr'>cito</span> <span class='ocrx_word' id='word_1_29' title='bbox 721 577 880 639; x_wconf 86' lang='lat' dir='ltr'>rationem</span> <span class='ocrx_word' id='word_1_30' title='bbox 905 575 945 636; x_wconf 88' lang='lat' dir='ltr'>de</span> <span class='ocrx_word' id='word_1_31' title='bbox 967 571 1038 651; x_wconf 85' lang='lat' dir='ltr'>his,</span> <span class='ocrx_word' id='word_1_32' title='bbox 1064 571 1150 633; x_wconf 91' lang='lat' dir='ltr'>sicut</span> <span class='ocrx_word' id='word_1_33' title='bbox 1170 566 1326 650; x_wconf 82' lang='lat' dir='ltr'>superius</span> 
     </span>
    </p>
   </div>
   <div class='ocr_carea' id='block_1_4' title="bbox 176 653 1439 744">
    <p class='ocr_par' dir='ltr' id='par_1_4' title="bbox 176 653 1439 744">
     <span class='ocr_line' id='line_1_5' title="bbox 176 653 1439 744; baseline -0.013 -24"><span class='ocrx_word' id='word_1_34' title='bbox 176 657 335 735; x_wconf 75' lang='lat' dir='ltr'>diximus,</span> <span class='ocrx_word' id='word_1_35' title='bbox 358 660 488 732; x_wconf 83' lang='lat' dir='ltr'>reddet;</span> <span class='ocrx_word' id='word_1_36' title='bbox 510 671 543 726; x_wconf 86' lang='lat' dir='ltr'>et</span> <span class='ocrx_word' id='word_1_37' title='bbox 560 662 586 724; x_wconf 85' lang='lat' dir='ltr'>si</span> <span class='ocrx_word' id='word_1_38' title='bbox 609 660 780 744; x_wconf 86' lang='lat' dir='ltr'>culpabilis</span> <span class='ocrx_word' id='word_1_39' title='bbox 796 661 947 722; x_wconf 84' lang='lat' dir='ltr'>inventus</span> <span class='ocrx_word' id='word_1_40' title='bbox 960 655 1080 733; x_wconf 81' lang='lat' dir='ltr'>fuerit,</span> <span class='ocrx_word' id='word_1_41' title='bbox 1101 653 1233 734; x_wconf 85' lang='lat' dir='ltr'>dignam</span> <span class='ocrx_word' id='word_1_42' title='bbox 1248 669 1323 710; x_wconf 92' lang='lat' dir='ltr'>cor·</span> <span class='ocrx_word' id='word_1_43' title='bbox 1438 689 1439 704; x_wconf 39' lang='lat' dir='ltr'>l</span> 
     </span>
    </p>
   </div>
   <div class='ocr_carea' id='block_1_5' title="bbox 175 730 1439 908">
    <p class='ocr_par' dir='ltr' id='par_1_5' title="bbox 175 730 1439 908">
     <span class='ocr_line' id='line_1_6' title="bbox 175 730 1439 888; baseline -0.008 -86"><span class='ocrx_word' id='word_1_44' title='bbox 175 739 358 888; x_wconf 64' lang='lat' dir='ltr'>rectipnetm</span> <span class='ocrx_word' id='word_1_45' title='bbox 367 743 520 828; x_wconf 86' lang='lat' dir='ltr'>accipiat,</span> <span class='ocrx_word' id='word_1_46' title='bbox 534 753 570 806; x_wconf 90' lang='lat' dir='ltr'>ut</span> <span class='ocrx_word' id='word_1_47' title='bbox 585 743 721 814; x_wconf 77' lang='lat' dir='ltr'>certeris</span> <span class='ocrx_word' id='word_1_48' title='bbox 735 740 974 826; x_wconf 61' lang='lat' dir='ltr'>negligentibus</span> <span class='ocrx_word' id='word_1_49' title='bbox 989 737 1174 821; x_wconf 85' lang='lat' dir='ltr'>exemplum</span> <span class='ocrx_word' id='word_1_50' title='bbox 1187 730 1325 795; x_wconf 89' lang='lat' dir='ltr'>terroris</span> <span class='ocrx_word' id='word_1_51' title='bbox 1438 791 1439 802; x_wconf 63' lang='grc'>,</span> 
     </span>
     <span class='ocr_line' id='line_1_7' title="bbox 175 844 1093 908; baseline -0.001 -23"><span class='ocrx_word' id='word_1_52' title='bbox 175 845 254 908; x_wconf 83' lang='lat' dir='ltr'>prae</span> <span class='ocrx_word' id='word_1_53' title='bbox 279 844 340 886; x_wconf 84' lang='lat' dir='ltr'>ee.</span> <span class='ocrx_word' id='word_1_54' title='bbox 1091 845 1093 850; x_wconf 86' lang='lat'><em>·</em></span> 
     </span>
    </p>
   </div>
   <div class='ocr_carea' id='block_1_6' title="bbox 314 925 1181 1018">
    <p class='ocr_par' dir='ltr' id='par_1_6' title="bbox 314 925 1181 1018">
     <span class='ocr_line' id='line_1_8' title="bbox 314 925 1181 1018; baseline -0.009 -24"><span class='ocrx_word' id='word_1_55' title='bbox 314 931 372 994; x_wconf 88' lang='lat' dir='ltr'>Dc</span> <span class='ocrx_word' id='word_1_56' title='bbox 388 931 539 1017; x_wconf 73' lang='lat' dir='ltr'>pontibus</span> <span class='ocrx_word' id='word_1_57' title='bbox 560 933 614 996; x_wconf 80' lang='lat' dir='ltr'>uti</span> <span class='ocrx_word' id='word_1_58' title='bbox 632 931 806 1018; x_wconf 70' lang='lat' dir='ltr'>antiquitate</span> <span class='ocrx_word' id='word_1_59' title='bbox 818 930 955 1014; x_wconf 85' lang='lat' dir='ltr'>suerunt</span> <span class='ocrx_word' id='word_1_60' title='bbox 977 925 1181 998; x_wconf 79' lang='lat' dir='ltr'>renouandis.</span> 
     </span>
    </p>
   </div>
   <div class='ocr_carea' id='block_1_7' title="bbox 175 1029 1324 1287">
    <p class='ocr_par' dir='ltr' id='par_1_7' title="bbox 175 1029 1324 1287">
     <span class='ocr_line' id='line_1_9' title="bbox 258 1029 1324 1124; baseline -0.009 -22"><span class='ocrx_word' id='word_1_61' title='bbox 258 1034 337 1102; x_wconf 82' lang='lat' dir='ltr'>XX.</span> <span class='ocrx_word' id='word_1_62' title='bbox 379 1040 422 1100; x_wconf 90' lang='lat' dir='ltr'>Ut</span> <span class='ocrx_word' id='word_1_63' title='bbox 443 1039 500 1100; x_wconf 88' lang='lat' dir='ltr'>nbi</span> <span class='ocrx_word' id='word_1_64' title='bbox 523 1049 640 1124; x_wconf 89' lang='lat' dir='ltr'>pontes</span> <span class='ocrx_word' id='word_1_65' title='bbox 668 1040 847 1122; x_wconf 83' lang='lat' dir='ltr'>antiquitus</span> <span class='ocrx_word' id='word_1_66' title='bbox 868 1040 1020 1114; x_wconf 73' lang='lat' dir='ltr'>ficerunt,</span> <span class='ocrx_word' id='word_1_67' title='bbox 1049 1047 1082 1097; x_wconf 89' lang='lat' dir='ltr'>et</span> <span class='ocrx_word' id='word_1_68' title='bbox 1105 1036 1140 1094; x_wconf 92' lang='lat' dir='ltr'>in</span> <span class='ocrx_word' id='word_1_69' title='bbox 1161 1032 1213 1093; x_wconf 88' lang='lat' dir='ltr'>his</span> <span class='ocrx_word' id='word_1_70' title='bbox 1239 1029 1324 1093; x_wconf 88' lang='lat' dir='ltr'>locis</span> 
     </span>
     <span class='ocr_line' id='line_1_10' title="bbox 177 1113 1324 1206; baseline -0.015 -21"><span class='ocrx_word' id='word_1_71' title='bbox 177 1121 235 1185; x_wconf 77' lang='lat' dir='ltr'>uti</span> <span class='ocrx_word' id='word_1_72' title='bbox 257 1129 404 1206; x_wconf 85' lang='lat' dir='ltr'>tempore</span> <span class='ocrx_word' id='word_1_73' title='bbox 421 1123 578 1204; x_wconf 74' lang='lat' dir='ltr'>genitoris</span> <span class='ocrx_word' id='word_1_74' title='bbox 595 1122 697 1185; x_wconf 89' lang='lat' dir='ltr'>nostri</span> <span class='ocrx_word' id='word_1_75' title='bbox 714 1121 784 1205; x_wconf 84' lang='lat' dir='ltr'>ipso</span> <span class='ocrx_word' id='word_1_76' title='bbox 803 1123 935 1184; x_wconf 83' lang='lat' dir='ltr'>iubente</span> <span class='ocrx_word' id='word_1_77' title='bbox 953 1121 1152 1182; x_wconf 82' lang='lat' dir='ltr'>diversarum</span> <span class='ocrx_word' id='word_1_78' title='bbox 1175 1113 1324 1176; x_wconf 54' lang='lat' dir='ltr'>necessi„</span> 
     </span>
     <span class='ocr_line' id='line_1_11' title="bbox 175 1195 1324 1287; baseline -0.011 -19"><span class='ocrx_word' id='word_1_79' title='bbox 175 1214 280 1268; x_wconf 82' lang='lat' dir='ltr'>tetum</span> <span class='ocrx_word' id='word_1_80' title='bbox 294 1205 390 1267; x_wconf 80' lang='lat' dir='ltr'>causti</span> <span class='ocrx_word' id='word_1_81' title='bbox 409 1205 487 1266; x_wconf 83' lang='lat' dir='ltr'>sacti</span> <span class='ocrx_word' id='word_1_82' title='bbox 509 1215 603 1286; x_wconf 81' lang='lat' dir='ltr'>sunt,</span> <span class='ocrx_word' id='word_1_83' title='bbox 627 1205 762 1270; x_wconf 86' lang='lat' dir='ltr'>omnino</span> <span class='ocrx_word' id='word_1_84' title='bbox 787 1205 909 1287; x_wconf 83' lang='lat' dir='ltr'>absque</span> <span class='ocrx_word' id='word_1_85' title='bbox 932 1204 1001 1264; x_wconf 82' lang='lat' dir='ltr'>ulla</span> <span class='ocrx_word' id='word_1_86' title='bbox 1025 1201 1180 1262; x_wconf 85' lang='lat' dir='ltr'>dilatione</span> <span class='ocrx_word' id='word_1_87' title='bbox 1207 1197 1253 1256; x_wconf 82' lang='lat' dir='ltr'>ah</span> <span class='ocrx_word' id='word_1_88' title='bbox 1269 1195 1324 1256; x_wconf 87' lang='lat' dir='ltr'>his</span> 
     </span>
    </p>
   </div>
   <div class='ocr_carea' id='block_1_8' title="bbox 175 1277 1440 1378">
    <p class='ocr_par' dir='ltr' id='par_1_8' title="bbox 175 1277 1440 1378">
     <span class='ocr_line' id='line_1_12' title="bbox 175 1277 1440 1378; baseline -0.003 -30"><span class='ocrx_word' id='word_1_89' title='bbox 175 1288 235 1371; x_wconf 91' lang='lat' dir='ltr'>qui</span> <span class='ocrx_word' id='word_1_90' title='bbox 252 1309 307 1349; x_wconf 81' lang='lat' dir='ltr'>eos</span> <span class='ocrx_word' id='word_1_91' title='bbox 324 1296 403 1348; x_wconf 89' lang='lat' dir='ltr'>tunc</span> <span class='ocrx_word' id='word_1_92' title='bbox 426 1288 598 1362; x_wconf 83' lang='lat' dir='ltr'>fecerunt,</span> <span class='ocrx_word' id='word_1_93' title='bbox 623 1288 836 1350; x_wconf 82' lang='lat' dir='ltr'>restituentur</span> <span class='ocrx_word' id='word_1_94' title='bbox 859 1295 894 1348; x_wconf 89' lang='lat' dir='ltr'>et</span> <span class='ocrx_word' id='word_1_95' title='bbox 913 1294 1133 1359; x_wconf 85' lang='lat' dir='ltr'>renoventur,</span> <span class='ocrx_word' id='word_1_96' title='bbox 1162 1281 1208 1340; x_wconf 85' lang='lat' dir='ltr'>ita</span> <span class='ocrx_word' id='word_1_97' title='bbox 1226 1287 1264 1342; x_wconf 83' lang='lat' dir='ltr'>ut</span> <span class='ocrx_word' id='word_1_98' title='bbox 1281 1277 1324 1344; x_wconf 82' lang='lat' dir='ltr'>ad</span> <span class='ocrx_word' id='word_1_99' title='bbox 1439 1351 1440 1378; x_wconf 75' lang='lat'>,</span> 
     </span>
    </p>
   </div>
   <div class='ocr_carea' id='block_1_9' title="bbox 172 1361 1440 1951">
    <p class='ocr_par' dir='ltr' id='par_1_9' title="bbox 172 1361 1440 1951">
     <span class='ocr_line' id='line_1_13' title="bbox 176 1361 1324 1444; baseline -0.007 -15"><span class='ocrx_word' id='word_1_100' title='bbox 176 1370 309 1434; x_wconf 77' lang='lat' dir='ltr'>Missam</span> <span class='ocrx_word' id='word_1_101' title='bbox 333 1369 437 1431; x_wconf 84' lang='lat' dir='ltr'>sancti</span> <span class='ocrx_word' id='word_1_102' title='bbox 456 1369 607 1433; x_wconf 76' lang='lat' dir='ltr'>Andreae</span> <span class='ocrx_word' id='word_1_103' title='bbox 635 1371 806 1432; x_wconf 83' lang='lat' dir='ltr'>restaurati</span> <span class='ocrx_word' id='word_1_104' title='bbox 832 1371 912 1432; x_wconf 84' lang='lat' dir='ltr'>fiant</span> <span class='ocrx_word' id='word_1_105' title='bbox 960 1368 1022 1430; x_wconf 86' lang='lat' dir='ltr'>nisi</span> <span class='ocrx_word' id='word_1_106' title='bbox 1056 1366 1140 1428; x_wconf 73' lang='lat' dir='ltr'>sorte</span> <span class='ocrx_word' id='word_1_107' title='bbox 1172 1371 1229 1422; x_wconf 87' lang='lat' dir='ltr'>aut</span> <span class='ocrx_word' id='word_1_108' title='bbox 1252 1361 1324 1444; x_wconf 79' lang='lat' dir='ltr'>ipsa</span> 
     </span>
     <span class='ocr_line' id='line_1_14' title="bbox 175 1445 1323 1536; baseline -0.01 -20"><span class='ocrx_word' id='word_1_109' title='bbox 175 1451 285 1534; x_wconf 86' lang='lat' dir='ltr'>operis</span> <span class='ocrx_word' id='word_1_110' title='bbox 302 1451 491 1532; x_wconf 87' lang='lat' dir='ltr'>magnitudo</span> <span class='ocrx_word' id='word_1_111' title='bbox 509 1462 563 1514; x_wconf 84' lang='lat' dir='ltr'>aut</span> <span class='ocrx_word' id='word_1_112' title='bbox 576 1475 732 1535; x_wconf 85' lang='lat' dir='ltr'>aquarum</span> <span class='ocrx_word' id='word_1_113' title='bbox 749 1454 787 1518; x_wconf 90' lang='lat' dir='ltr'>in</span> <span class='ocrx_word' id='word_1_114' title='bbox 802 1453 952 1536; x_wconf 89' lang='lat' dir='ltr'>quolibet</span> <span class='ocrx_word' id='word_1_115' title='bbox 973 1448 1148 1512; x_wconf 83' lang='lat' dir='ltr'>inundatio</span> <span class='ocrx_word' id='word_1_116' title='bbox 1163 1445 1228 1506; x_wconf 93' lang='lat' dir='ltr'>hoc</span> <span class='ocrx_word' id='word_1_117' title='bbox 1242 1465 1323 1526; x_wconf 90' lang='lat' dir='ltr'>pro-</span> 
     </span>
     <span class='ocr_line' id='line_1_15' title="bbox 173 1529 1440 1614; baseline -0.003 -18"><span class='ocrx_word' id='word_1_118' title='bbox 173 1535 295 1596; x_wconf 79' lang='lat' dir='ltr'>hibeat.</span> <span class='ocrx_word' id='word_1_119' title='bbox 316 1535 423 1596; x_wconf 84' lang='lat' dir='ltr'>Aliter</span> <span class='ocrx_word' id='word_1_120' title='bbox 437 1557 519 1598; x_wconf 83' lang='lat' dir='ltr'>vero</span> <span class='ocrx_word' id='word_1_121' title='bbox 530 1535 641 1598; x_wconf 83' lang='lat' dir='ltr'>nullus</span> <span class='ocrx_word' id='word_1_122' title='bbox 678 1535 800 1596; x_wconf 86' lang='lat' dir='ltr'>ualibet</span> <span class='ocrx_word' id='word_1_123' title='bbox 816 1535 985 1598; x_wconf 80' lang='lat' dir='ltr'>occasione</span> <span class='ocrx_word' id='word_1_124' title='bbox 999 1533 1063 1596; x_wconf 89' lang='lat' dir='ltr'>hoc</span> <span class='ocrx_word' id='word_1_125' title='bbox 1077 1529 1246 1614; x_wconf 85' lang='lat' dir='ltr'>negligere</span> <span class='ocrx_word' id='word_1_126' title='bbox 1266 1535 1324 1590; x_wconf 59' lang='lat' dir='ltr'>etet</span> <span class='ocrx_word' id='word_1_127' title='bbox 1439 1601 1440 1606; x_wconf 8' lang='grc' dir='ltr'>η</span> 
     </span>
     <span class='ocr_line' id='line_1_16' title="bbox 175 1559 1322 1702; baseline -0.011 -23"><span class='ocrx_word' id='word_1_128' title='bbox 175 1617 305 1680; x_wconf 81' lang='lat' dir='ltr'>differre</span> <span class='ocrx_word' id='word_1_129' title='bbox 320 1628 520 1700; x_wconf 84' lang='lat' dir='ltr'>praesumat,</span> <span class='ocrx_word' id='word_1_130' title='bbox 534 1617 615 1702; x_wconf 90' lang='lat' dir='ltr'>quin</span> <span class='ocrx_word' id='word_1_131' title='bbox 633 1559 676 1680; x_wconf 73' lang='lat' dir='ltr'>all</span> <span class='ocrx_word' id='word_1_132' title='bbox 687 1617 888 1702; x_wconf 84' lang='lat' dir='ltr'>praedictum</span> <span class='ocrx_word' id='word_1_133' title='bbox 898 1627 1026 1700; x_wconf 85' lang='lat' dir='ltr'>tempus</span> <span class='ocrx_word' id='word_1_134' title='bbox 1045 1615 1241 1696; x_wconf 85' lang='lat' dir='ltr'>completum</span> <span class='ocrx_word' id='word_1_135' title='bbox 1256 1609 1322 1679; x_wconf 81' lang='lat' dir='ltr'>lint.</span> 
     </span>
     <span class='ocr_line' id='line_1_17' title="bbox 172 1695 1323 1784; baseline -0.001 -25"><span class='ocrx_word' id='word_1_136' title='bbox 172 1697 217 1764; x_wconf 84' lang='lat' dir='ltr'>Et</span> <span class='ocrx_word' id='word_1_137' title='bbox 227 1698 316 1760; x_wconf 84' lang='lat' dir='ltr'>Missi</span> <span class='ocrx_word' id='word_1_138' title='bbox 335 1701 453 1776; x_wconf 83' lang='lat' dir='ltr'>nostri,</span> <span class='ocrx_word' id='word_1_139' title='bbox 469 1723 609 1784; x_wconf 87' lang='lat' dir='ltr'>quorum</span> <span class='ocrx_word' id='word_1_140' title='bbox 626 1701 774 1784; x_wconf 90' lang='lat' dir='ltr'>superius</span> <span class='ocrx_word' id='word_1_141' title='bbox 787 1701 986 1766; x_wconf 87' lang='lat' dir='ltr'>mentionem</span> <span class='ocrx_word' id='word_1_142' title='bbox 1000 1698 1154 1773; x_wconf 82' lang='lat' dir='ltr'>fecimus,</span> <span class='ocrx_word' id='word_1_143' title='bbox 1167 1695 1323 1756; x_wconf 79' lang='lat' dir='ltr'>volumus</span> 
     </span>
     <span class='ocr_line' id='line_1_18' title="bbox 173 1777 1322 1865; baseline 0.002 -23"><span class='ocrx_word' id='word_1_144' title='bbox 173 1791 211 1842; x_wconf 88' lang='lat' dir='ltr'>ut</span> <span class='ocrx_word' id='word_1_145' title='bbox 225 1783 419 1846; x_wconf 85' lang='lat' dir='ltr'>renuntient</span> <span class='ocrx_word' id='word_1_146' title='bbox 438 1783 471 1844; x_wconf 92' lang='lat' dir='ltr'>in</span> <span class='ocrx_word' id='word_1_147' title='bbox 488 1783 607 1865; x_wconf 87' lang='lat' dir='ltr'>quibus</span> <span class='ocrx_word' id='word_1_148' title='bbox 624 1785 703 1846; x_wconf 90' lang='lat' dir='ltr'>locis</span> <span class='ocrx_word' id='word_1_149' title='bbox 719 1791 828 1844; x_wconf 81' lang='lat' dir='ltr'>nostre</span> <span class='ocrx_word' id='word_1_150' title='bbox 852 1783 952 1858; x_wconf 71' lang='lat' dir='ltr'>iussio</span> <span class='ocrx_word' id='word_1_151' title='bbox 976 1780 1019 1842; x_wconf 92' lang='lat' dir='ltr'>im</span> <span class='ocrx_word' id='word_1_152' title='bbox 1043 1783 1126 1855; x_wconf 80' lang='lat' dir='ltr'>leto,</span> <span class='ocrx_word' id='word_1_153' title='bbox 1150 1778 1185 1838; x_wconf 86' lang='lat' dir='ltr'>in</span> <span class='ocrx_word' id='word_1_154' title='bbox 1200 1777 1322 1859; x_wconf 64' lang='lat' dir='ltr'>qulbus</span> 
     </span>
     <span class='ocr_line' id='line_1_19' title="bbox 174 1804 1321 1951; baseline 0.001 -23"><span class='ocrx_word' id='word_1_155' title='bbox 174 1865 327 1950; x_wconf 78' lang='lat' dir='ltr'>neglecte</span> <span class='ocrx_word' id='word_1_156' title='bbox 340 1877 408 1946; x_wconf 80' lang='lat' dir='ltr'>est,</span> <span class='ocrx_word' id='word_1_157' title='bbox 423 1873 479 1928; x_wconf 84' lang='lat' dir='ltr'>cut</span> <span class='ocrx_word' id='word_1_158' title='bbox 493 1867 603 1951; x_wconf 74' lang='lat' dir='ltr'>aliqud</span> <span class='ocrx_word' id='word_1_159' title='bbox 618 1867 947 1950; x_wconf 65' lang='lat' dir='ltr'>impossibilitatem}</span> <span class='ocrx_word' id='word_1_160' title='bbox 963 1804 1050 1928; x_wconf 68' lang='lat' dir='ltr'>oerld</span> <span class='ocrx_word' id='word_1_161' title='bbox 1064 1862 1191 1937; x_wconf 70' lang='lat' dir='ltr'>ratione</span> <span class='ocrx_word' id='word_1_162' title='bbox 1210 1860 1321 1922; x_wconf 80' lang='lat' dir='ltr'>dilata.</span> 
     </span>
    </p>
   </div>
   <div class='ocr_carea' id='block_1_10' title="bbox 515 1972 946 2042">
    <p class='ocr_par' dir='ltr' id='par_1_10' title="bbox 515 1972 946 2042">
     <span class='ocr_line' id='line_1_20' title="bbox 515 1972 946 2042; baseline -0.002 -7"><span class='ocrx_word' id='word_1_163' title='bbox 515 2009 518 2014; x_wconf 68' lang='lat'>,</span> <span class='ocrx_word' id='word_1_164' title='bbox 557 1975 618 2042; x_wconf 81' lang='lat' dir='ltr'>De·</span> <span class='ocrx_word' id='word_1_165' title='bbox 635 1976 729 2034; x_wconf 86' lang='lat' dir='ltr'>nonis</span> <span class='ocrx_word' id='word_1_166' title='bbox 751 1987 783 2034; x_wconf 88' lang='lat' dir='ltr'>et</span> <span class='ocrx_word' id='word_1_167' title='bbox 805 1972 946 2040; x_wconf 81' lang='lat' dir='ltr'>decimis.</span> 
     </span>
    </p>
   </div>
   <div class='ocr_carea' id='block_1_11' title="bbox 172 2071 1320 2888">
    <p class='ocr_par' dir='ltr' id='par_1_11' title="bbox 172 2071 1320 2888">
     <span class='ocr_line' id='line_1_21' title="bbox 258 2071 1320 2164; baseline -0.009 -22"><span class='ocrx_word' id='word_1_168' title='bbox 258 2077 355 2143; x_wconf 79' lang='lat' dir='ltr'>xxl.</span> <span class='ocrx_word' id='word_1_169' title='bbox 395 2081 445 2143; x_wconf 90' lang='lat' dir='ltr'>De</span> <span class='ocrx_word' id='word_1_170' title='bbox 469 2081 565 2143; x_wconf 88' lang='lat' dir='ltr'>nonis</span> <span class='ocrx_word' id='word_1_171' title='bbox 598 2081 732 2164; x_wconf 89' lang='lat' dir='ltr'>quidem</span> <span class='ocrx_word' id='word_1_172' title='bbox 757 2089 791 2142; x_wconf 92' lang='lat' dir='ltr'>et</span> <span class='ocrx_word' id='word_1_173' title='bbox 825 2079 976 2158; x_wconf 86' lang='lat' dir='ltr'>decimis,</span> <span class='ocrx_word' id='word_1_174' title='bbox 1007 2077 1096 2139; x_wconf 88' lang='lat' dir='ltr'>unde</span> <span class='ocrx_word' id='word_1_175' title='bbox 1125 2085 1157 2138; x_wconf 90' lang='lat' dir='ltr'>et</span> <span class='ocrx_word' id='word_1_176' title='bbox 1192 2071 1320 2158; x_wconf 88' lang='lat' dir='ltr'>genitor</span> 
     </span>
     <span class='ocr_line' id='line_1_22' title="bbox 174 2157 1319 2246; baseline -0.009 -21"><span class='ocrx_word' id='word_1_177' title='bbox 174 2169 287 2225; x_wconf 87' lang='lat' dir='ltr'>noster</span> <span class='ocrx_word' id='word_1_178' title='bbox 307 2172 339 2224; x_wconf 89' lang='lat' dir='ltr'>ot</span> <span class='ocrx_word' id='word_1_179' title='bbox 359 2185 418 2225; x_wconf 89' lang='lat' dir='ltr'>nos</span> <span class='ocrx_word' id='word_1_180' title='bbox 436 2163 627 2246; x_wconf 84' lang='lat' dir='ltr'>frequenter</span> <span class='ocrx_word' id='word_1_181' title='bbox 645 2173 677 2224; x_wconf 88' lang='lat' dir='ltr'>et</span> <span class='ocrx_word' id='word_1_182' title='bbox 699 2164 733 2222; x_wconf 90' lang='lat' dir='ltr'>in</span> <span class='ocrx_word' id='word_1_183' title='bbox 753 2163 891 2224; x_wconf 77' lang='lat' dir='ltr'>diuersis</span> <span class='ocrx_word' id='word_1_184' title='bbox 913 2161 1039 2244; x_wconf 89' lang='lat' dir='ltr'>placitis</span> <span class='ocrx_word' id='word_1_185' title='bbox 1065 2157 1319 2220; x_wconf 80' lang='lat' dir='ltr'>admonitionem</span> 
     </span>
     <span class='ocr_line' id='line_1_23' title="bbox 173 2243 1316 2330; baseline -0.01 -22"><span class='ocrx_word' id='word_1_186' title='bbox 173 2245 330 2320; x_wconf 77' lang='lat' dir='ltr'>fecimus,</span> <span class='ocrx_word' id='word_1_187' title='bbox 352 2257 385 2307; x_wconf 88' lang='lat' dir='ltr'>et</span> <span class='ocrx_word' id='word_1_188' title='bbox 402 2267 461 2330; x_wconf 89' lang='lat' dir='ltr'>per</span> <span class='ocrx_word' id='word_1_189' title='bbox 478 2246 675 2328; x_wconf 80' lang='lat' dir='ltr'>capitularia</span> <span class='ocrx_word' id='word_1_190' title='bbox 698 2255 805 2308; x_wconf 85' lang='lat' dir='ltr'>nostra</span> <span class='ocrx_word' id='word_1_191' title='bbox 833 2246 975 2328; x_wconf 84' lang='lat' dir='ltr'>qualiter</span> <span class='ocrx_word' id='word_1_192' title='bbox 997 2245 1078 2306; x_wconf 88' lang='lat' dir='ltr'>haec</span> <span class='ocrx_word' id='word_1_193' title='bbox 1101 2243 1316 2302; x_wconf 81' lang='lat' dir='ltr'>observentur</span> 
     </span>
     <span class='ocr_line' id='line_1_24' title="bbox 174 2325 1316 2411; baseline -0.007 -23"><span class='ocrx_word' id='word_1_194' title='bbox 174 2328 420 2404; x_wconf 78' lang='lat' dir='ltr'>ordinavimus,</span> <span class='ocrx_word' id='word_1_195' title='bbox 444 2330 593 2390; x_wconf 86' lang='lat' dir='ltr'>volumus</span> <span class='ocrx_word' id='word_1_196' title='bbox 615 2338 711 2411; x_wconf 89' lang='lat' dir='ltr'>atque</span> <span class='ocrx_word' id='word_1_197' title='bbox 728 2329 876 2390; x_wconf 88' lang='lat' dir='ltr'>iubemus</span> <span class='ocrx_word' id='word_1_198' title='bbox 896 2337 932 2390; x_wconf 89' lang='lat' dir='ltr'>ut</span> <span class='ocrx_word' id='word_1_199' title='bbox 946 2328 985 2388; x_wconf 82' lang='lat' dir='ltr'>tle</span> <span class='ocrx_word' id='word_1_200' title='bbox 1003 2325 1092 2389; x_wconf 88' lang='lat' dir='ltr'>omni</span> <span class='ocrx_word' id='word_1_201' title='bbox 1108 2325 1316 2386; x_wconf 80' lang='lat' dir='ltr'>conlaborato</span> 
     </span>
     <span class='ocr_line' id='line_1_25' title="bbox 174 2407 1319 2494; baseline -0.007 -23"><span class='ocrx_word' id='word_1_202' title='bbox 174 2412 265 2472; x_wconf 90' lang='lat' dir='ltr'>etde</span> <span class='ocrx_word' id='word_1_203' title='bbox 288 2411 366 2473; x_wconf 83' lang='lat' dir='ltr'>rino</span> <span class='ocrx_word' id='word_1_204' title='bbox 392 2421 424 2472; x_wconf 89' lang='lat' dir='ltr'>et</span> <span class='ocrx_word' id='word_1_205' title='bbox 442 2414 539 2473; x_wconf 88' lang='lat' dir='ltr'>foeno</span> <span class='ocrx_word' id='word_1_206' title='bbox 563 2412 705 2472; x_wconf 82' lang='lat' dir='ltr'>fideliter</span> <span class='ocrx_word' id='word_1_207' title='bbox 724 2421 756 2472; x_wconf 94' lang='lat' dir='ltr'>et</span> <span class='ocrx_word' id='word_1_208' title='bbox 773 2411 916 2494; x_wconf 87' lang='lat' dir='ltr'>pleniter</span> <span class='ocrx_word' id='word_1_209' title='bbox 939 2411 977 2471; x_wconf 87' lang='lat' dir='ltr'>ab</span> <span class='ocrx_word' id='word_1_210' title='bbox 1004 2407 1153 2470; x_wconf 89' lang='lat' dir='ltr'>omnibus</span> <span class='ocrx_word' id='word_1_211' title='bbox 1176 2427 1263 2467; x_wconf 87' lang='lat' dir='ltr'>nona</span> <span class='ocrx_word' id='word_1_212' title='bbox 1286 2413 1319 2464; x_wconf 88' lang='lat' dir='ltr'>et</span> 
     </span>
     <span class='ocr_line' id='line_1_26' title="bbox 175 2489 1318 2578; baseline -0.005 -25"><span class='ocrx_word' id='word_1_213' title='bbox 175 2492 300 2554; x_wconf 85' lang='lat' dir='ltr'>decima</span> <span class='ocrx_word' id='word_1_214' title='bbox 328 2495 538 2578; x_wconf 87' lang='lat' dir='ltr'>persolvatur.</span> <span class='ocrx_word' id='word_1_215' title='bbox 587 2498 637 2556; x_wconf 88' lang='lat' dir='ltr'>De</span> <span class='ocrx_word' id='word_1_216' title='bbox 672 2494 848 2555; x_wconf 88' lang='lat' dir='ltr'>nutrimine</span> <span class='ocrx_word' id='word_1_217' title='bbox 877 2516 955 2556; x_wconf 76' lang='lat' dir='ltr'>sero</span> <span class='ocrx_word' id='word_1_218' title='bbox 986 2491 1194 2578; x_wconf 82' lang='lat' dir='ltr'>prodecimo‚</span> <span class='ocrx_word' id='word_1_219' title='bbox 1233 2489 1318 2550; x_wconf 90' lang='lat' dir='ltr'>sicut</span> 
     </span>
     <span class='ocr_line' id='line_1_27' title="bbox 172 2570 1318 2655; baseline -0.006 -17"><span class='ocrx_word' id='word_1_220' title='bbox 172 2575 332 2638; x_wconf 85' lang='lat' dir='ltr'>hactenus</span> <span class='ocrx_word' id='word_1_221' title='bbox 363 2578 565 2639; x_wconf 90' lang='lat' dir='ltr'>consuetudo</span> <span class='ocrx_word' id='word_1_222' title='bbox 591 2578 675 2655; x_wconf 85' lang='lat' dir='ltr'>fuit,</span> <span class='ocrx_word' id='word_1_223' title='bbox 705 2578 746 2637; x_wconf 86' lang='lat' dir='ltr'>ab</span> <span class='ocrx_word' id='word_1_224' title='bbox 767 2576 916 2638; x_wconf 87' lang='lat' dir='ltr'>omnibns</span> <span class='ocrx_word' id='word_1_225' title='bbox 943 2577 1143 2637; x_wconf 86' lang='lat' dir='ltr'>observetur.</span> <span class='ocrx_word' id='word_1_226' title='bbox 1186 2570 1220 2632; x_wconf 91' lang='lat' dir='ltr'>Si</span> <span class='ocrx_word' id='word_1_227' title='bbox 1243 2571 1318 2650; x_wconf 85' lang='lat' dir='ltr'>quis</span> 
     </span>
     <span class='ocr_line' id='line_1_28' title="bbox 174 2653 1317 2760; baseline -0.007 -42"><span class='ocrx_word' id='word_1_228' title='bbox 174 2667 283 2722; x_wconf 87' lang='lat' dir='ltr'>tamen</span> <span class='ocrx_word' id='word_1_229' title='bbox 298 2659 535 2742; x_wconf 87' lang='lat' dir='ltr'>Episcoporum</span> <span class='ocrx_word' id='word_1_230' title='bbox 548 2661 649 2722; x_wconf 80' lang='lat' dir='ltr'>suerit</span> <span class='ocrx_word' id='word_1_231' title='bbox 659 2661 716 2760; x_wconf 72' lang='lat' dir='ltr'>gui</span> <span class='ocrx_word' id='word_1_232' title='bbox 733 2667 902 2742; x_wconf 85' lang='lat' dir='ltr'>argentum</span> <span class='ocrx_word' id='word_1_233' title='bbox 918 2681 980 2741; x_wconf 89' lang='lat' dir='ltr'>pro</span> <span class='ocrx_word' id='word_1_234' title='bbox 989 2659 1053 2720; x_wconf 88' lang='lat' dir='ltr'>hoe</span> <span class='ocrx_word' id='word_1_235' title='bbox 1066 2657 1211 2736; x_wconf 86' lang='lat' dir='ltr'>accipere</span> <span class='ocrx_word' id='word_1_236' title='bbox 1225 2653 1317 2727; x_wconf 83' lang='lat' dir='ltr'>velit,</span> 
     </span>
     <span class='ocr_line' id='line_1_29' title="bbox 174 2736 1318 2831; baseline -0.006 -31"><span class='ocrx_word' id='word_1_237' title='bbox 174 2741 208 2800; x_wconf 88' lang='lat' dir='ltr'>in</span> <span class='ocrx_word' id='word_1_238' title='bbox 234 2763 290 2806; x_wconf 82' lang='lat' dir='ltr'>sua</span> <span class='ocrx_word' id='word_1_239' title='bbox 315 2755 445 2804; x_wconf 86' lang='lat' dir='ltr'>maneat</span> <span class='ocrx_word' id='word_1_240' title='bbox 465 2753 639 2826; x_wconf 81' lang='lat' dir='ltr'>potestate,</span> <span class='ocrx_word' id='word_1_241' title='bbox 663 2751 752 2806; x_wconf 77' lang='lat' dir='ltr'>iuxta</span> <span class='ocrx_word' id='word_1_242' title='bbox 768 2743 856 2831; x_wconf 86' lang='lat' dir='ltr'>quod</span> <span class='ocrx_word' id='word_1_243' title='bbox 873 2743 903 2806; x_wconf 89' lang='lat' dir='ltr'>ei</span> <span class='ocrx_word' id='word_1_244' title='bbox 922 2751 954 2808; x_wconf 87' lang='lat' dir='ltr'>et</span> <span class='ocrx_word' id='word_1_245' title='bbox 968 2741 1017 2804; x_wconf 89' lang='lat' dir='ltr'>illi</span> <span class='ocrx_word' id='word_1_246' title='bbox 1038 2739 1094 2824; x_wconf 90' lang='lat' dir='ltr'>qui</span> <span class='ocrx_word' id='word_1_247' title='bbox 1114 2739 1178 2800; x_wconf 87' lang='lat' dir='ltr'>hoc</span> <span class='ocrx_word' id='word_1_248' title='bbox 1195 2736 1318 2820; x_wconf 76' lang='lat' dir='ltr'>persol-</span> 
     </span>
     <span class='ocr_line' id='line_1_30' title="bbox 176 2825 1188 2888; baseline 0.003 -3"><span class='ocrx_word' id='word_1_249' title='bbox 176 2845 253 2886; x_wconf 83' lang='lat' dir='ltr'>vere</span> <span class='ocrx_word' id='word_1_250' title='bbox 274 2825 370 2888; x_wconf 85' lang='lat' dir='ltr'>dehet</span> <span class='ocrx_word' id='word_1_251' title='bbox 389 2826 592 2888; x_wconf 85' lang='lat' dir='ltr'>convenerit.</span> <span class='ocrx_word' id='word_1_252' title='bbox 1186 2831 1188 2836; x_wconf 85' lang='lat'>&#39;</span> 
     </span>
    </p>
   </div>
   <div class='ocr_carea' id='block_1_12' title="bbox 229 2917 1266 3039">
    <p class='ocr_par' dir='ltr' id='par_1_12' title="bbox 229 2917 1266 3039">
     <span class='ocr_line' id='line_1_31' title="bbox 1117 2917 1125 2938; baseline 0 0"><span class='ocrx_word' id='word_1_253' title='bbox 1117 2917 1125 2938; x_wconf 62' lang='lat' dir='ltr'><em>s</em></span> 
     </span>
     <span class='ocr_line' id='line_1_32' title="bbox 229 2950 1266 3039; baseline -0.01 -20"><span class='ocrx_word' id='word_1_254' title='bbox 229 2957 286 3019; x_wconf 87' lang='lat' dir='ltr'>De</span> <span class='ocrx_word' id='word_1_255' title='bbox 303 2957 450 3039; x_wconf 79' lang='lat' dir='ltr'>operibus</span> <span class='ocrx_word' id='word_1_256' title='bbox 468 2957 502 3016; x_wconf 85' lang='lat' dir='ltr'>in</span> <span class='ocrx_word' id='word_1_257' title='bbox 521 2959 781 3019; x_wconf 80' lang='lat' dir='ltr'>restaurationem</span> <span class='ocrx_word' id='word_1_258' title='bbox 803 2956 1020 3018; x_wconf 78' lang='lat' dir='ltr'>Ecclesiarum</span> <span class='ocrx_word' id='word_1_259' title='bbox 1039 2950 1266 3037; x_wconf 77' lang='lat' dir='ltr'>adimplendis.</span> 
     </span>
    </p>
   </div>
   <div class='ocr_carea' id='block_1_13' title="bbox 173 3058 1319 3786">
    <p class='ocr_par' dir='ltr' id='par_1_13' title="bbox 173 3058 1319 3786">
     <span class='ocr_line' id='line_1_33' title="bbox 260 3058 1317 3145; baseline -0.009 -21"><span class='ocrx_word' id='word_1_260' title='bbox 260 3061 373 3128; x_wconf 85' lang='lat' dir='ltr'>XXll.</span> <span class='ocrx_word' id='word_1_261' title='bbox 415 3062 572 3129; x_wconf 87' lang='lat' dir='ltr'>Similiter</span> <span class='ocrx_word' id='word_1_262' title='bbox 588 3063 724 3145; x_wconf 87' lang='lat' dir='ltr'>quidem</span> <span class='ocrx_word' id='word_1_263' title='bbox 746 3064 785 3124; x_wconf 91' lang='lat' dir='ltr'>de</span> <span class='ocrx_word' id='word_1_264' title='bbox 806 3062 958 3145; x_wconf 86' lang='lat' dir='ltr'>operibus</span> <span class='ocrx_word' id='word_1_265' title='bbox 987 3061 1021 3122; x_wconf 90' lang='lat' dir='ltr'>in</span> <span class='ocrx_word' id='word_1_266' title='bbox 1048 3058 1317 3135; x_wconf 76' lang='lat' dir='ltr'>restaurationem</span> 
     </span>
     <span class='ocr_line' id='line_1_34' title="bbox 173 3140 1317 3224; baseline -0.006 -16"><span class='ocrx_word' id='word_1_267' title='bbox 173 3143 412 3221; x_wconf 87' lang='lat' dir='ltr'>Ecclesiarum,</span> <span class='ocrx_word' id='word_1_268' title='bbox 436 3145 503 3208; x_wconf 77' lang='lat' dir='ltr'>sire</span> <span class='ocrx_word' id='word_1_269' title='bbox 518 3146 550 3205; x_wconf 92' lang='lat' dir='ltr'>in</span> <span class='ocrx_word' id='word_1_270' title='bbox 567 3147 737 3224; x_wconf 85' lang='lat' dir='ltr'>faciendo,</span> <span class='ocrx_word' id='word_1_271' title='bbox 756 3146 821 3206; x_wconf 87' lang='lat' dir='ltr'>sive</span> <span class='ocrx_word' id='word_1_272' title='bbox 842 3146 877 3205; x_wconf 91' lang='lat' dir='ltr'>in</span> <span class='ocrx_word' id='word_1_273' title='bbox 891 3144 1101 3220; x_wconf 86' lang='lat' dir='ltr'>redimendo,</span> <span class='ocrx_word' id='word_1_274' title='bbox 1120 3140 1317 3224; x_wconf 87' lang='lat' dir='ltr'>episcopalis</span> 
     </span>
     <span class='ocr_line' id='line_1_35' title="bbox 173 3221 1315 3311; baseline -0.006 -23"><span class='ocrx_word' id='word_1_275' title='bbox 173 3229 282 3311; x_wconf 86' lang='lat' dir='ltr'>potius</span> <span class='ocrx_word' id='word_1_276' title='bbox 303 3236 459 3308; x_wconf 85' lang='lat' dir='ltr'>sequntur</span> <span class='ocrx_word' id='word_1_277' title='bbox 482 3229 642 3290; x_wconf 84' lang='lat' dir='ltr'>voluntas.</span> <span class='ocrx_word' id='word_1_278' title='bbox 684 3227 878 3289; x_wconf 85' lang='lat' dir='ltr'>Nullutenus</span> <span class='ocrx_word' id='word_1_279' title='bbox 897 3237 1007 3289; x_wconf 85' lang='lat' dir='ltr'>tamen</span> <span class='ocrx_word' id='word_1_280' title='bbox 1029 3233 1194 3287; x_wconf 82' lang='lat' dir='ltr'>remaneat</span> <span class='ocrx_word' id='word_1_281' title='bbox 1214 3221 1315 3304; x_wconf 91' lang='lat' dir='ltr'>quin,</span> 
     </span>
     <span class='ocr_line' id='line_1_36' title="bbox 174 3305 1316 3394; baseline -0.007 -22"><span class='ocrx_word' id='word_1_282' title='bbox 174 3309 294 3372; x_wconf 82' lang='lat' dir='ltr'>sicutd</span> <span class='ocrx_word' id='word_1_283' title='bbox 318 3310 520 3394; x_wconf 82' lang='lat' dir='ltr'>nobissaepe</span> <span class='ocrx_word' id='word_1_284' title='bbox 546 3311 668 3378; x_wconf 88' lang='lat' dir='ltr'>iussum</span> <span class='ocrx_word' id='word_1_285' title='bbox 692 3321 758 3388; x_wconf 89' lang='lat' dir='ltr'>est,</span> <span class='ocrx_word' id='word_1_286' title='bbox 779 3310 844 3370; x_wconf 89' lang='lat' dir='ltr'>hoc</span> <span class='ocrx_word' id='word_1_287' title='bbox 860 3320 915 3379; x_wconf 83' lang='lat' dir='ltr'>aut</span> <span class='ocrx_word' id='word_1_288' title='bbox 935 3309 1018 3370; x_wconf 87' lang='lat' dir='ltr'>illud</span> <span class='ocrx_word' id='word_1_289' title='bbox 1035 3309 1178 3392; x_wconf 88' lang='lat' dir='ltr'>partibus</span> <span class='ocrx_word' id='word_1_290' title='bbox 1197 3305 1316 3366; x_wconf 57' lang='lat' dir='ltr'>Eccleae</span> 
     </span>
     <span class='ocr_line' id='line_1_37' title="bbox 175 3387 1316 3475; baseline -0.004 -20"><span class='ocrx_word' id='word_1_291' title='bbox 175 3393 294 3455; x_wconf 86' lang='lat' dir='ltr'>siarum</span> <span class='ocrx_word' id='word_1_292' title='bbox 315 3393 530 3475; x_wconf 80' lang='lat' dir='ltr'>persolvatur.</span> <span class='ocrx_word' id='word_1_293' title='bbox 571 3396 614 3461; x_wconf 82' lang='lat' dir='ltr'>Et</span> <span class='ocrx_word' id='word_1_294' title='bbox 640 3391 702 3458; x_wconf 74' lang='lat' dir='ltr'>lroc</span> <span class='ocrx_word' id='word_1_295' title='bbox 729 3393 878 3459; x_wconf 82' lang='lat' dir='ltr'>omnibus</span> <span class='ocrx_word' id='word_1_296' title='bbox 903 3402 1016 3452; x_wconf 85' lang='lat' dir='ltr'>notum</span> <span class='ocrx_word' id='word_1_297' title='bbox 1041 3394 1100 3470; x_wconf 84' lang='lat' dir='ltr'>sit,</span> <span class='ocrx_word' id='word_1_298' title='bbox 1132 3389 1209 3471; x_wconf 85' lang='lat' dir='ltr'>quia</span> <span class='ocrx_word' id='word_1_299' title='bbox 1239 3387 1316 3467; x_wconf 71' lang='lat' dir='ltr'>qai-</span> 
     </span>
     <span class='ocr_line' id='line_1_38' title="bbox 175 3471 1316 3558; baseline -0.009 -20"><span class='ocrx_word' id='word_1_300' title='bbox 175 3491 306 3556; x_wconf 89' lang='lat' dir='ltr'>cnnque</span> <span class='ocrx_word' id='word_1_301' title='bbox 333 3475 537 3557; x_wconf 83' lang='lat' dir='ltr'>negligenter</span> <span class='ocrx_word' id='word_1_302' title='bbox 561 3477 679 3538; x_wconf 81' lang='lat' dir='ltr'>exinde</span> <span class='ocrx_word' id='word_1_303' title='bbox 708 3475 834 3558; x_wconf 89' lang='lat' dir='ltr'>egerit,</span> <span class='ocrx_word' id='word_1_304' title='bbox 871 3485 904 3540; x_wconf 89' lang='lat' dir='ltr'>et</span> <span class='ocrx_word' id='word_1_305' title='bbox 935 3497 1042 3536; x_wconf 88' lang='lat' dir='ltr'>coram</span> <span class='ocrx_word' id='word_1_306' title='bbox 1073 3473 1165 3534; x_wconf 84' lang='lat' dir='ltr'>nobis</span> <span class='ocrx_word' id='word_1_307' title='bbox 1194 3471 1316 3531; x_wconf 80' lang='lat' dir='ltr'>exinde</span> 
     </span>
     <span class='ocr_line' id='line_1_39' title="bbox 175 3551 1317 3642; baseline -0.007 -24"><span class='ocrx_word' id='word_1_308' title='bbox 175 3559 342 3642; x_wconf 80' lang='lat' dir='ltr'>negligens</span> <span class='ocrx_word' id='word_1_309' title='bbox 358 3568 505 3637; x_wconf 84' lang='lat' dir='ltr'>repertus</span> <span class='ocrx_word' id='word_1_310' title='bbox 523 3559 631 3635; x_wconf 73' lang='lat' dir='ltr'>tuerit,</span> <span class='ocrx_word' id='word_1_311' title='bbox 646 3559 730 3624; x_wconf 88' lang='lat' dir='ltr'>illud</span> <span class='ocrx_word' id='word_1_312' title='bbox 743 3560 890 3623; x_wconf 77' lang='lat' dir='ltr'>volumus</span> <span class='ocrx_word' id='word_1_313' title='bbox 906 3559 1038 3617; x_wconf 85' lang='lat' dir='ltr'>omnino</span> <span class='ocrx_word' id='word_1_314' title='bbox 1052 3568 1088 3622; x_wconf 87' lang='lat' dir='ltr'>ut</span> <span class='ocrx_word' id='word_1_315' title='bbox 1100 3555 1212 3619; x_wconf 79' lang='lat' dir='ltr'>subeat</span> <span class='ocrx_word' id='word_1_316' title='bbox 1225 3551 1317 3633; x_wconf 80' lang='lat' dir='ltr'>qnod</span> 
     </span>
     <span class='ocr_line' id='line_1_40' title="bbox 174 3636 1319 3720; baseline -0.007 -19"><span class='ocrx_word' id='word_1_317' title='bbox 174 3641 209 3701; x_wconf 89' lang='lat' dir='ltr'>in</span> <span class='ocrx_word' id='word_1_318' title='bbox 241 3649 351 3702; x_wconf 88' lang='lat' dir='ltr'>nostro</span> <span class='ocrx_word' id='word_1_319' title='bbox 382 3643 428 3703; x_wconf 86' lang='lat' dir='ltr'>Ca</span> <span class='ocrx_word' id='word_1_320' title='bbox 454 3641 562 3706; x_wconf 89' lang='lat' dir='ltr'>itulari</span> <span class='ocrx_word' id='word_1_321' title='bbox 589 3641 630 3704; x_wconf 88' lang='lat' dir='ltr'>de</span> <span class='ocrx_word' id='word_1_322' title='bbox 655 3641 716 3707; x_wconf 86' lang='lat' dir='ltr'>hac</span> <span class='ocrx_word' id='word_1_323' title='bbox 737 3661 773 3704; x_wconf 91' lang='lat' dir='ltr'>re</span> <span class='ocrx_word' id='word_1_324' title='bbox 798 3641 962 3720; x_wconf 78' lang='lat' dir='ltr'>communi</span> <span class='ocrx_word' id='word_1_325' title='bbox 992 3641 1145 3702; x_wconf 89' lang='lat' dir='ltr'>consultu</span> <span class='ocrx_word' id='word_1_326' title='bbox 1168 3636 1319 3710; x_wconf 82' lang='lat' dir='ltr'>fidelium</span> 
     </span>
     <span class='ocr_line' id='line_1_41' title="bbox 176 3663 607 3786; baseline 0 -2"><span class='ocrx_word' id='word_1_327' title='bbox 176 3733 360 3784; x_wconf 87' lang='lat' dir='ltr'>nostrorum</span> <span class='ocrx_word' id='word_1_328' title='bbox 379 3663 607 3786; x_wconf 55' lang='lat' dir='ltr'>ordnuvimus.</span> 
     </span>
    </p>
   </div>
   <div class='ocr_carea' id='block_1_14' title="bbox 176 3843 1318 3999">
    <p class='ocr_par' dir='ltr' id='par_1_14' title="bbox 176 3843 1318 3999">
     <span class='ocr_line' id='line_1_42' title="bbox 176 3843 1318 3927; baseline -0.008 -9"><span class='ocrx_word' id='word_1_329' title='bbox 176 3857 230 3918; x_wconf 86' lang='lat' dir='ltr'>De</span> <span class='ocrx_word' id='word_1_330' title='bbox 247 3855 443 3927; x_wconf 82' lang='lat' dir='ltr'>Comitibut,</span> <span class='ocrx_word' id='word_1_331' title='bbox 466 3867 500 3915; x_wconf 91' lang='lat' dir='ltr'>ut</span> <span class='ocrx_word' id='word_1_332' title='bbox 515 3853 675 3915; x_wconf 85' lang='lat' dir='ltr'>Ministris</span> <span class='ocrx_word' id='word_1_333' title='bbox 694 3853 858 3918; x_wconf 78' lang='lat' dir='ltr'>Ecclesiae·</span> <span class='ocrx_word' id='word_1_334' title='bbox 872 3855 907 3914; x_wconf 84' lang='lat' dir='ltr'>in</span> <span class='ocrx_word' id='word_1_335' title='bbox 928 3853 993 3914; x_wconf 88' lang='lat' dir='ltr'>suis</span> <span class='ocrx_word' id='word_1_336' title='bbox 1014 3851 1198 3920; x_wconf 86' lang='lat' dir='ltr'>ministeriis</span> <span class='ocrx_word' id='word_1_337' title='bbox 1220 3843 1318 3916; x_wconf 81' lang='lat' dir='ltr'>adiu-</span> 
     </span>
     <span class='ocr_line' id='line_1_43' title="bbox 659 3939 828 3999; baseline -0.012 -1"><span class='ocrx_word' id='word_1_338' title='bbox 659 3949 742 3999; x_wconf 87' lang='lat' dir='ltr'>tores</span> <span class='ocrx_word' id='word_1_339' title='bbox 757 3939 828 3998; x_wconf 84' lang='lat' dir='ltr'>sint.</span> 
     </span>
    </p>
   </div>
   <div class='ocr_carea' id='block_1_15' title="bbox 175 4039 1322 4299">
    <p class='ocr_par' dir='ltr' id='par_1_15' title="bbox 175 4039 1322 4299">
     <span class='ocr_line' id='line_1_44' title="bbox 258 4039 1321 4106; baseline -0.006 -2"><span class='ocrx_word' id='word_1_340' title='bbox 258 4040 388 4104; x_wconf 77' lang='lat' dir='ltr'>Xthl.</span> <span class='ocrx_word' id='word_1_341' title='bbox 431 4043 574 4106; x_wconf 79' lang='lat' dir='ltr'>Comites</span> <span class='ocrx_word' id='word_1_342' title='bbox 595 4065 672 4104; x_wconf 85' lang='lat' dir='ltr'>vero</span> <span class='ocrx_word' id='word_1_343' title='bbox 695 4043 852 4104; x_wconf 87' lang='lat' dir='ltr'>Ministris</span> <span class='ocrx_word' id='word_1_344' title='bbox 871 4042 1038 4104; x_wconf 80' lang='lat' dir='ltr'>Ecclesiae</span> <span class='ocrx_word' id='word_1_345' title='bbox 1061 4040 1095 4101; x_wconf 87' lang='lat' dir='ltr'>in</span> <span class='ocrx_word' id='word_1_346' title='bbox 1119 4061 1232 4102; x_wconf 91' lang='lat' dir='ltr'>eorum</span> <span class='ocrx_word' id='word_1_347' title='bbox 1253 4039 1321 4099; x_wconf 88' lang='lat' dir='ltr'>mi-</span> 
     </span>
     <span class='ocr_line' id='line_1_45' title="bbox 177 4122 1318 4210; baseline -0.004 -24"><span class='ocrx_word' id='word_1_348' title='bbox 177 4127 338 4202; x_wconf 75' lang='lat' dir='ltr'>nisteriis,</span> <span class='ocrx_word' id='word_1_349' title='bbox 364 4133 400 4184; x_wconf 91' lang='lat' dir='ltr'>ut</span> <span class='ocrx_word' id='word_1_350' title='bbox 418 4123 481 4187; x_wconf 90' lang='lat' dir='ltr'>hoc</span> <span class='ocrx_word' id='word_1_351' title='bbox 501 4126 629 4210; x_wconf 91' lang='lat' dir='ltr'>plenius</span> <span class='ocrx_word' id='word_1_352' title='bbox 652 4136 683 4187; x_wconf 89' lang='lat' dir='ltr'>et</span> <span class='ocrx_word' id='word_1_353' title='bbox 702 4126 741 4186; x_wconf 89' lang='lat' dir='ltr'>de</span> <span class='ocrx_word' id='word_1_354' title='bbox 765 4125 881 4188; x_wconf 89' lang='lat' dir='ltr'>nostris</span> <span class='ocrx_word' id='word_1_355' title='bbox 903 4135 935 4186; x_wconf 88' lang='lat' dir='ltr'>et</span> <span class='ocrx_word' id='word_1_356' title='bbox 950 4125 990 4186; x_wconf 91' lang='lat' dir='ltr'>de</span> <span class='ocrx_word' id='word_1_357' title='bbox 1009 4146 1042 4186; x_wconf 89' lang='lat' dir='ltr'>se</span> <span class='ocrx_word' id='word_1_358' title='bbox 1060 4131 1092 4184; x_wconf 90' lang='lat' dir='ltr'>et</span> <span class='ocrx_word' id='word_1_359' title='bbox 1113 4123 1153 4184; x_wconf 90' lang='lat' dir='ltr'>de</span> <span class='ocrx_word' id='word_1_360' title='bbox 1171 4123 1236 4184; x_wconf 88' lang='lat' dir='ltr'>suis</span> <span class='ocrx_word' id='word_1_361' title='bbox 1253 4122 1318 4182; x_wconf 90' lang='lat' dir='ltr'>ho-</span> 
     </span>
     <span class='ocr_line' id='line_1_46' title="bbox 175 4205 1322 4299; baseline -0.003 -30"><span class='ocrx_word' id='word_1_362' title='bbox 175 4209 315 4270; x_wconf 85' lang='lat' dir='ltr'>minibus</span> <span class='ocrx_word' id='word_1_363' title='bbox 342 4206 488 4272; x_wconf 85' lang='lat' dir='ltr'>obtinere</span> <span class='ocrx_word' id='word_1_364' title='bbox 517 4209 661 4299; x_wconf 81' lang='lat' dir='ltr'>possint,</span> <span class='ocrx_word' id='word_1_365' title='bbox 696 4209 860 4274; x_wconf 86' lang='lat' dir='ltr'>adiutores</span> <span class='ocrx_word' id='word_1_366' title='bbox 892 4209 926 4269; x_wconf 91' lang='lat' dir='ltr'>in</span> <span class='ocrx_word' id='word_1_367' title='bbox 952 4207 1102 4270; x_wconf 87' lang='lat' dir='ltr'>omuibus</span> <span class='ocrx_word' id='word_1_368' title='bbox 1133 4206 1220 4276; x_wconf 83' lang='lat' dir='ltr'>liant.</span> <span class='ocrx_word' id='word_1_369' title='bbox 1274 4205 1322 4266; x_wconf 85' lang='lat' dir='ltr'>Et</span> 
     </span>
    </p>
   </div>
   <div class='ocr_carea' id='block_1_16' title="bbox 0 0 1468 4986">
    <p class='ocr_par' dir='ltr' id='par_1_16' title="bbox 0 0 1468 4986">
     <span class='ocr_line' id='line_1_47' title="bbox 0 0 1468 4986; baseline 0 1"><span class='ocrx_word' id='word_1_370' title='bbox 0 0 1468 4986; x_wconf 95' lang='lat' dir='ltr'> </span> 
     </span>
    </p>
   </div>
  </div>
 </body>
</html>
