2958 4986
295 353 437 441 noun.
539 351 942 412 -ausunsanucoauu
1046 347 1108 408 eoa.
1225 323 1294 414 1⁶9

156 507 272 561 terrae,
314 497 357 558 Et
371 497 485 559 scitote
502 496 579 580 quia
592 497 643 562 illi
662 495 722 560 soli
740 495 821 557 salvi
839 515 906 557 esse
926 501 1095 580 poterunt,
1119 501 1150 558 et
1168 489 1218 548 illi
1235 489 1295 550 soli

155 580 199 640 ad
219 599 357 662 regnum
379 581 441 641 Dei
464 579 651 664 pertinent,
680 579 738 662 qui
767 579 800 664 in
837 579 928 654 istius
940 575 1120 664 ,Ecclesiae
1147 573 1231 634 sedis
1266 579 1297 632 et

156 662 388 725 commuuione
402 673 434 726 et
448 663 580 725 caritate
595 671 814 748 perseverant.

210 863 215 874 ·
280 822 547 890 CAPITULARE
589 829 821 891 SECUNDUM
862 825 965 888 ANNI
1007 820 1168 886 DCCCll.
1201 837 1202 851 ¹

156 960 244 1038 sive
263 962 335 1033 alia
362 961 521 1056 capitula
538 963 623 1032 data
647 960 769 1032 Missis
788 957 1016 1047 Dominicis,
1043 953 1175 1028 eodem
1192 978 1296 1029 anno.

351 1129 427 1170 tran
451 1127 604 1170 obstruat
624 1127 738 1168 utnon
761 1125 968 1168 tnrtnt'ronts
993 1123 1103 1166 nuent.

234 1255 262 1318 I.
286 1215 354 1318 De
372 1247 545 1325 fidelitate,
568 1244 793 1315 iusiurandum
809 1253 846 1306 ut
865 1265 976 1307 omnes
993 1245 1228 1330 repromittant.
1280 1295 1282 1300 .

237 1357 283 1420 ΙΙ.
324 1357 374 1417 De
398 1353 567 1436 Episcopis
595 1361 629 1414 et
644 1351 782 1435 reliquis
802 1351 1048 1430 Sacerdotibus,
1071 1353 1097 1414 si
1116 1355 1301 1417 secunddm

49 1485 52 1492 -
154 1441 347 1502 canonicam
367 1437 605 1514 institutionem
626 1434 759 1515 vivant,
782 1444 817 1499 et
840 1435 868 1496 si
891 1456 1031 1498 canones
1056 1436 1141 1498 bend
1164 1437 1299 1500 intelle·

155 1533 235 1608 gant
248 1533 281 1586 et
299 1521 507 1604 adimpleant.
1306 1579 1308 1584 .

240 1607 304 1670 Ill.
345 1607 395 1666 D'e
409 1603 608 1683 Abbatibus,
631 1603 741 1665 utrium
763 1599 944 1665 secundum
965 1600 1111 1682 regulam
1131 1626 1171 1664 au
1197 1626 1298 1668 cauo-

157 1689 233 1754 nice
247 1689 378 1765 vivant,
402 1687 474 1749 etsi
494 1688 641 1771 regulam
656 1696 711 1748 aut
733 1700 873 1751 canones
889 1683 973 1746 bend
992 1683 1195 1768 intellegant.

239 1771 298 1836 IV.
339 1774 390 1832 De
403 1771 605 1832 monasteriis
625 1771 770 1832 virorum
786 1769 842 1830 ubi
859 1767 1012 1830 Monachi
1028 1776 1121 1846 sunt,
1144 1771 1170 1831 si
1187 1792 1301 1832 secun-

158 1855 237 1918 dum
254 1853 405 1938 regulam
415 1853 550 1934 vivant,
572 1853 627 1914 ubi
643 1853 798 1937 promissa
816 1860 873 1914 est.

243 1938 284 2001 V.
324 1939 374 1998 De
389 1937 592 1999 monasteriis
609 1937 811 2019 puellarum,
835 1932 945 1995 utrdm
959 1933 1140 1998 secunddm
1154 1935 1300 2020 regulam

159 2043 202 2082 an
220 2019 376 2083 canonice
397 2020 528 2099 vivant,
550 2021 640 2082 etde
661 2019 808 2082 claustris
828 2039 949 2082 earum.

243 2103 302 2166 Vl.
343 2105 393 2164 De
415 2103 541 2187 legibus
559 2103 743 2166 mundanis.

246 2184 324 2249 Vll:
365 2189 415 2248 De
432 2186 594 2271 periuriis.

240 2266 336 2332 VIII.
378 2270 428 2330 De
448 2269 642 2332 homicidiis·

242 2349 299 2413 lx.
339 2353 389 2414 De
411 2353 579 2414 adulteriis
601 2363 635 2415 et
649 2351 783 2441 inlicitis
805 2373 908 2415 causis
927 2350 1139 2436 perpetratis,
1159 2359 1224 2412 tam
1241 2372 1302 2434 per

157 2433 324 2518 episcopia
341 2444 377 2496 et
388 2437 581 2498 monasteria
595 2437 741 2500 virorum
756 2447 790 2499 et
807 2437 1010 2525 puellarum,
1032 2455 1195 2518 quamque
1214 2435 1303 2495 inter

113 2533 116 2538 '
157 2517 321 2579 seculares
343 2517 502 2581 homines.

244 2601 283 2660 X.
313 2604 362 2662 De
374 2601 635 2666 illishominibus
648 2603 706 2688 qui
716 2601 991 2665 nostrabenelicia
1003 2600 1126 2662 hahent
1140 2600 1303 2662 destructa

85 2693 88 2700 '
158 2691 192 2744 et
205 2682 315 2744 alodes
329 2706 437 2746 eorem
449 2695 653 2748 restauratos.
676 2686 834 2747 Similiter
852 2696 885 2748 et
903 2685 1053 2746 derebus
1069 2683 1301 2746 Ecclesiarum.

241 2765 301 2828 Xl.
344 2770 393 2828 De
417 2768 483 2828 illis
504 2770 686 2831 Saxouibus
709 2768 766 2851 qui
792 2769 952 2831 beneficia
975 2777 1085 2828 nostra
1108 2769 1142 2828 in
1162 2767 1302 2828 Francia

155 2849 298 2927 habent,
322 2852 486 2932 quomodo
503 2861 559 2912 aut
576 2853 717 2934 qualiter
732 2851 872 2915 habeant
892 2850 1101 2914 contradicta.

243 2931 321 2992 ΧΗ.
361 2935 420 2996 De'
434 2935 642 3016 oppressione
664 2935 843 2997 liberorum
855 2934 1025 2998 hominum
1041 2933 1229 3016 pauperum¹
1242 2933 1300 3019 qui

159 3019 194 3076 in
210 3015 356 3080 exercitu
376 3017 424 3079 ire
442 3017 582 3096 debent,
602 3027 635 3079 et
655 3016 857 3080 dludicibus
877 3028 955 3080 sunt
971 3017 1126 3100 oppressi.

243 3098 336 3194 Xlll.
379 3101 421 3161 Ut
453 3121 565 3166 omnes
592 3102 772 3184 praeparati
804 3103 871 3164 sint
903 3099 1006 3177 bend,
1034 3097 1301 3182 quandocunque

161 3193 268 3244 nostra
287 3181 385 3242 iussio
406 3183 544 3244 venerit.
988 3197 996 3204 ‘

232 3263 335 3326 -XlV.
377 3268 425 3326 De
444 3265 582 3348 navigiis
600 3265 830 3348 praeparandIs
848 3264 934 3326 circa
952 3264 1065 3344 littora
1080 3263 1186 3326 maris.
1202 3269 1239 3343 y)

129 3414 132 3420 ,
243 3347 317 3410 XV.
360 3350 409 3409 De
426 3347 536 3410 liberis
556 3349 742 3411 hominibus
761 3349 819 3432 qui
837 3347 923 3408 circa
942 3347 1103 3408 maritima
1120 3349 1191 3408 loca
1212 3347 1302 3406 habi-

160 3443 250 3508 tant,
274 3431 301 3493 si
323 3430 459 3494 nuntius
484 3433 612 3494 venerit
632 3441 667 3492 ut
688 3433 727 3494 ad
748 3433 988 3494 succurendum
1007 3431 1147 3492 debeant
1165 3430 1300 3507 venire,

160 3525 194 3575 et
223 3515 284 3576 hoc
313 3513 540 3595 neglexerint,
564 3515 789 3598 unusquisque
817 3513 937 3576 solidos
963 3513 1080 3596 viginti
1106 3523 1301 3593 componat,

160 3597 367 3658 medietatem
393 3596 426 3656 in
448 3597 631 3675 dominico,
662 3599 868 3660 medietatem
890 3598 929 3658 ad
950 3597 1119 3680 populum.
1162 3599 1196 3658 si
1218 3597 1301 3659 ictus

160 3679 283 3764 luerit,
318 3677 438 3742 solidos
463 3680 652 3764 quindecim
677 3689 849 3765 componat
869 3680 909 3740 ad
941 3680 1120 3763 populum,
1155 3690 1188 3741 et
1209 3679 1301 3750 fredo

161 3761 336 3824 dominico.

243 3843 335 3908 XVl.
377 3848 426 3906 De
449 3845 666 3928 legationibus
690 3847 729 3908 ad
754 3869 812 3908 nos
835 3845 1061 3924 venientibus,
1085 3853 1118 3908 et
1138 3844 1177 3906 de
1197 3842 1301 3905 Missis

159 3928 292 3989 duobis
306 3928 455 3991 directis.
514 3957 515 3961 ¹

241 4010 350 4072 XVII.
393 4015 442 4073 De
463 4010 514 4072 his
534 4033 615 4092 quos
631 4013 783 4074 volumus
800 4021 836 4072 ut
851 4033 964 4096 pacem
980 4010 1120 4073 habeant
1138 4019 1170 4072 et
1189 4007 1302 4072 delen·

159 4093 284 4156 sionem
300 4116 360 4178 per
375 4116 492 4178 regna,
515 4093 644 4157 Christo
660 4093 819 4180 propitio,
842 4105 960 4157 nostra.
1128 4095 1132 4112 ⁸

165 4239 400 4256 Ἣ
466 4240 468 4244 ·

156 4337 160 4349 “
193 4314 229 4386 νγ)
265 4319 299 4371 In
313 4317 439 4391 quibunt.
452 4295 537 4374 toda.
555 4335 612 4393 cap.
634 4319 670 4386 14.
687 4319 952 4377 15.21.22.desuut.
