2952 4988
209 287 284 364 288
456 310 489 366 n.
512 309 598 367 cun.
705 312 963 370 carnutium
1068 313 1130 376 trs

537 451 588 514 De
615 451 748 514 inlicitis
767 455 1054 518 coniunctionibus

290 556 446 621 XXXlll.
489 557 648 620 Similiter
677 557 822 642 inquirat
859 562 1085 644 unusquisque
1114 561 1270 623 homines
1303 557 1368 624 sibi

209 643 405 718 commissos,
417 641 471 702 ubi
483 642 615 704 forsitan
627 641 806 722 invenitur,
821 641 877 702 ubi
893 645 997 704 iactae
1020 655 1096 706 sunt
1110 645 1261 705 inlicitae
1281 667 1366 706 cou-

205 727 405 802 iunctiones,
421 723 463 784 ita
478 733 514 785 ut
529 723 585 806 qui
602 745 738 786 uxorem
752 725 948 788 consobrino
961 735 1017 787 aut
1030 727 1198 788 insobrino
1213 749 1276 788 suo
1284 749 1365 790 uxo-

204 827 275 870 ren
296 808 451 884 duxisset,
473 815 528 866 aut
547 807 644 868 etiam
654 805 833 888 quamlibet
849 819 1019 892 parentem
1039 833 1130 872 suam
1147 809 1362 894 sibimetipsis

207 913 343 954 uxorem
355 889 549 974 copulasset,
565 889 636 950 sine
654 892 741 950 omni
766 891 954 952 dilatatione
971 893 997 965 l)
1014 913 1068 954 eos
1084 894 1123 953 ab
1140 893 1287 954 invicem
1307 907 1361 956 se·

204 983 331 1058 posent,
354 983 387 1034 et
402 991 456 1035 eos
470 973 511 1034 ad
528 973 749 1056 poenitentiae
764 974 945 1035 remedium
966 977 1086 1036 iaciant
1105 977 1275 1037 destinari.

326 1083 382 1144 Dc
402 1099 440 1142 co
459 1081 516 1166 pici
529 1099 666 1140 uxorem
688 1081 828 1140 simulet
850 1082 1056 1144 concubinam
1072 1081 1232 1144 imbuerit.
1248 1089 1261 1110 ’

286 1180 441 1250 xxxiv,
479 1187 521 1246 Et
549 1185 612 1246 boc
642 1185 736 1246 etiam
762 1186 943 1264 statuimus,
971 1196 1007 1248 ut
1033 1189 1144 1249 cuncti
1176 1189 1359 1272 diligenter

204 1271 373 1354 inquirunt
388 1269 415 1332 si
439 1277 486 1330 est
511 1263 607 1328 bomo
631 1289 766 1328 uxorem
783 1267 904 1332 habens
924 1279 1081 1353 utsupra,
1101 1272 1170 1354 ipsa
1192 1295 1270 1333 cum
1293 1273 1359 1333 alia

203 1355 402 1430 adulterans,
419 1361 450 1412 et
471 1349 687 1413 concubinam
705 1351 899 1428 hahuerit‚i
928 1353 986 1413 tali
1008 1353 1106 1436 igitur
1127 1355 1254 1416 inlicita
1277 1377 1357 1438 per-

202 1437 385 1518 petratione
410 1435 530 1494 iaciunt
551 1451 605 1494 eos
630 1453 705 1493 cum
727 1433 813 1494 omni
835 1435 1059 1497 sollicitudine
1090 1439 1244 1520 separari.
1300 1438 1356 1499 Sic

202 1519 325 1602 placuit
344 1521 472 1579 Domuo
495 1517 586 1596 Regi,
608 1527 643 1576 ut
666 1518 722 1598 qui
744 1518 824 1578 haec
844 1519 985 1580 nefanda
1001 1520 1138 1580 c'rimina
1156 1532 1202 1595 m)
1219 1522 1260 1582 de
1285 1529 1355 1581 ter·

202 1601 300 1662 minis
317 1602 377 1664 sibi
395 1599 584 1676 commissis,
602 1609 639 1658 ut
669 1599 820 1676 diximus,
843 1601 1016 1663 emendare
1039 1603 1234 1686 neglexerit,
1255 1613 1295 1664 ut
1318 1603 1354 1662 in

201 1706 292 1746 sucro
311 1684 431 1770 palutio
454 1681 679 1764 widrigildum
696 1705 791 1744 suum
814 1693 995 1768 componat.

389 1787 451 1854 ¹Dc
477 1791 657 1852 bominibus
678 1790 803 1851 Domno
826 1790 948 1852 Karolo
966 1792 1161 1876 infidelibus.

283 1897 418 1959 XXXV.
459 1895 658 1978 Desingulis
688 1895 837 1978 capitulis
870 1895 990 1978 quibus
1008 1899 1155 1960 Domnus
1174 1899 1246 1960 Rex
1271 1900 1355 1964 Mis-

202 1982 245 2044 sis
266 1982 332 2042 suis
351 1979 525 2062 praecepit,
542 1979 599 2060 qui
624 1979 716 2038 nulla
733 1988 931 2040 sacramenta
953 1980 1094 2042 debeant
1112 1982 1226 2042 audire
1249 1993 1281 2044 et
1301 1985 1354 2044 fa-

201 2085 286 2126 cere.
329 2063 547 2142 Quamobrem
564 2063 622 2122 istu
645 2071 843 2122 sacramenta
861 2071 938 2122 sunt
955 2064 1135 2124 necessaria
1155 2083 1216 2147 per
1233 2067 1353 2128 ordine

202 2170 243 2208 ex
276 2147 409 2230 antiqua
439 2143 678 2207 cousuetudine
699 2144 875 2226 'explicare
908 2145 1044 2206 faciunt.
1087 2147 1129 2206 Et
1148 2148 1224 2229 quia
1252 2150 1354 2209 modo

201 2230 252 2290 isti
277 2229 426 2290 infideles
446 2227 595 2288 homines
609 2249 761 2309 magnum
784 2226 991 2290 conturbium
1007 2227 1040 2288 iu
1067 2247 1206 2324 regnum
1226 2232 1353 2292 Domni

200 2313 313 2372 Karoli
339 2311 435 2392 Regis
455 2309 621 2370 voluerint
650 2309 837 2382 terminare,
869 2319 901 2372 et
933 2311 967 2370 iu
993 2310 1062 2372 eius
1085 2322 1152 2372 vita
1182 2315 1352 2375 consiliati

200 2404 286 2472 sunt,
301 2403 335 2456 et
355 2393 502 2475 inquisiti
526 2391 682 2453 dixerunt
706 2393 793 2473 quod
815 2392 1004 2452 fidelitatem
1026 2394 1056 2453 ei
1085 2416 1150 2456 uon
1175 2397 1349 2458 iurassent.

265 2525 275 2540 ⁴
330 2499 499 2582 Quomodo
520 2511 749 2559 sacramentum
761 2495 941 2582 fidelitatis
963 2499 1134 2560 iurandum
1152 2504 1204 2563 sit.

281 2605 434 2667 XXXVI.
477 2605 649 2682 Quomodo
666 2604 750 2664 illud
775 2615 1009 2666 sacramentum
1029 2607 1171 2667 iuratum
1194 2633 1264 2672 esse
1287 2611 1350 2676 de-

199 2689 274 2750 beat
291 2690 329 2748 ab
350 2687 520 2770 Episcopis
535 2697 566 2747 et
581 2687 771 2765 Abbatibus,
789 2687 856 2747 sive
879 2689 1060 2750 Comitibus
1084 2691 1137 2752 vel
1160 2694 1270 2756 Vassis
1292 2717 1350 2757 re-

200 2772 336 2855 galibus,
354 2793 481 2831 necnon
505 2769 741 2846 vicedominis,
760 2769 1064 2846 Arclridiaeonibus,
1083 2783 1181 2856 atque
1205 2779 1350 2838 Canoni-

199 2857 256 2917 cis.
300 2853 421 2916 Clerici
441 2853 498 2936 qui
523 2851 757 2914 Monachorum
782 2854 913 2914 nomine
943 2877 1009 2914 non
1039 2856 1182 2938 pleniter
1211 2881 1349 2922 conser-

198 2960 275 3002 vare
293 2938 458 3012 videntur,
475 2945 507 2996 et
527 2937 582 2995 ubi
599 2935 744 3016 regulam
762 2937 862 2997 sancti
890 2937 1059 3000 Benedicti
1082 2941 1263 3002 secundum
1291 2965 1348 3004 or-

199 3023 310 3084 dinem
327 3029 450 3095 tenent,
468 3018 528 3101 ipsi
551 3020 583 3077 in
603 3018 699 3078 verbo
719 3027 843 3078 tantum
856 3028 887 3078 et
907 3020 1042 3082 veritate
1071 3023 1274 3103 promittant,
1305 3026 1347 3086 de

197 3106 315 3188 quibus
333 3100 630 3184 specialiterAbbas
655 3100 817 3160 adducant
840 3104 968 3163 Domno
991 3113 1112 3181 nostro,
1135 3105 1255 3167 deinde
1277 3107 1347 3168 Ad-

197 3189 317 3250 vocatis
335 3195 368 3248 et
389 3185 540 3261 Vicariis,
559 3183 776 3259 Centenariis‚
793 3183 863 3244 sive
879 3186 949 3246 fore
983 3186 1096 3246 censiti
1120 3199 1154 3261 n)
1176 3189 1348 3273 Presbyte-

198 3271 238 3348 ri,
260 3281 356 3354 utque
373 3277 491 3328 cuncta
512 3266 704 3349 generalitas
723 3267 848 3348 populi,
871 3276 936 3326 tam
966 3269 1152 3349 puerilitate
1184 3293 1349 3332 annorum

199 3351 371 3414 duodecim
389 3371 550 3433 quamque
571 3349 610 3409 de
629 3347 737 3424 senili,
759 3347 816 3429 qui
835 3349 875 3410 ad
887 3351 1006 3432 placita
1024 3353 1200 3429 venissent,
1226 3364 1259 3414 et
1283 3355 1349 3415 ius-

198 3437 324 3498 sionem
337 3434 517 3516 adimplere
534 3431 700 3492 seniorum
719 3441 750 3490 et
769 3453 959 3496 conservare
973 3444 1119 3516 possunt,
1140 3435 1206 3496 sive
1225 3457 1348 3518 pagen-

197 3541 258 3596 scS,
277 3518 345 3578 sive
362 3517 598 3598 Episcoporum
619 3512 900 3574 etAbbatissarum
913 3516 967 3577 vel
980 3516 1146 3577 Comitum
1161 3517 1347 3597 hominum,

197 3612 231 3664 et
243 3601 449 3682 reliquorum
464 3598 645 3672 hominum,
661 3595 798 3657 fiscalini
815 3619 947 3680 quoque
970 3607 1002 3658 et
1023 3599 1145 3675 coloni,
1164 3602 1219 3660 vel
1241 3603 1347 3662 eccle-

197 3685 318 3746 siastici
353 3689 452 3764 atque
484 3681 581 3756 servi,
614 3678 671 3760 qui
710 3679 862 3739 honorati
898 3681 1058 3742 beneficia
1095 3691 1128 3741 et
1163 3683 1347 3745 ministeria

196 3776 323 3842 tenent,
346 3765 400 3827 vel
438 3765 470 3822 in
505 3760 707 3824 vassallatico
727 3759 878 3823 honorati
907 3774 994 3841 sunt,
1022 3786 1097 3826 cum
1128 3765 1253 3825 domini
1281 3767 1344 3844 sui,

198 3861 230 3912 et
262 3849 417 3922 caballos,
437 3869 534 3923 arma,
562 3855 594 3904 ct
633 3853 771 3918 scutum,
808 3854 840 3905 et
865 3845 1022 3924 lanceam,
1056 3856 1188 3928 spatam,
1228 3859 1261 3910 et
1291 3871 1345 3910 se-

199 3931 382 4014 nespasium
408 3927 526 3990 habore
540 3935 684 4010 possunt,
705 3947 816 3988 omues
833 3927 954 4005 iurent,
973 3939 1005 3989 et
1034 3929 1166 3990 nomina
1194 3933 1247 3992 vel
1281 3953 1345 3992 uu-

197 4034 322 4077 merum
346 4013 385 4074 de
409 4013 486 4096 ipsis
507 4013 565 4094 qui
589 4011 780 4070 iuraverunt
802 4009 877 4094 ipsIs
906 4012 1011 4074 Missis
1043 4011 1076 4071 in
1098 4012 1199 4075 breve
1230 4035 1345 4077 secum

234 4191 258 4244 l)
278 4189 311 4238 al.
332 4205 378 4238 ms.
397 4186 596 4238 moderatione.
632 4175 633 4182 ¹
669 4171 672 4176 Α
830 4191 863 4254 n)
882 4187 961 4241 Forte
979 4186 1086 4255 legend.
1098 4185 1272 4260 soremibus.

233 4263 273 4324 m)
291 4259 324 4310 al.
339 4275 384 4310 ms.
396 4257 446 4309 bas
457 4255 594 4330 nefandas
605 4257 743 4309 criminas.
