2928 4986
263 353 405 413 aena.
465 353 906 432 taaounraanconun
1012 355 1074 413 aar.
1181 337 1253 410 ³55

202 493 290 559 Vlll.
333 490 444 570 Item}
466 493 493 556 ri
521 496 652 578 quando
686 513 819 572 neeesse
846 494 976 573 fuerit,
995 515 1054 582 per
1078 493 1256 558 iussionem

120 577 239 640 Domni
259 577 392 662 Pippini
410 576 506 662 Regis
521 577 733 639 Ramnullum
750 578 936 661 specialiter
952 578 1086 642 Missum
1105 575 1255 640 habeant.

119 660 263 738 Quando
285 681 364 720 vero
388 681 517 724 necesse
538 676 617 721 'non
641 661 761 739 fuerit,
789 657 974 725 Advocatus
999 681 1110 724 earum
1138 681 1199 746 per
1221 679 1255 724 ee

123 742 279 804 iustitiam
296 737 394 804 faciat
412 755 446 807 et
470 741 615 828 accipiat.

350 931 618 995 CAPITULARE
653 925 752 992 ANNI
786 931 1010 996 Deccxxut

119 1063 415 1136 Admonitionem
446 1064 653 1160 generalem
685 1066 875 1134 continens
900 1067 945 1134 ad
971 1069 1161 1162 utriusque
1187 1091 1255 1141 or·

101 1163 216 1232 ‘llinis
242 1165 422 1252 homines,
450 1188 533 1236 cum
559 1163 799 1236 instructione
818 1151 1018 1236 Missurum
1043 1167 1255 1240 Dominico-

122 1287 204 1334 rum
251 1289 343 1360 quos
384 1259 590 1360 Imperator
627 1265 666 1333 in
709 1261 872 1430 {verses
910 1267 1012 1358 regni
1048 1268 1255 1361 provinciae

477 1395 481 1402 ·
574 1364 789 1434 destineat.

417 1502 957 1573 lnoexCarrruaoaon.

96 1657 101 1667 “
147 1640 173 1682 ¹·
268 1646 412 1730 raesatt'tn

139 1738 169 1786 α.
192 1727 241 1790 De
264 1721 378 1791 divina
396 1727 603 1817 providentia
627 1733 661 1791 in

200 1813 423 1878 constitutione
450 1817 570 1879 Domni
593 1815 660 1876 Im·
1275 1870 1277 1875 .

197 1899 370 1978 paratoria,
392 1911 423 1960 et
435 1897 475 1961 de
494 1917 662 1961 conserva·
715 1909 760 1952 tr.
783 1889 832 1952 De
848 1894 1064 1960 admonitione
1083 1897 1128 1960 ad
1148 1915 1256 1962 omnes

201 1975 285 2040 tione
303 1981 399 2042 trium
418 1982 640 2066 capitulorum.
791 1979 983 2054 generaliter
994 2000 1055 2066 pro
1075 1984 1208 2045 caritate
1226 1993 1258 2045 ct

137 2053 168 2120 3.
190 2059 239 2121 De
270 2064 328 2125 ltoe
361 2061 451 2147 qnid
480 2063 663 2126 admonitor
815 2079 870 2120 ace
898 2059 944 2122 ad
964 2065 1110 2126 invicem.
1249 2081 1252 2086 ’

189 2141 347 2228 fideliam
366 2145 572 2209 Domnnslm
595 2165 663 2206 era·
717 2157 762 2198 ια.
817 2142 918 2206 elroc
935 2143 1026 2229 qaid
1044 2149 1256 2232 anenqnirqne

200 2241 252 2287 tor
273 2229 333 2305 sit,
363 2241 394 2290 et
420 2250 527 2292 omnes
575 2227 662 2290 deles

200 2307 363 2372 adiutores
385 2313 496 2396 ipsine.

141 2391 171 2468 4.
194 2389 243 2451 De
259 2412 351 2454 sacro
372 2395 548 2457 ministerio
565 2392 662 2479 Epia-

206 2493 377 2557 caporum,
404 2489 437 2538 et
457 2475 498 2537 de
515 2475 664 2539 admoni-

200 2557 285 2617 tione
313 2557 432 2620 Domni
453 2559 662 2645 Imperatoria

203 2638 248 2698 ad
268 2638 301 2699 E
321 2640 454 2724 irrepos.

141 2720 170 2783 5.
190 2719 240 2783 De
251 2661 594 2787 adlaom'tioneDomnt
602 2725 665 2786 Im·

199 2807 360 2888 peratoris
373 2805 418 2866 ad
422 2806 611 2892 Episcopus,
623 2807 663 2868 de

202 2885 428 2950 Sacerdotibus
443 2887 489 2950 ad
499 2910 665 2952 eorumeo-

203 2987 270 3109 razn
282 2971 542 3112 liertinentibus,
570 2983 601 3033 et
622 2971 664 3033 de

202 3071 236 3111 cc
261 3073 332 3114 ors.

139 3131 170 3193 6.
192 3133 241 3194 De
261 3128 476 3196 admonitione
495 3135 542 3198 ad
558 3135 665 3198 Comi-

201 3227 247 3275 tes
277 3237 338 3302 pro
368 3218 504 3280 utilitate
538 3231 664 3282 sanctae

201 3297 264 3358 Dei
283 3301 456 3363 Ecclesiae.

143 3399 172 3460 7.
193 3379 244 3441 De
261 3381 476 3453 admonitione
495 3385 540 3446 ad
552 3385 664 3447 Laicos

201 3481 265 3544 pro
297 3467 415 3528 honore
453 3469 664 3531 eeclesiastico

204 3548 434 3610 conservando.

796 1664 893 1730 copas
909 1651 964 1712 vel
979 1673 1086 1714 omnes
1097 1671 1158 1736 pro
1177 1673 1255 1715 con-

794 1730 907 1807 cordia
924 1733 1119 1796 adinvicem
1135 1747 1167 1796 et
1185 1751 1257 1796 cum

792 1816 923 1876 caeteris
936 1813 1108 1900 fidelibus.

795 2318 861 2367 tam
874 2322 999 2391 partem
1019 2311 1190 2373 ministerii
1204 2331 1257 2373 re-

791 2389 873 2468 galis
890 2391 1024 2468 lrabeat,
1058 2393 1145 2454 etde
1167 2395 1256 2456 teati-

795 2475 901 2536 monia
930 2477 1072 2561 ipsoram
1100 2473 1146 2537 ad
1168 2471 1256 2556 inni-

794 2574 871 2615 cem.

716 2635 763 2696 13.
785 2634 834 2696 De
853 2658 948 2702 cansa
967 2654 1039 2704 orta
1058 2640 1104 2702 ad
1121 2643 1257 2705 inhono-

793 2722 949 2784 rationem
963 2726 1053 2804 regni
1067 2725 1257 2809 pertinente.

718 2801 763 2878 ¹4·
784 2800 833 2862 De
848 2824 926 2902 pace
948 2807 982 2866 in
999 2809 1111 2867 itinere
1131 2809 1258 2870 accerci-

796 2887 854 2947 talt
873 2888 1092 2950 custodienda.

719 2966 764 3030 15.
786 2965 836 3028 De
859 2967 1117 3042 denuntiatione,
1146 2980 1181 3030 ut
1204 2973 1261 3056 qui

797 3054 831 3112 in
856 3052 977 3113 hostem
997 3065 1154 3138 pergant,
1185 3073 1261 3116 anor

797 3135 853 3218 qni
881 3135 915 3194 in
938 3155 995 3196 sno
1018 3135 1168 3216 obsequio
1187 3141 1261 3198 sant

797 3219 1008 3300 unnsquisque
1041 3231 1217 3296 cognoscat.

719 3296 764 3359 16.
796 3301 845 3360 De
884 3300 1128 3361 inhonoratione
1168 3299 1262 3381 Regia

793 3397 927 3468 propter
954 3382 1174 3460 negligentiam
1204 3405 1261 3445 eo-

798 3485 868 3524 rnm
895 3466 950 3548 qna·
978 3464 1149 3544 legationes
1178 3464 1261 3528 mali

793 2213 1028 2312 Episcoporum
1061 2229 1117 2289 nel
1153 2226 1256 2292 Comi»
1353 2229 1371 2257 '‘

147 3619 178 3682 8.
199 3623 249 3684 De
269 3629 486 3692 admonitione
505 3630 665 3694 adAbba-

206 3718 253 3766 tea
279 3723 310 3772 et
325 3711 439 3789 Laicos
459 3733 521 3796 pro
538 3733 665 3776 monas-

205 3793 295 3852 teriis
320 3813 364 3856 aa
392 3796 493 3874 regali
519 3795 666 3877 largitate

205 3871 268 3934 sibi
284 3877 469 3939 commissio.

142 3971 174 4035 9.
196 3951 246 4014 De
267 3953 483 4022 admonitione
505 3957 552 4021 ad
570 3958 667 4046 Epit-

205 4057 314 4124 eopos,
336 4039 485 4116 Allatas,
507 4055 538 4102 et
551 4043 669 4105 adom·

205 4119 412 4212 nesfidelaa,
432 4145 494 4211 pro
512 4123 669 4188 Comitum

205 4201 386 4268 adiutoriis.

129 4303 179 4348 ros
197 4285 246 4346 De
267 4285 483 4363 admonitione
506 4289 553 4356 ad
570 4287 668 4377 Epis·

796 3549 862 3608 reci
884 3549 962 3607 inni.

720 3647 766 3708 ¹7·
787 3629 836 3689 De
851 3568 929 3690 ldcia
949 3629 1111 3712 inanibus
1128 3626 1262 3708 legatio-

799 3729 854 3770 nes
870 3709 1070 3796 recipiendae
1094 3725 1175 3772 sont.

721 3793 767 3856 ιθ.
789 3793 839 3853 De
857 3793 1073 3860 admonitione
1087 3794 1182 3854 anina
1199 3814 1265 3857 mo·

800 3889 899 3936 netae.

721 3979 767 4040 ¹9·
788 3958 837 4018 De
853 3956 979 4018 iniustis
997 3957 1137 4020 teloneis.

717 4060 767 4102 20.
788 4040 838 4100 De
849 4039 999 4124 pontibus
1018 4040 1072 4101 nbi
1089 4042 1264 4126 antiquitis

791 4117 928 4206 fitertlnt
947 4121 1150 4185 renovandis.

718 4227 768 4267 21.
790 4205 840 4266 De
860 4206 953 4268 nonis
974 4216 1005 4264 et
1024 4200 1167 4268 decimis.

718 4309 767 4350 22.
789 4288 838 4349 De
853 4286 999 4374 operibns
1012 4287 1046 4347 in
1062 4295 1266 4358 rettauratio·
