2928 4986
294 356 329 413 n.
349 355 436 410 cun.
546 327 684 411 usoun
704 353 941 412 raincouun
1044 352 1106 413 un.
1222 335 1344 440 309Ν

157 492 290 578 possint,
314 503 347 556 et
361 517 420 576 per
436 496 602 578 exemplar
619 497 707 579 quod
720 495 754 556 in
771 496 890 580 palatio
904 495 1099 572 retinemus,
1120 495 1146 557 si
1165 496 1294 559 rursirm

157 579 291 660 querela
314 579 407 638 nobis
437 579 542 639 delata
576 580 694 656 fuerit,
730 575 858 640 facilius
886 578 984 662 possit
1011 579 1149 640 definrii.
1191 581 1232 640 Et
1258 591 1295 642 ut

155 657 237 721 haec
261 660 611 724 nostraeauctoritatis
630 661 827 723 Constitutio
847 661 1022 722 firmiorem
1038 662 1183 723 obtineat
1202 662 1294 746 vigo-

155 764 253 820 rem„
265 753 298 804 et
317 744 334 802 al
354 743 503 804 fidelihus
517 754 645 806 sanctae
666 747 728 806 Dei
745 742 912 806 Ecclesiae
928 744 1059 828 plenius
1076 765 1136 827 per
1150 754 1294 828 tempora

155 835 385 920 conservetur,
401 848 499 886 manu
520 829 651 910 proprii
665 827 995 906 subterfirmavimus,
1020 837 1051 890 et
1077 827 1168 888 anuli
1190 829 1293 890 nostri
1350 879 1352 884 .

156 909 366 991 impressione
383 909 503 991 signari
524 909 683 972 iussimus

238 1015 384 1097 Signum
400 1019 519 1080 Domni
537 1020 741 1092 Haunouvmr
757 1016 954 1080 serenissimi
970 1015 1187 1100 imperatoris.

236 1122 402 1186 Anrmnus
426 1125 467 1187 ad
486 1126 591 1188 vicem
606 1125 806 1186 Hrnrsacniu
823 1111 1024 1208 recognovit.

237 1231 318 1290 Data
332 1233 387 1294 IV.
416 1231 494 1294 loliis
512 1232 702 1312 Februarii,
717 1216 804 1292 anno
818 1217 947 1293 Cbristo
965 1231 1105 1314 propitio
1122 1231 1218 1295 tertio
1232 1231 1294 1294 im-

154 1311 234 1394 perii
253 1313 371 1373 Domni
391 1315 590 1377 Hludouvioi
606 1315 742 1400 piissimi
764 1314 926 1397 Augusti,
948 1315 1131 1384 Indictione
1150 1316 1204 1375 IX.

156 1501 184 1562 Α
237 1417 353 1480 Actum
369 1422 564 1506 Aquisgrani
578 1423 698 1506 palatio
712 1423 823 1506 regio,
846 1422 880 1482 in
902 1422 964 1484 Dei
986 1420 1118 1484 nomine
1139 1419 1294 1482 feliciter.

187 1523 271 1562 men.

332 1691 531 1753 CHARTA
572 1695 873 1758 DIVISIONIS
914 1693 1117 1758 IMPERII

157 1847 261 1920 Inter
296 1850 544 1938 Lothariurn,
592 1853 789 1946 Pippinum
826 1865 863 1922 et
896 1853 1158 1943 Ludovieum,
1198 1852 1294 1924 filios
1381 1925 1384 1936 ,

155 1947 157 1956 ’
456 1952 638 2028 Ludovici
666 1953 725 2022 Pii
750 1953 1000 2045 Imperatoris.
1029 2001 1034 2008 -

157 2098 309 2168 Diuisio
349 2097 507 2190 Imperii
541 2094 686 2168 Domni
711 2098 945 2170 Hludouviei
971 2102 1068 2169 inter
1091 2099 1246 2169 dilectos

194 2197 304 2290 filios
336 2219 447 2282 suos,
484 2197 581 2266 inter
611 2197 860 2268 Hlotbarium
892 2199 1065 2275 videlicet
1100 2212 1136 2269 et
1161 2200 1247 2290 Pip-

199 2300 333 2392 pinum
352 2307 387 2364 et
409 2296 716 2386 Hludouvieum,
745 2322 846 2370 anno
866 2299 1158 2394 quartolmperii
1176 2299 1246 2368 sni.

159 2426 208 2536 In
226 2476 357 2536 nomine
370 2475 503 2536 Domini
517 2476 580 2538 Dei
602 2473 634 2540 et
648 2475 822 2546 Salvatoris
839 2476 941 2538 nostri
959 2475 1035 2539 Iesu
1053 2474 1184 2538 Christi.
1214 2475 1299 2536 Hlu·

159 2561 335 2637 douvieus,
357 2559 466 2620 divinat
483 2559 654 2621 ordinante
676 2560 905 2643 providentie,
928 2561 1106 2642 Imperator
1125 2558 1298 2642 Augustus.

161 2645 244 2706 Cum
259 2663 317 2702 nos
331 2641 365 2699 iu
379 2641 441 2703 Dei
456 2641 587 2702 nomine
601 2665 688 2703 anno
701 2641 936 2715 'incarnationis
950 2642 1083 2705 Domini
1100 2641 1300 2725 octingente-

161 2725 241 2788 simo
270 2723 406 2806 septimo
439 2724 584 2802 decimo,
607 2725 792 2786 Indictione
818 2725 960 2805 decimi,
983 2745 1136 2807 annoque
1165 2723 1300 2808 Imperii

161 2807 263 2868 nostri
291 2815 428 2888 quarto,
457 2829 568 2868 mense
594 2807 697 2886 lulio,
723 2807 919 2890 Aquisgruui
939 2807 1058 2892 palatio
1079 2815 1189 2868 nostro
1211 2827 1300 2867 more

161 2891 258 2952 solito
279 2910 405 2950 sacrum
421 2899 619 2951 conventum
640 2899 673 2950 et
693 2893 936 2972 generalitatem
955 2891 1069 2974 populi
1087 2889 1188 2950 nostri
1206 2910 1302 2972 prop-

162 2983 214 3036 ter
234 2971 484 3050 ecclesiasticas,
506 2973 558 3034 vel
580 2973 678 3034 totius
700 2974 831 3056 Imperii
859 2975 960 3035 nostri
982 2974 1136 3036 utilitates
1156 2981 1301 3055 pertrac-

162 3055 294 3133 tandas,
323 3076 605 3138 congregassemus
632 3065 665 3117 et
690 3056 724 3116 in
749 3057 800 3118 his
816 3057 1043 3134 studeremus,
1065 3054 1171 3117 subitb
1193 3053 1303 3114 divinat

164 3137 376 3220 inspiratione
407 3147 514 3198 actum
556 3148 603 3202 est
633 3149 669 3199 ut
699 3162 758 3200 nos
786 3139 898 3200 fideles
929 3140 1030 3201 nostri
1060 3143 1304 3200 commonerent
1336 3148 1342 3162 '

164 3230 326 3304 quatenus
340 3231 491 3283 manente
509 3222 617 3283 nostrat
633 3221 873 3298 incolumitate,
896 3232 928 3284 et
944 3241 1023 3305 pace
1039 3221 1186 3303 undique
1203 3219 1304 3280 dDeo

166 3305 336 3381 concessit,
356 3304 396 3364 de
420 3313 503 3365 statu
515 3304 613 3366 totius
627 3305 721 3389 regni
738 3306 823 3367 etde
842 3304 984 3367 {iliorum
999 3313 1184 3366 nostrorum
1197 3323 1304 3378 eausa,

165 3409 254 3448 more
277 3396 449 3470 parentum
474 3397 680 3466 nostrorum,
705 3397 924 3450 tractaremus.
968 3388 1032 3448 Sed
1054 3386 1200 3469 quamvis
1223 3383 1306 3449 baec,

167 3469 345 3532 admonitio
363 3471 476 3532 devote
493 3492 530 3531 ae
550 3469 692 3532 fideliter
712 3471 820 3548 fieret,
844 3491 1048 3557 nequaquam
1062 3467 1156 3531 nobis
1174 3489 1235 3528 nec
1253 3467 1305 3528 his

167 3553 224 3634 qui
248 3574 361 3612 sanum
384 3554 531 3637 sapiunt,
554 3553 657 3614 visum
680 3554 744 3614 fuit
767 3563 804 3614 ut
828 3575 934 3615 amore
957 3553 1101 3614 filiorum
1126 3560 1181 3612 ant
1205 3551 1307 3632 gratiis

168 3635 276 3694 unitas
299 3636 429 3716 Imperii
459 3638 475 3695 d
495 3639 565 3696 Deo
581 3636 673 3696 nobis
689 3636 869 3700 conservati
886 3635 1044 3698 divisione
1061 3633 1202 3694 humanat
1217 3634 1306 3694 scin-

167 3717 320 3792 deretur,
343 3737 384 3778 ne
400 3718 484 3779 forte
501 3718 561 3780 hac
581 3714 750 3780 occasione
770 3719 958 3780 scandalum
977 3718 1011 3778 in
1035 3727 1144 3780 sancta
1159 3716 1307 3777 Ecclesia

167 3799 327 3874 oriretur,
357 3809 390 3860 et
414 3801 567 3861 offensam
597 3801 686 3864 illius
711 3802 745 3866 in
776 3801 868 3863 cuius
893 3809 1050 3884 potestate
1068 3799 1213 3860 omnium
1236 3799 1308 3859 iura

167 3903 343 3962 regnorum
360 3884 557 3960 consistunt,
576 3883 826 3948 incurreremus.
869 3883 996 3944 Idcirco
1012 3881 1229 3944 necessarium
1246 3881 1308 3941 du·

167 3964 274 4025 ximus
299 3973 335 4024 ut
354 3963 486 4026 ieiuniis
514 3976 546 4027 et
567 3966 789 4046 orationibus,
812 3975 843 4026 et
863 3967 1140 4050 eleemosynarum
1160 3964 1308 4046 largitio-

169 4047 286 4124 nibus,
316 4049 403 4128 apnd
425 4049 520 4108 illum
545 4048 765 4111 obtineremus
795 4049 884 4130 quod
908 4059 1016 4110 nostra
1041 4047 1210 4108 infirmitas
1243 4058 1308 4106 non

169 4132 402 4212 praesumebat.
446 4131 572 4208 Quibus
596 4131 658 4192 rit'e
676 4153 736 4214 per
755 4131 901 4192 triduum
922 4131 1110 4208 celebratis,
1133 4139 1216 4210 nutu
1241 4127 1310 4188 orn'-

172 4213 348 4294 nipotentis
364 4214 441 4290 Dei,
465 4224 500 4274 ut
524 4215 707 4290 credimus,
730 4224 838 4276 actum
858 4223 954 4275 estut
974 4224 1006 4273 et
1024 4223 1130 4274 nostra
1153 4221 1186 4272 et
1209 4211 1309 4271 totius

168 4296 282 4378 populi
304 4298 404 4360 nostri
431 4298 464 4358 in
496 4297 606 4360 dilecti
625 4297 834 4383 primogeniti
855 4297 955 4358 no‘stri
972 4295 1132 4358 Hlotlrarii
1149 4294 1309 4358 electione
