<?xml version="1.0" encoding="UTF-8"?>
<!DOCTYPE html PUBLIC "-//W3C//DTD XHTML 1.0 Transitional//EN"
    "http://www.w3.org/TR/xhtml1/DTD/xhtml1-transitional.dtd">
<html xmlns="http://www.w3.org/1999/xhtml" xml:lang="en" lang="en">
 <head>
  <title>
</title>
<meta http-equiv="Content-Type" content="text/html;charset=utf-8" />
  <meta name='ocr-system' content='tesseract 3.04.00' />
  <meta name='ocr-capabilities' content='ocr_page ocr_carea ocr_par ocr_line ocrx_word'/>
</head>
<body>
  <div class='ocr_page' id='page_1' title='image "./corpusiurisgerm05visigoog_0054.png"; bbox 0 0 2920 4972; ppageno 0'>
   <div class='ocr_carea' id='block_1_1' title="bbox 259 325 1243 402">
    <p class='ocr_par' dir='ltr' id='par_1_1' title="bbox 259 325 1243 402">
     <span class='ocr_line' id='line_1_1' title="bbox 259 325 1243 402; baseline 0.003 -5"><span class='ocrx_word' id='word_1_1' title='bbox 259 345 297 400; x_wconf 79' lang='lat' dir='ltr'><strong>n.</strong></span> <span class='ocrx_word' id='word_1_2' title='bbox 316 343 405 402; x_wconf 85' lang='lat' dir='ltr'><strong>cns.</strong></span> <span class='ocrx_word' id='word_1_3' title='bbox 511 339 648 398; x_wconf 83' lang='lat' dir='ltr'><strong>secun</strong></span> <span class='ocrx_word' id='word_1_4' title='bbox 684 338 921 399; x_wconf 74' lang='lat' dir='ltr'><strong>mancosos</strong></span> <span class='ocrx_word' id='word_1_5' title='bbox 1025 341 1087 402; x_wconf 78' lang='lat'><strong>7⁵5.</strong></span> <span class='ocrx_word' id='word_1_6' title='bbox 1197 325 1243 400; x_wconf 79' lang='lat' dir='ltr'><strong>st</strong></span> 
     </span>
    </p>
   </div>
   <div class='ocr_carea' id='block_1_2' title="bbox 115 479 1249 1640">
    <p class='ocr_par' dir='ltr' id='par_1_2' title="bbox 115 479 1249 1640">
     <span class='ocr_line' id='line_1_2' title="bbox 116 479 1246 570; baseline 0 -21"><span class='ocrx_word' id='word_1_7' title='bbox 116 484 280 570; x_wconf 78' lang='lat' dir='ltr'><strong>Episcopo</strong></span> <span class='ocrx_word' id='word_1_8' title='bbox 297 503 357 546; x_wconf 87' lang='lat' dir='ltr'><strong>suo</strong></span> <span class='ocrx_word' id='word_1_9' title='bbox 379 490 544 566; x_wconf 88' lang='lat' dir='ltr'><strong>correptus</strong></span> <span class='ocrx_word' id='word_1_10' title='bbox 560 503 593 544; x_wconf 90' lang='lat' dir='ltr'><strong>se</strong></span> <span class='ocrx_word' id='word_1_11' title='bbox 608 481 778 542; x_wconf 84' lang='lat' dir='ltr'><strong>emendare</strong></span> <span class='ocrx_word' id='word_1_12' title='bbox 795 479 954 558; x_wconf 87' lang='lat' dir='ltr'><strong>noluerit,</strong></span> <span class='ocrx_word' id='word_1_13' title='bbox 978 489 1009 542; x_wconf 90' lang='lat' dir='ltr'><strong>et</strong></span> <span class='ocrx_word' id='word_1_14' title='bbox 1033 481 1072 542; x_wconf 89' lang='lat' dir='ltr'><strong>ab</strong></span> <span class='ocrx_word' id='word_1_15' title='bbox 1091 482 1246 570; x_wconf 75' lang='lat' dir='ltr'><strong>Episcopo</strong></span> 
     </span>
     <span class='ocr_line' id='line_1_3' title="bbox 119 563 1248 646; baseline 0.003 -17"><span class='ocrx_word' id='word_1_16' title='bbox 119 590 180 631; x_wconf 86' lang='lat' dir='ltr'><strong>suo</strong></span> <span class='ocrx_word' id='word_1_17' title='bbox 201 566 493 628; x_wconf 82' lang='lat' dir='ltr'><strong>excommunicatus</strong></span> <span class='ocrx_word' id='word_1_18' title='bbox 509 565 627 638; x_wconf 83' lang='lat' dir='ltr'><strong>fuerit,</strong></span> <span class='ocrx_word' id='word_1_19' title='bbox 650 565 677 626; x_wconf 91' lang='lat' dir='ltr'><strong>si</strong></span> <span class='ocrx_word' id='word_1_20' title='bbox 699 563 771 646; x_wconf 90' lang='lat' dir='ltr'><strong>quis</strong></span> <span class='ocrx_word' id='word_1_21' title='bbox 792 585 865 624; x_wconf 91' lang='lat' dir='ltr'><strong>cum</strong></span> <span class='ocrx_word' id='word_1_22' title='bbox 880 563 949 645; x_wconf 90' lang='lat' dir='ltr'><strong>ipso</strong></span> <span class='ocrx_word' id='word_1_23' title='bbox 964 567 1248 632; x_wconf 85' lang='lat' dir='ltr'><strong>communicaverit</strong></span> 
     </span>
     <span class='ocr_line' id='line_1_4' title="bbox 120 647 1247 731; baseline -0.001 -17"><span class='ocrx_word' id='word_1_24' title='bbox 120 651 281 726; x_wconf 79' lang='lat' dir='ltr'><strong>scienter,</strong></span> <span class='ocrx_word' id='word_1_25' title='bbox 303 648 382 710; x_wconf 90' lang='lat' dir='ltr'><strong>sciat</strong></span> <span class='ocrx_word' id='word_1_26' title='bbox 404 669 437 710; x_wconf 92' lang='lat' dir='ltr'><strong>se</strong></span> <span class='ocrx_word' id='word_1_27' title='bbox 461 647 770 709; x_wconf 79' lang='lat' dir='ltr'><strong>excommunicatum</strong></span> <span class='ocrx_word' id='word_1_28' title='bbox 791 667 869 708; x_wconf 90' lang='lat' dir='ltr'><strong>esse.</strong></span> <span class='ocrx_word' id='word_1_29' title='bbox 912 647 1002 706; x_wconf 86' lang='lat' dir='ltr'><strong>Etut</strong></span> <span class='ocrx_word' id='word_1_30' title='bbox 1018 650 1125 710; x_wconf 89' lang='lat' dir='ltr'><strong>sciatis</strong></span> <span class='ocrx_word' id='word_1_31' title='bbox 1143 653 1247 731; x_wconf 85' lang='lat' dir='ltr'><strong>qualis</strong></span> 
     </span>
     <span class='ocr_line' id='line_1_5' title="bbox 121 727 1248 804; baseline 0 -8"><span class='ocrx_word' id='word_1_32' title='bbox 121 733 165 796; x_wconf 87' lang='lat' dir='ltr'><strong>sit</strong></span> <span class='ocrx_word' id='word_1_33' title='bbox 186 731 298 792; x_wconf 89' lang='lat' dir='ltr'><strong>modus</strong></span> <span class='ocrx_word' id='word_1_34' title='bbox 321 731 412 792; x_wconf 89' lang='lat' dir='ltr'><strong>istius</strong></span> <span class='ocrx_word' id='word_1_35' title='bbox 435 727 794 804; x_wconf 79' lang='lat' dir='ltr'><strong>excommunicationis,</strong></span> <span class='ocrx_word' id='word_1_36' title='bbox 811 729 843 788; x_wconf 92' lang='lat' dir='ltr'><strong>iu</strong></span> <span class='ocrx_word' id='word_1_37' title='bbox 863 729 1041 791; x_wconf 87' lang='lat' dir='ltr'><strong>Ecclesiam</strong></span> <span class='ocrx_word' id='word_1_38' title='bbox 1064 751 1126 790; x_wconf 93' lang='lat' dir='ltr'><strong>non</strong></span> <span class='ocrx_word' id='word_1_39' title='bbox 1153 733 1248 795; x_wconf 74' lang='lat' dir='ltr'><strong>dubet</strong></span> 
     </span>
     <span class='ocr_line' id='line_1_6' title="bbox 121 811 1246 893; baseline -0.001 -18"><span class='ocrx_word' id='word_1_40' title='bbox 121 816 262 892; x_wconf 85' lang='lat' dir='ltr'><strong>intrare,</strong></span> <span class='ocrx_word' id='word_1_41' title='bbox 284 835 346 875; x_wconf 86' lang='lat' dir='ltr'><strong>uec</strong></span> <span class='ocrx_word' id='word_1_42' title='bbox 371 835 444 875; x_wconf 88' lang='lat' dir='ltr'><strong>cum</strong></span> <span class='ocrx_word' id='word_1_43' title='bbox 459 813 530 872; x_wconf 89' lang='lat' dir='ltr'><strong>ullo</strong></span> <span class='ocrx_word' id='word_1_44' title='bbox 558 811 865 873; x_wconf 84' lang='lat' dir='ltr'><strong>Christianocibum</strong></span> <span class='ocrx_word' id='word_1_45' title='bbox 891 813 943 873; x_wconf 84' lang='lat' dir='ltr'><strong>vel</strong></span> <span class='ocrx_word' id='word_1_46' title='bbox 965 822 1076 893; x_wconf 89' lang='lat' dir='ltr'><strong>potum</strong></span> <span class='ocrx_word' id='word_1_47' title='bbox 1104 835 1246 889; x_wconf 83' lang='lat' dir='ltr'><strong>sumere;</strong></span> 
     </span>
     <span class='ocr_line' id='line_1_7' title="bbox 121 893 1249 980; baseline 0 -22"><span class='ocrx_word' id='word_1_48' title='bbox 121 919 183 960; x_wconf 91' lang='lat' dir='ltr'><strong>nec</strong></span> <span class='ocrx_word' id='word_1_49' title='bbox 200 897 269 958; x_wconf 90' lang='lat' dir='ltr'><strong>eius</strong></span> <span class='ocrx_word' id='word_1_50' title='bbox 288 917 422 958; x_wconf 87' lang='lat' dir='ltr'><strong>munera</strong></span> <span class='ocrx_word' id='word_1_51' title='bbox 439 895 609 976; x_wconf 89' lang='lat' dir='ltr'><strong>quisquam</strong></span> <span class='ocrx_word' id='word_1_52' title='bbox 627 895 770 978; x_wconf 91' lang='lat' dir='ltr'><strong>accipere</strong></span> <span class='ocrx_word' id='word_1_53' title='bbox 787 895 891 970; x_wconf 89' lang='lat' dir='ltr'><strong>debet,</strong></span> <span class='ocrx_word' id='word_1_54' title='bbox 911 893 963 955; x_wconf 87' lang='lat' dir='ltr'><strong>vel</strong></span> <span class='ocrx_word' id='word_1_55' title='bbox 979 897 1125 956; x_wconf 89' lang='lat' dir='ltr'><strong>osculnm</strong></span> <span class='ocrx_word' id='word_1_56' title='bbox 1142 899 1249 980; x_wconf 88' lang='lat' dir='ltr'><strong>porri-</strong></span> 
     </span>
     <span class='ocr_line' id='line_1_8' title="bbox 120 977 1248 1062; baseline 0 -22"><span class='ocrx_word' id='word_1_57' title='bbox 120 1001 196 1062; x_wconf 74' lang='lat' dir='ltr'><strong>gere</strong></span> <span class='ocrx_word' id='word_1_58' title='bbox 218 979 332 1057; x_wconf 90' lang='lat' dir='ltr'><strong>debet,</strong></span> <span class='ocrx_word' id='word_1_59' title='bbox 354 979 471 1039; x_wconf 91' lang='lat' dir='ltr'><strong>necin</strong></span> <span class='ocrx_word' id='word_1_60' title='bbox 497 979 641 1039; x_wconf 91' lang='lat' dir='ltr'><strong>oratione</strong></span> <span class='ocrx_word' id='word_1_61' title='bbox 662 999 693 1039; x_wconf 92' lang='lat' dir='ltr'><strong>se</strong></span> <span class='ocrx_word' id='word_1_62' title='bbox 716 977 867 1059; x_wconf 82' lang='lat' dir='ltr'><strong>iungere,</strong></span> <span class='ocrx_word' id='word_1_63' title='bbox 891 997 951 1038; x_wconf 86' lang='lat' dir='ltr'><strong>uec</strong></span> <span class='ocrx_word' id='word_1_64' title='bbox 975 980 1132 1056; x_wconf 82' lang='lat' dir='ltr'><strong>salutare,</strong></span> <span class='ocrx_word' id='word_1_65' title='bbox 1156 991 1248 1040; x_wconf 80' lang='lat' dir='ltr'><strong>aute-</strong></span> 
     </span>
     <span class='ocr_line' id='line_1_9' title="bbox 117 1059 1248 1146; baseline 0 -23"><span class='ocrx_word' id='word_1_66' title='bbox 117 1084 216 1146; x_wconf 86' lang='lat' dir='ltr'><strong>quam</strong></span> <span class='ocrx_word' id='word_1_67' title='bbox 232 1062 271 1121; x_wconf 82' lang='lat' dir='ltr'><strong>ab</strong></span> <span class='ocrx_word' id='word_1_68' title='bbox 288 1063 448 1145; x_wconf 89' lang='lat' dir='ltr'><strong>Episcopo</strong></span> <span class='ocrx_word' id='word_1_69' title='bbox 476 1083 534 1122; x_wconf 90' lang='lat' dir='ltr'><strong>suo</strong></span> <span class='ocrx_word' id='word_1_70' title='bbox 556 1061 657 1123; x_wconf 87' lang='lat' dir='ltr'><strong>fuerit</strong></span> <span class='ocrx_word' id='word_1_71' title='bbox 684 1059 920 1121; x_wconf 89' lang='lat' dir='ltr'><strong>reconciliatus.</strong></span> <span class='ocrx_word' id='word_1_72' title='bbox 964 1061 1060 1137; x_wconf 88' lang='lat' dir='ltr'><strong>Quod</strong></span> <span class='ocrx_word' id='word_1_73' title='bbox 1084 1062 1110 1122; x_wconf 90' lang='lat' dir='ltr'><strong>si</strong></span> <span class='ocrx_word' id='word_1_74' title='bbox 1132 1063 1248 1142; x_wconf 89' lang='lat' dir='ltr'><strong>aliquis</strong></span> 
     </span>
     <span class='ocr_line' id='line_1_10' title="bbox 116 1141 1248 1226; baseline 0 -20"><span class='ocrx_word' id='word_1_75' title='bbox 116 1167 151 1208; x_wconf 91' lang='lat' dir='ltr'><strong>se</strong></span> <span class='ocrx_word' id='word_1_76' title='bbox 171 1143 396 1207; x_wconf 85' lang='lat' dir='ltr'><strong>reclamaverit</strong></span> <span class='ocrx_word' id='word_1_77' title='bbox 408 1144 506 1226; x_wconf 85' lang='lat' dir='ltr'><strong>quod</strong></span> <span class='ocrx_word' id='word_1_78' title='bbox 527 1143 646 1204; x_wconf 89' lang='lat' dir='ltr'><strong>iniuste</strong></span> <span class='ocrx_word' id='word_1_79' title='bbox 672 1143 712 1204; x_wconf 88' lang='lat' dir='ltr'><strong>sit</strong></span> <span class='ocrx_word' id='word_1_80' title='bbox 743 1141 1051 1219; x_wconf 85' lang='lat' dir='ltr'><strong>excommunicatus,</strong></span> <span class='ocrx_word' id='word_1_81' title='bbox 1083 1145 1248 1206; x_wconf 86' lang='lat' dir='ltr'><strong>licentiam</strong></span> 
     </span>
     <span class='ocr_line' id='line_1_11' title="bbox 115 1223 1248 1309; baseline 0.001 -22"><span class='ocrx_word' id='word_1_82' title='bbox 115 1227 236 1287; x_wconf 88' lang='lat' dir='ltr'><strong>babeat</strong></span> <span class='ocrx_word' id='word_1_83' title='bbox 256 1227 297 1287; x_wconf 88' lang='lat' dir='ltr'><strong>ad</strong></span> <span class='ocrx_word' id='word_1_84' title='bbox 319 1225 603 1309; x_wconf 81' lang='lat' dir='ltr'><strong>Metropolitanum</strong></span> <span class='ocrx_word' id='word_1_85' title='bbox 630 1223 824 1308; x_wconf 80' lang='lat' dir='ltr'><strong>Episcopum</strong></span> <span class='ocrx_word' id='word_1_86' title='bbox 847 1227 977 1302; x_wconf 86' lang='lat' dir='ltr'><strong>venire,</strong></span> <span class='ocrx_word' id='word_1_87' title='bbox 1006 1233 1038 1286; x_wconf 91' lang='lat' dir='ltr'><strong>et</strong></span> <span class='ocrx_word' id='word_1_88' title='bbox 1057 1227 1175 1287; x_wconf 86' lang='lat' dir='ltr'><strong>ibidem</strong></span> <span class='ocrx_word' id='word_1_89' title='bbox 1196 1251 1248 1288; x_wconf 90' lang='lat' dir='ltr'><strong>sc·</strong></span> 
     </span>
     <span class='ocr_line' id='line_1_12' title="bbox 118 1308 1248 1379; baseline -0.002 -7"><span class='ocrx_word' id='word_1_90' title='bbox 118 1309 265 1372; x_wconf 88' lang='lat' dir='ltr'><strong>cundum</strong></span> <span class='ocrx_word' id='word_1_91' title='bbox 290 1309 478 1372; x_wconf 89' lang='lat' dir='ltr'><strong>canonicam</strong></span> <span class='ocrx_word' id='word_1_92' title='bbox 506 1308 740 1370; x_wconf 88' lang='lat' dir='ltr'><strong>institutionem</strong></span> <span class='ocrx_word' id='word_1_93' title='bbox 766 1308 960 1369; x_wconf 89' lang='lat' dir='ltr'><strong>diiudicetur</strong></span> <span class='ocrx_word' id='word_1_94' title='bbox 969 1332 976 1379; x_wconf 90' lang='lat'>;</span> <span class='ocrx_word' id='word_1_95' title='bbox 1000 1308 1129 1368; x_wconf 84' lang='lat' dir='ltr'><strong>interim</strong></span> <span class='ocrx_word' id='word_1_96' title='bbox 1158 1332 1248 1370; x_wconf 87' lang='lat' dir='ltr'><strong>suam</strong></span> 
     </span>
     <span class='ocr_line' id='line_1_13' title="bbox 117 1390 1247 1475; baseline -0.002 -21"><span class='ocrx_word' id='word_1_97' title='bbox 117 1391 486 1454; x_wconf 77' lang='lat' dir='ltr'><strong>excommunicationem</strong></span> <span class='ocrx_word' id='word_1_98' title='bbox 500 1391 657 1452; x_wconf 89' lang='lat' dir='ltr'><strong>custodiat</strong></span> <span class='ocrx_word' id='word_1_99' title='bbox 668 1399 717 1475; x_wconf 83' lang='lat' dir='ltr'><strong>p).</strong></span> <span class='ocrx_word' id='word_1_100' title='bbox 759 1391 857 1468; x_wconf 88' lang='lat' dir='ltr'><strong>Quod</strong></span> <span class='ocrx_word' id='word_1_101' title='bbox 875 1391 899 1452; x_wconf 88' lang='lat' dir='ltr'><strong>si</strong></span> <span class='ocrx_word' id='word_1_102' title='bbox 916 1390 1033 1472; x_wconf 83' lang='lat' dir='ltr'><strong>aliquis</strong></span> <span class='ocrx_word' id='word_1_103' title='bbox 1060 1391 1117 1452; x_wconf 86' lang='lat' dir='ltr'><strong>ista</strong></span> <span class='ocrx_word' id='word_1_104' title='bbox 1140 1393 1247 1452; x_wconf 87' lang='lat' dir='ltr'><strong>omnia</strong></span> 
     </span>
     <span class='ocr_line' id='line_1_14' title="bbox 118 1473 1245 1559; baseline 0.001 -23"><span class='ocrx_word' id='word_1_105' title='bbox 118 1475 368 1556; x_wconf 86' lang='lat' dir='ltr'><strong>contempserit,</strong></span> <span class='ocrx_word' id='word_1_106' title='bbox 391 1485 423 1536; x_wconf 89' lang='lat' dir='ltr'><strong>et</strong></span> <span class='ocrx_word' id='word_1_107' title='bbox 434 1474 612 1556; x_wconf 89' lang='lat' dir='ltr'><strong>Episcopus</strong></span> <span class='ocrx_word' id='word_1_108' title='bbox 627 1473 797 1536; x_wconf 89' lang='lat' dir='ltr'><strong>emendare</strong></span> <span class='ocrx_word' id='word_1_109' title='bbox 820 1473 951 1534; x_wconf 88' lang='lat' dir='ltr'><strong>minime</strong></span> <span class='ocrx_word' id='word_1_110' title='bbox 969 1473 1128 1556; x_wconf 88' lang='lat' dir='ltr'><strong>potuerit,</strong></span> <span class='ocrx_word' id='word_1_111' title='bbox 1150 1475 1245 1559; x_wconf 79' lang='lat' dir='ltr'><strong>Regis</strong></span> 
     </span>
     <span class='ocr_line' id='line_1_15' title="bbox 118 1556 1236 1640; baseline -0.002 -23"><span class='ocrx_word' id='word_1_112' title='bbox 118 1556 242 1617; x_wconf 90' lang='lat' dir='ltr'><strong>indicio</strong></span> <span class='ocrx_word' id='word_1_113' title='bbox 259 1556 358 1618; x_wconf 84' lang='lat' dir='ltr'><strong>exilio</strong></span> <span class='ocrx_word' id='word_1_114' title='bbox 382 1557 623 1640; x_wconf 78' lang='lat' dir='ltr'><strong>condemnetur.</strong></span> <span class='ocrx_word' id='word_1_115' title='bbox 1231 1560 1236 1571; x_wconf 84' lang='grc'><em>’</em></span> 
     </span>
    </p>
   </div>
   <div class='ocr_carea' id='block_1_3' title="bbox 119 1683 1254 1934">
    <p class='ocr_par' dir='ltr' id='par_1_3' title="bbox 119 1683 1254 1934">
     <span class='ocr_line' id='line_1_16' title="bbox 122 1683 1247 1766; baseline 0.004 -20"><span class='ocrx_word' id='word_1_116' title='bbox 122 1685 167 1747; x_wconf 88' lang='lat' dir='ltr'><strong>Ut</strong></span> <span class='ocrx_word' id='word_1_117' title='bbox 187 1685 339 1746; x_wconf 83' lang='lat' dir='ltr'><strong>Monucln&#39;</strong></span> <span class='ocrx_word' id='word_1_118' title='bbox 358 1687 487 1748; x_wconf 87' lang='lat' dir='ltr'><strong>Romam</strong></span> <span class='ocrx_word' id='word_1_119' title='bbox 507 1686 561 1746; x_wconf 81' lang='lat' dir='ltr'><strong>uel</strong></span> <span class='ocrx_word' id='word_1_120' title='bbox 580 1685 625 1746; x_wconf 85' lang='lat' dir='ltr'><strong>nd</strong></span> <span class='ocrx_word' id='word_1_121' title='bbox 650 1685 714 1744; x_wconf 83' lang='lat' dir='ltr'><strong>alin</strong></span> <span class='ocrx_word' id='word_1_122' title='bbox 744 1683 814 1746; x_wconf 80' lang='lat' dir='ltr'><strong>locu</strong></span> <span class='ocrx_word' id='word_1_123' title='bbox 842 1707 906 1746; x_wconf 89' lang='lat' dir='ltr'><strong>non</strong></span> <span class='ocrx_word' id='word_1_124' title='bbox 932 1699 1096 1766; x_wconf 78' lang='lat' dir='ltr'><strong>ungentur.</strong></span> <span class='ocrx_word' id='word_1_125' title='bbox 1145 1685 1189 1748; x_wconf 84' lang='lat' dir='ltr'><strong>Et</strong></span> <span class='ocrx_word' id='word_1_126' title='bbox 1218 1688 1247 1751; x_wconf 80' lang='lat' dir='ltr'><strong>sl</strong></span> 
     </span>
     <span class='ocr_line' id='line_1_17' title="bbox 119 1764 1254 1850; baseline -0.001 -23"><span class='ocrx_word' id='word_1_127' title='bbox 119 1771 191 1850; x_wconf 85' lang='lat' dir='ltr'><strong>quis</strong></span> <span class='ocrx_word' id='word_1_128' title='bbox 214 1769 252 1830; x_wconf 84' lang='lat' dir='ltr'><strong>ob</strong></span> <span class='ocrx_word' id='word_1_129' title='bbox 274 1769 489 1848; x_wconf 80' lang='lat' dir='ltr'><strong>negligentiam</strong></span> <span class='ocrx_word' id='word_1_130' title='bbox 509 1767 639 1830; x_wconf 74' lang='lat' dir='ltr'><strong>Albulis</strong></span> <span class='ocrx_word' id='word_1_131' title='bbox 671 1764 717 1828; x_wconf 79' lang='lat' dir='ltr'><strong>acl</strong></span> <span class='ocrx_word' id='word_1_132' title='bbox 741 1767 832 1826; x_wconf 85' lang='lat' dir='ltr'><strong>alind</strong></span> <span class='ocrx_word' id='word_1_133' title='bbox 858 1771 1081 1830; x_wconf 87' lang='lat' dir='ltr'><strong>monasterium</strong></span> <span class='ocrx_word' id='word_1_134' title='bbox 1111 1771 1254 1849; x_wconf 70' lang='lat' dir='ltr'><strong>nst&#39;grure,</strong></span> 
     </span>
     <span class='ocr_line' id='line_1_18' title="bbox 369 1850 1009 1934; baseline 0.006 -28"><span class='ocrx_word' id='word_1_135' title='bbox 369 1852 458 1928; x_wconf 83' lang='lat' dir='ltr'><strong>velit,</strong></span> <span class='ocrx_word' id='word_1_136' title='bbox 481 1872 550 1912; x_wconf 87' lang='lat' dir='ltr'><strong>cum</strong></span> <span class='ocrx_word' id='word_1_137' title='bbox 570 1850 720 1934; x_wconf 85' lang='lat' dir='ltr'><strong>Episcopi</strong></span> <span class='ocrx_word' id='word_1_138' title='bbox 738 1871 887 1910; x_wconf 80' lang='lat' dir='ltr'><strong>consensu</strong></span> <span class='ocrx_word' id='word_1_139' title='bbox 908 1852 1009 1916; x_wconf 85' lang='lat' dir='ltr'><strong>liceat.</strong></span> 
     </span>
    </p>
   </div>
   <div class='ocr_carea' id='block_1_4' title="bbox 79 1954 1248 2699">
    <p class='ocr_par' dir='ltr' id='par_1_4' title="bbox 79 1954 1248 2699">
     <span class='ocr_line' id='line_1_19' title="bbox 201 1954 1246 2036; baseline -0.003 -18"><span class='ocrx_word' id='word_1_140' title='bbox 201 1954 244 2018; x_wconf 89' lang='lat' dir='ltr'><strong>X.</strong></span> <span class='ocrx_word' id='word_1_141' title='bbox 287 1959 329 2016; x_wconf 85' lang='lat' dir='ltr'><strong>Ut</strong></span> <span class='ocrx_word' id='word_1_142' title='bbox 348 1955 497 2019; x_wconf 88' lang='lat' dir='ltr'><strong>Monachi</strong></span> <span class='ocrx_word' id='word_1_143' title='bbox 519 1955 576 2036; x_wconf 90' lang='lat' dir='ltr'><strong>qui</strong></span> <span class='ocrx_word' id='word_1_144' title='bbox 592 1955 750 2018; x_wconf 85' lang='lat' dir='ltr'><strong>veraciter</strong></span> <span class='ocrx_word' id='word_1_145' title='bbox 764 1955 1104 2036; x_wconf 81' lang='lat' dir='ltr'><strong>regulariter&#39;vivunt,</strong></span> <span class='ocrx_word' id='word_1_146' title='bbox 1128 1957 1165 2017; x_wconf 89' lang='lat' dir='ltr'><strong>ad</strong></span> <span class='ocrx_word' id='word_1_147' title='bbox 1181 1958 1246 2015; x_wconf 85' lang='lat' dir='ltr'><strong>Ro-</strong></span> 
     </span>
     <span class='ocr_line' id='line_1_20' title="bbox 115 2037 1248 2120; baseline -0.001 -21"><span class='ocrx_word' id='word_1_148' title='bbox 115 2061 245 2110; x_wconf 82' lang='lat' dir='ltr'><strong>manam</strong></span> <span class='ocrx_word' id='word_1_149' title='bbox 258 2039 367 2100; x_wconf 89' lang='lat' dir='ltr'><strong>sedem</strong></span> <span class='ocrx_word' id='word_1_150' title='bbox 385 2039 438 2098; x_wconf 87' lang='lat' dir='ltr'><strong>vel</strong></span> <span class='ocrx_word' id='word_1_151' title='bbox 475 2038 576 2098; x_wconf 85' lang='lat' dir='ltr'><strong>aliubi</strong></span> <span class='ocrx_word' id='word_1_152' title='bbox 602 2037 709 2119; x_wconf 80' lang='lat' dir='ltr'><strong>vagari</strong></span> <span class='ocrx_word' id='word_1_153' title='bbox 730 2059 793 2097; x_wconf 89' lang='lat' dir='ltr'><strong>non</strong></span> <span class='ocrx_word' id='word_1_154' title='bbox 825 2039 1067 2120; x_wconf 88' lang='lat' dir='ltr'><strong>permittantur,</strong></span> <span class='ocrx_word' id='word_1_155' title='bbox 1091 2039 1151 2099; x_wconf 86' lang='lat' dir='ltr'><strong>nisi</strong></span> <span class='ocrx_word' id='word_1_156' title='bbox 1170 2039 1248 2099; x_wconf 88' lang='lat' dir='ltr'><strong>obc-</strong></span> 
     </span>
     <span class='ocr_line' id='line_1_21' title="bbox 118 2119 1245 2197; baseline -0.004 -15"><span class='ocrx_word' id='word_1_157' title='bbox 118 2122 275 2182; x_wconf 88' lang='lat' dir='ltr'><strong>dientiam</strong></span> <span class='ocrx_word' id='word_1_158' title='bbox 303 2119 435 2180; x_wconf 86' lang='lat' dir='ltr'><strong>Abbatis</strong></span> <span class='ocrx_word' id='word_1_159' title='bbox 460 2120 509 2182; x_wconf 92' lang='lat' dir='ltr'><strong>sui</strong></span> <span class='ocrx_word' id='word_1_160' title='bbox 540 2129 719 2186; x_wconf 80' lang='lat' dir='ltr'><strong>exerceant.</strong></span> <span class='ocrx_word' id='word_1_161' title='bbox 760 2121 849 2181; x_wconf 90' lang='lat' dir='ltr'><strong>Etsi</strong></span> <span class='ocrx_word' id='word_1_162' title='bbox 873 2121 946 2181; x_wconf 90' lang='lat' dir='ltr'><strong>talis</strong></span> <span class='ocrx_word' id='word_1_163' title='bbox 974 2141 1066 2180; x_wconf 90' lang='lat' dir='ltr'><strong>causa</strong></span> <span class='ocrx_word' id='word_1_164' title='bbox 1089 2122 1245 2197; x_wconf 85' lang='lat' dir='ltr'><strong>evenerit,</strong></span> 
     </span>
     <span class='ocr_line' id='line_1_22' title="bbox 119 2201 1247 2286; baseline -0.002 -23"><span class='ocrx_word' id='word_1_165' title='bbox 119 2203 208 2284; x_wconf 92' lang='lat' dir='ltr'><strong>quod</strong></span> <span class='ocrx_word' id='word_1_166' title='bbox 226 2201 316 2279; x_wconf 89' lang='lat' dir='ltr'><strong>absit,</strong></span> <span class='ocrx_word' id='word_1_167' title='bbox 341 2203 429 2284; x_wconf 88' lang='lat' dir='ltr'><strong>quod</strong></span> <span class='ocrx_word' id='word_1_168' title='bbox 449 2203 504 2263; x_wconf 92' lang='lat' dir='ltr'><strong>ille</strong></span> <span class='ocrx_word' id='word_1_169' title='bbox 522 2201 625 2262; x_wconf 87' lang='lat' dir='ltr'><strong>Abbas</strong></span> <span class='ocrx_word' id='word_1_170' title='bbox 639 2203 684 2262; x_wconf 89' lang='lat' dir='ltr'><strong>sic</strong></span> <span class='ocrx_word' id='word_1_171' title='bbox 701 2203 851 2264; x_wconf 89' lang='lat' dir='ltr'><strong>remissus</strong></span> <span class='ocrx_word' id='word_1_172' title='bbox 880 2203 934 2264; x_wconf 79' lang='lat' dir='ltr'><strong>vel</strong></span> <span class='ocrx_word' id='word_1_173' title='bbox 968 2203 1135 2286; x_wconf 75' lang='lat' dir='ltr'><strong>negligens</strong></span> <span class='ocrx_word' id='word_1_174' title='bbox 1158 2203 1247 2263; x_wconf 87' lang='lat' dir='ltr'><strong>iuve-</strong></span> 
     </span>
     <span class='ocr_line' id='line_1_23' title="bbox 79 2285 1248 2367; baseline 0 -23"><span class='ocrx_word' id='word_1_175' title='bbox 79 2305 85 2315; x_wconf 89' lang='lat'><strong>·</strong></span> <span class='ocrx_word' id='word_1_176' title='bbox 116 2287 277 2345; x_wconf 87' lang='lat' dir='ltr'><strong>niaturut</strong></span> <span class='ocrx_word' id='word_1_177' title='bbox 297 2285 329 2344; x_wconf 90' lang='lat' dir='ltr'><strong>in</strong></span> <span class='ocrx_word' id='word_1_178' title='bbox 355 2307 467 2347; x_wconf 86' lang='lat' dir='ltr'><strong>manus</strong></span> <span class='ocrx_word' id='word_1_179' title='bbox 493 2286 648 2346; x_wconf 90' lang='lat' dir='ltr'><strong>laicorum</strong></span> <span class='ocrx_word' id='word_1_180' title='bbox 673 2285 776 2367; x_wconf 88' lang='lat' dir='ltr'><strong>ipsum</strong></span> <span class='ocrx_word' id='word_1_181' title='bbox 810 2285 1037 2345; x_wconf 85' lang='lat' dir='ltr'><strong>monasterium</strong></span> <span class='ocrx_word' id='word_1_182' title='bbox 1065 2287 1192 2361; x_wconf 87' lang='lat' dir='ltr'><strong>veniat,</strong></span> <span class='ocrx_word' id='word_1_183' title='bbox 1216 2293 1248 2344; x_wconf 86' lang='lat' dir='ltr'><strong>ct</strong></span> 
     </span>
     <span class='ocr_line' id='line_1_24' title="bbox 115 2367 1246 2449; baseline -0.002 -22"><span class='ocrx_word' id='word_1_184' title='bbox 115 2367 179 2428; x_wconf 90' lang='lat' dir='ltr'><strong>hoc</strong></span> <span class='ocrx_word' id='word_1_185' title='bbox 202 2369 381 2449; x_wconf 84' lang='lat' dir='ltr'><strong>Episcopus</strong></span> <span class='ocrx_word' id='word_1_186' title='bbox 400 2367 570 2430; x_wconf 86' lang='lat' dir='ltr'><strong>emendare</strong></span> <span class='ocrx_word' id='word_1_187' title='bbox 589 2389 653 2428; x_wconf 92' lang='lat' dir='ltr'><strong>nou</strong></span> <span class='ocrx_word' id='word_1_188' title='bbox 672 2369 823 2449; x_wconf 87' lang='lat' dir='ltr'><strong>potuerit,</strong></span> <span class='ocrx_word' id='word_1_189' title='bbox 844 2377 876 2429; x_wconf 90' lang='lat' dir='ltr'><strong>et</strong></span> <span class='ocrx_word' id='word_1_190' title='bbox 891 2368 998 2449; x_wconf 89' lang='lat' dir='ltr'><strong>&#39;aliqui</strong></span> <span class='ocrx_word' id='word_1_191' title='bbox 1024 2369 1105 2434; x_wconf 88' lang='lat' dir='ltr'><strong>tales</strong></span> <span class='ocrx_word' id='word_1_192' title='bbox 1131 2371 1246 2428; x_wconf 90' lang='lat' dir='ltr'><strong>Mona-</strong></span> 
     </span>
     <span class='ocr_line' id='line_1_25' title="bbox 117 2449 1244 2533; baseline -0.002 -23"><span class='ocrx_word' id='word_1_193' title='bbox 117 2449 170 2510; x_wconf 91' lang='lat' dir='ltr'><strong>chi</strong></span> <span class='ocrx_word' id='word_1_194' title='bbox 193 2449 310 2510; x_wconf 84' lang='lat' dir='ltr'><strong>ibidem</strong></span> <span class='ocrx_word' id='word_1_195' title='bbox 330 2449 452 2510; x_wconf 86' lang='lat' dir='ltr'><strong>luerint</strong></span> <span class='ocrx_word' id='word_1_196' title='bbox 468 2450 524 2532; x_wconf 92' lang='lat' dir='ltr'><strong>qui</strong></span> <span class='ocrx_word' id='word_1_197' title='bbox 544 2459 676 2533; x_wconf 88' lang='lat' dir='ltr'><strong>propter</strong></span> <span class='ocrx_word' id='word_1_198' title='bbox 692 2453 796 2510; x_wconf 90' lang='lat' dir='ltr'><strong>Deum</strong></span> <span class='ocrx_word' id='word_1_199' title='bbox 822 2450 861 2512; x_wconf 90' lang='lat' dir='ltr'><strong>de</strong></span> <span class='ocrx_word' id='word_1_200' title='bbox 890 2451 958 2532; x_wconf 91' lang='lat' dir='ltr'><strong>ipso</strong></span> <span class='ocrx_word' id='word_1_201' title='bbox 988 2451 1182 2512; x_wconf 89' lang='lat' dir='ltr'><strong>monasterio</strong></span> <span class='ocrx_word' id='word_1_202' title='bbox 1210 2451 1244 2508; x_wconf 91' lang='lat' dir='ltr'><strong>in</strong></span> 
     </span>
     <span class='ocr_line' id='line_1_26' title="bbox 116 2531 1245 2614; baseline 0.002 -24"><span class='ocrx_word' id='word_1_203' title='bbox 116 2532 255 2592; x_wconf 86' lang='lat' dir='ltr'><strong>alterum</strong></span> <span class='ocrx_word' id='word_1_204' title='bbox 274 2533 410 2614; x_wconf 83' lang='lat' dir='ltr'><strong>migrare</strong></span> <span class='ocrx_word' id='word_1_205' title='bbox 432 2535 555 2610; x_wconf 82' lang='lat' dir='ltr'><strong>velint,</strong></span> <span class='ocrx_word' id='word_1_206' title='bbox 577 2542 707 2614; x_wconf 88' lang='lat' dir='ltr'><strong>propter</strong></span> <span class='ocrx_word' id='word_1_207' title='bbox 733 2554 843 2594; x_wconf 89' lang='lat' dir='ltr'><strong>eorum</strong></span> <span class='ocrx_word' id='word_1_208' title='bbox 866 2533 984 2594; x_wconf 88' lang='lat' dir='ltr'><strong>animas</strong></span> <span class='ocrx_word' id='word_1_209' title='bbox 1006 2533 1188 2608; x_wconf 81' lang='lat' dir='ltr'><strong>salvandas,</strong></span> <span class='ocrx_word' id='word_1_210' title='bbox 1209 2531 1245 2592; x_wconf 91' lang='lat' dir='ltr'><strong>bi</strong></span> 
     </span>
     <span class='ocr_line' id='line_1_27' title="bbox 115 2611 1246 2699; baseline 0.003 -25"><span class='ocrx_word' id='word_1_211' title='bbox 115 2635 175 2698; x_wconf 89' lang='lat' dir='ltr'><strong>per</strong></span> <span class='ocrx_word' id='word_1_212' title='bbox 191 2636 382 2676; x_wconf 90' lang='lat' dir='ltr'><strong>consensum</strong></span> <span class='ocrx_word' id='word_1_213' title='bbox 407 2611 559 2699; x_wconf 89' lang='lat' dir='ltr'><strong>Episcopi</strong></span> <span class='ocrx_word' id='word_1_214' title='bbox 581 2615 746 2676; x_wconf 88' lang='lat' dir='ltr'><strong>licentiam</strong></span> <span class='ocrx_word' id='word_1_215' title='bbox 773 2615 933 2695; x_wconf 88' lang='lat' dir='ltr'><strong>babeant,</strong></span> <span class='ocrx_word' id='word_1_216' title='bbox 968 2615 1109 2698; x_wconf 83' lang='lat' dir='ltr'><strong>qualiter</strong></span> <span class='ocrx_word' id='word_1_217' title='bbox 1134 2637 1246 2677; x_wconf 88' lang='lat' dir='ltr'><strong>eorum</strong></span> 
     </span>
    </p>
   </div>
   <div class='ocr_carea' id='block_1_5' title="bbox 38 2699 529 2779">
    <p class='ocr_par' dir='ltr' id='par_1_5' title="bbox 38 2699 529 2779">
     <span class='ocr_line' id='line_1_28' title="bbox 38 2699 529 2779; baseline 0.006 -26"><span class='ocrx_word' id='word_1_218' title='bbox 38 2731 41 2740; x_wconf 42' lang='grc' dir='ltr'>ι</span> <span class='ocrx_word' id='word_1_219' title='bbox 116 2718 242 2757; x_wconf 76' lang='lat' dir='ltr'><strong>animae</strong></span> <span class='ocrx_word' id='word_1_220' title='bbox 261 2699 386 2779; x_wconf 88' lang='lat' dir='ltr'><strong>possint</strong></span> <span class='ocrx_word' id='word_1_221' title='bbox 404 2699 529 2764; x_wconf 77' lang='lat' dir='ltr'><strong>salvari.</strong></span> 
     </span>
    </p>
   </div>
   <div class='ocr_carea' id='block_1_6' title="bbox 120 2794 1326 2964">
    <p class='ocr_par' dir='ltr' id='par_1_6' title="bbox 120 2794 1326 2964">
     <span class='ocr_line' id='line_1_29' title="bbox 120 2794 1326 2887; baseline 0 -23"><span class='ocrx_word' id='word_1_222' title='bbox 120 2803 161 2864; x_wconf 88' lang='lat' dir='ltr'><strong>Ut</strong></span> <span class='ocrx_word' id='word_1_223' title='bbox 181 2803 299 2864; x_wconf 82' lang='lat' dir='ltr'><strong>Clerici</strong></span> <span class='ocrx_word' id='word_1_224' title='bbox 312 2825 416 2865; x_wconf 84' lang='lat' dir='ltr'><strong>ornnes</strong></span> <span class='ocrx_word' id='word_1_225' title='bbox 433 2805 488 2866; x_wconf 85' lang='lat' dir='ltr'><strong>snb</strong></span> <span class='ocrx_word' id='word_1_226' title='bbox 504 2825 597 2866; x_wconf 82' lang='lat' dir='ltr'><strong>manu</strong></span> <span class='ocrx_word' id='word_1_227' title='bbox 616 2805 728 2863; x_wconf 81' lang='lat' dir='ltr'><strong>uiuant</strong></span> <span class='ocrx_word' id='word_1_228' title='bbox 746 2805 916 2887; x_wconf 79' lang='lat' dir='ltr'><strong>Episcopi,</strong></span> <span class='ocrx_word' id='word_1_229' title='bbox 938 2803 1039 2866; x_wconf 79' lang='lat' dir='ltr'><strong>celin</strong></span> <span class='ocrx_word' id='word_1_230' title='bbox 1053 2803 1244 2866; x_wconf 85' lang='lat' dir='ltr'><strong>monasterio</strong></span> <span class='ocrx_word' id='word_1_231' title='bbox 1323 2794 1326 2812; x_wconf 72' lang='lat'><strong>¹</strong></span> 
     </span>
     <span class='ocr_line' id='line_1_30' title="bbox 506 2885 855 2964; baseline 0.009 -20"><span class='ocrx_word' id='word_1_232' title='bbox 506 2888 562 2947; x_wconf 88' lang='lat' dir='ltr'><strong>sub</strong></span> <span class='ocrx_word' id='word_1_233' title='bbox 580 2885 690 2946; x_wconf 85' lang='lat' dir='ltr'><strong>ordine</strong></span> <span class='ocrx_word' id='word_1_234' title='bbox 710 2886 855 2964; x_wconf 81' lang='lat' dir='ltr'><strong>regulari.</strong></span> 
     </span>
    </p>
   </div>
   <div class='ocr_carea' id='block_1_7' title="bbox 117 2989 1251 3627">
    <p class='ocr_par' dir='ltr' id='par_1_7' title="bbox 117 2989 1251 3627">
     <span class='ocr_line' id='line_1_31' title="bbox 198 2989 1245 3072; baseline 0.001 -21"><span class='ocrx_word' id='word_1_235' title='bbox 198 2989 261 3056; x_wconf 88' lang='lat' dir='ltr'><strong>XI.</strong></span> <span class='ocrx_word' id='word_1_236' title='bbox 300 2993 349 3051; x_wconf 91' lang='lat' dir='ltr'><strong>De</strong></span> <span class='ocrx_word' id='word_1_237' title='bbox 362 2989 428 3052; x_wconf 89' lang='lat' dir='ltr'><strong>illis</strong></span> <span class='ocrx_word' id='word_1_238' title='bbox 442 2990 625 3058; x_wconf 86' lang='lat' dir='ltr'><strong>hominibus</strong></span> <span class='ocrx_word' id='word_1_239' title='bbox 640 2989 696 3070; x_wconf 90' lang='lat' dir='ltr'><strong>qui</strong></span> <span class='ocrx_word' id='word_1_240' title='bbox 711 2991 823 3052; x_wconf 90' lang='lat' dir='ltr'><strong>dicunt</strong></span> <span class='ocrx_word' id='word_1_241' title='bbox 841 2991 928 3072; x_wconf 91' lang='lat' dir='ltr'><strong>quod</strong></span> <span class='ocrx_word' id='word_1_242' title='bbox 947 3013 979 3052; x_wconf 91' lang='lat' dir='ltr'><strong>sc</strong></span> <span class='ocrx_word' id='word_1_243' title='bbox 995 2999 1126 3072; x_wconf 85' lang='lat' dir='ltr'><strong>propter</strong></span> <span class='ocrx_word' id='word_1_244' title='bbox 1138 2992 1245 3052; x_wconf 85' lang='lat' dir='ltr'><strong>Deum</strong></span> 
     </span>
     <span class='ocr_line' id='line_1_32' title="bbox 117 3073 1244 3152; baseline -0.001 -18"><span class='ocrx_word' id='word_1_245' title='bbox 117 3083 344 3149; x_wconf 86' lang='lat' dir='ltr'><strong>tonsorassent,</strong></span> <span class='ocrx_word' id='word_1_246' title='bbox 365 3082 398 3132; x_wconf 88' lang='lat' dir='ltr'><strong>et</strong></span> <span class='ocrx_word' id='word_1_247' title='bbox 417 3075 511 3134; x_wconf 91' lang='lat' dir='ltr'><strong>modo</strong></span> <span class='ocrx_word' id='word_1_248' title='bbox 529 3093 581 3134; x_wconf 92' lang='lat' dir='ltr'><strong>res</strong></span> <span class='ocrx_word' id='word_1_249' title='bbox 596 3096 707 3134; x_wconf 89' lang='lat' dir='ltr'><strong>eorum</strong></span> <span class='ocrx_word' id='word_1_250' title='bbox 720 3073 771 3133; x_wconf 80' lang='lat' dir='ltr'><strong>vel</strong></span> <span class='ocrx_word' id='word_1_251' title='bbox 788 3077 941 3152; x_wconf 88' lang='lat' dir='ltr'><strong>pecunias</strong></span> <span class='ocrx_word' id='word_1_252' title='bbox 961 3073 1100 3149; x_wconf 90' lang='lat' dir='ltr'><strong>babent,</strong></span> <span class='ocrx_word' id='word_1_253' title='bbox 1127 3083 1158 3133; x_wconf 86' lang='lat' dir='ltr'><strong>et</strong></span> <span class='ocrx_word' id='word_1_254' title='bbox 1183 3095 1244 3134; x_wconf 92' lang='lat' dir='ltr'><strong>nec</strong></span> 
     </span>
     <span class='ocr_line' id='line_1_33' title="bbox 118 3155 1244 3239; baseline -0.004 -22"><span class='ocrx_word' id='word_1_255' title='bbox 118 3157 176 3218; x_wconf 91' lang='lat' dir='ltr'><strong>sub</strong></span> <span class='ocrx_word' id='word_1_256' title='bbox 197 3177 296 3216; x_wconf 88' lang='lat' dir='ltr'><strong>manu</strong></span> <span class='ocrx_word' id='word_1_257' title='bbox 320 3155 472 3238; x_wconf 88' lang='lat' dir='ltr'><strong>Episcopi</strong></span> <span class='ocrx_word' id='word_1_258' title='bbox 501 3165 595 3233; x_wconf 85' lang='lat' dir='ltr'><strong>suut,</strong></span> <span class='ocrx_word' id='word_1_259' title='bbox 618 3177 677 3215; x_wconf 91' lang='lat' dir='ltr'><strong>nec</strong></span> <span class='ocrx_word' id='word_1_260' title='bbox 701 3155 735 3214; x_wconf 92' lang='lat' dir='ltr'><strong>in</strong></span> <span class='ocrx_word' id='word_1_261' title='bbox 756 3156 950 3216; x_wconf 86' lang='lat' dir='ltr'><strong>monasterio</strong></span> <span class='ocrx_word' id='word_1_262' title='bbox 978 3156 1171 3239; x_wconf 80' lang='lat' dir='ltr'><strong>regulariter</strong></span> <span class='ocrx_word' id='word_1_263' title='bbox 1193 3157 1244 3215; x_wconf 87' lang='lat' dir='ltr'><strong>vi·-</strong></span> 
     </span>
     <span class='ocr_line' id='line_1_34' title="bbox 117 3237 1245 3321; baseline 0.001 -22"><span class='ocrx_word' id='word_1_264' title='bbox 117 3249 219 3314; x_wconf 86' lang='lat' dir='ltr'><strong>vunt,</strong></span> <span class='ocrx_word' id='word_1_265' title='bbox 239 3237 361 3320; x_wconf 83' lang='lat' dir='ltr'><strong>placuit</strong></span> <span class='ocrx_word' id='word_1_266' title='bbox 377 3248 412 3298; x_wconf 90' lang='lat' dir='ltr'><strong>ut</strong></span> <span class='ocrx_word' id='word_1_267' title='bbox 432 3239 464 3296; x_wconf 88' lang='lat' dir='ltr'><strong>in</strong></span> <span class='ocrx_word' id='word_1_268' title='bbox 484 3238 674 3299; x_wconf 81' lang='lat' dir='ltr'><strong>monasterio</strong></span> <span class='ocrx_word' id='word_1_269' title='bbox 695 3237 760 3296; x_wconf 88' lang='lat' dir='ltr'><strong>sint</strong></span> <span class='ocrx_word' id='word_1_270' title='bbox 787 3238 844 3298; x_wconf 91' lang='lat' dir='ltr'><strong>sub</strong></span> <span class='ocrx_word' id='word_1_271' title='bbox 868 3238 980 3299; x_wconf 89' lang='lat' dir='ltr'><strong>ordine</strong></span> <span class='ocrx_word' id='word_1_272' title='bbox 1005 3237 1166 3321; x_wconf 82' lang='lat' dir='ltr'><strong>regulari,</strong></span> <span class='ocrx_word' id='word_1_273' title='bbox 1189 3247 1245 3300; x_wconf 87' lang='lat' dir='ltr'><strong>aul</strong></span> 
     </span>
     <span class='ocr_line' id='line_1_35' title="bbox 118 3319 1242 3400; baseline 0.001 -19"><span class='ocrx_word' id='word_1_274' title='bbox 118 3323 176 3382; x_wconf 87' lang='lat' dir='ltr'><strong>sub</strong></span> <span class='ocrx_word' id='word_1_275' title='bbox 200 3343 298 3380; x_wconf 88' lang='lat' dir='ltr'><strong>manu</strong></span> <span class='ocrx_word' id='word_1_276' title='bbox 310 3319 460 3399; x_wconf 87' lang='lat' dir='ltr'><strong>Episcopi</strong></span> <span class='ocrx_word' id='word_1_277' title='bbox 476 3320 534 3381; x_wconf 89' lang='lat' dir='ltr'><strong>sub</strong></span> <span class='ocrx_word' id='word_1_278' title='bbox 554 3321 667 3382; x_wconf 87' lang='lat' dir='ltr'><strong>ordine</strong></span> <span class='ocrx_word' id='word_1_279' title='bbox 686 3320 851 3380; x_wconf 84' lang='lat' dir='ltr'><strong>canonico.</strong></span> <span class='ocrx_word' id='word_1_280' title='bbox 872 3322 914 3380; x_wconf 90' lang='lat' dir='ltr'><strong>Et</strong></span> <span class='ocrx_word' id='word_1_281' title='bbox 932 3321 958 3380; x_wconf 91' lang='lat' dir='ltr'><strong>si</strong></span> <span class='ocrx_word' id='word_1_282' title='bbox 982 3321 1075 3380; x_wconf 91' lang='lat' dir='ltr'><strong>aliter</strong></span> <span class='ocrx_word' id='word_1_283' title='bbox 1091 3321 1242 3400; x_wconf 82' lang='lat' dir='ltr'><strong>fecerint,</strong></span> 
     </span>
     <span class='ocr_line' id='line_1_36' title="bbox 118 3402 1251 3484; baseline 0 -22"><span class='ocrx_word' id='word_1_284' title='bbox 118 3412 149 3462; x_wconf 89' lang='lat' dir='ltr'><strong>et</strong></span> <span class='ocrx_word' id='word_1_285' title='bbox 166 3402 307 3484; x_wconf 85' lang='lat' dir='ltr'><strong>correpti</strong></span> <span class='ocrx_word' id='word_1_286' title='bbox 324 3403 362 3462; x_wconf 92' lang='lat' dir='ltr'><strong>ab</strong></span> <span class='ocrx_word' id='word_1_287' title='bbox 379 3404 538 3484; x_wconf 90' lang='lat' dir='ltr'><strong>Episcopo</strong></span> <span class='ocrx_word' id='word_1_288' title='bbox 559 3425 617 3463; x_wconf 90' lang='lat' dir='ltr'><strong>suo</strong></span> <span class='ocrx_word' id='word_1_289' title='bbox 638 3426 670 3464; x_wconf 91' lang='lat' dir='ltr'><strong>se</strong></span> <span class='ocrx_word' id='word_1_290' title='bbox 705 3402 873 3462; x_wconf 88' lang='lat' dir='ltr'><strong>emendare</strong></span> <span class='ocrx_word' id='word_1_291' title='bbox 894 3404 1077 3480; x_wconf 89' lang='lat' dir='ltr'><strong>noluerint,</strong></span> <span class='ocrx_word' id='word_1_292' title='bbox 1107 3413 1251 3464; x_wconf 74' lang='lat' dir='ltr'><strong>›excom--</strong></span> 
     </span>
     <span class='ocr_line' id='line_1_37' title="bbox 117 3484 1243 3565; baseline 0.002 -23"><span class='ocrx_word' id='word_1_293' title='bbox 117 3485 336 3546; x_wconf 86' lang='lat' dir='ltr'><strong>m&#39;unicentur.</strong></span> <span class='ocrx_word' id='word_1_294' title='bbox 376 3486 418 3546; x_wconf 91' lang='lat' dir='ltr'><strong>Et</strong></span> <span class='ocrx_word' id='word_1_295' title='bbox 435 3486 473 3546; x_wconf 91' lang='lat' dir='ltr'><strong>de</strong></span> <span class='ocrx_word' id='word_1_296' title='bbox 489 3485 616 3546; x_wconf 87' lang='lat' dir='ltr'><strong>ancillis</strong></span> <span class='ocrx_word' id='word_1_297' title='bbox 632 3484 694 3546; x_wconf 91' lang='lat' dir='ltr'><strong>Dei</strong></span> <span class='ocrx_word' id='word_1_298' title='bbox 715 3485 836 3562; x_wconf 80' lang='lat' dir='ltr'><strong>(velatis</strong></span> <span class='ocrx_word' id='word_1_299' title='bbox 862 3491 892 3565; x_wconf 82' lang='lat' dir='ltr'><strong>q)</strong></span> <span class='ocrx_word' id='word_1_300' title='bbox 923 3487 1033 3546; x_wconf 87' lang='lat' dir='ltr'><strong>eadem</strong></span> <span class='ocrx_word' id='word_1_301' title='bbox 1053 3488 1156 3546; x_wconf 86' lang='lat' dir='ltr'><strong>forma</strong></span> <span class='ocrx_word' id='word_1_302' title='bbox 1174 3506 1243 3546; x_wconf 89' lang='lat' dir='ltr'><strong>ser·</strong></span> 
     </span>
     <span class='ocr_line' id='line_1_38' title="bbox 118 3577 222 3627; baseline -0.019 1"><span class='ocrx_word' id='word_1_303' title='bbox 118 3577 222 3627; x_wconf 86' lang='lat' dir='ltr'><strong>vetur.</strong></span> 
     </span>
    </p>
   </div>
   <div class='ocr_carea' id='block_1_8' title="bbox 123 3671 1243 3837">
    <p class='ocr_par' dir='ltr' id='par_1_8' title="bbox 123 3671 1243 3837">
     <span class='ocr_line' id='line_1_39' title="bbox 123 3671 1243 3751; baseline 0 -17"><span class='ocrx_word' id='word_1_304' title='bbox 123 3671 164 3734; x_wconf 85' lang='lat' dir='ltr'><strong>Ut</strong></span> <span class='ocrx_word' id='word_1_305' title='bbox 182 3673 300 3734; x_wconf 86' lang='lat' dir='ltr'><strong>Clerici</strong></span> <span class='ocrx_word' id='word_1_306' title='bbox 320 3673 357 3734; x_wconf 83' lang='lat' dir='ltr'><strong>ul</strong></span> <span class='ocrx_word' id='word_1_307' title='bbox 379 3673 530 3734; x_wconf 85' lang='lat' dir='ltr'><strong>Ecclesiis</strong></span> <span class='ocrx_word' id='word_1_308' title='bbox 554 3673 617 3732; x_wconf 85' lang='lat' dir='ltr'><strong>suis</strong></span> <span class='ocrx_word' id='word_1_309' title='bbox 642 3671 687 3733; x_wconf 83' lang='lat' dir='ltr'><strong>acl</strong></span> <span class='ocrx_word' id='word_1_310' title='bbox 702 3674 781 3735; x_wconf 86' lang='lat' dir='ltr'><strong>alias</strong></span> <span class='ocrx_word' id='word_1_311' title='bbox 800 3695 862 3734; x_wconf 90' lang='lat' dir='ltr'><strong>non</strong></span> <span class='ocrx_word' id='word_1_312' title='bbox 876 3673 1015 3751; x_wconf 79' lang='lat' dir='ltr'><strong>migrent.</strong></span> <span class='ocrx_word' id='word_1_313' title='bbox 1057 3673 1103 3732; x_wconf 89' lang='lat' dir='ltr'><strong>Et</strong></span> <span class='ocrx_word' id='word_1_314' title='bbox 1116 3685 1149 3733; x_wconf 86' lang='lat' dir='ltr'><strong>ut</strong></span> <span class='ocrx_word' id='word_1_315' title='bbox 1162 3673 1243 3734; x_wconf 82' lang='lat' dir='ltr'><strong>alte-</strong></span> 
     </span>
     <span class='ocr_line' id='line_1_40' title="bbox 323 3749 1037 3837; baseline -0.004 -21"><span class='ocrx_word' id='word_1_316' title='bbox 323 3759 389 3816; x_wconf 82' lang='lat' dir='ltr'><strong>rins</strong></span> <span class='ocrx_word' id='word_1_317' title='bbox 412 3757 572 3816; x_wconf 84' lang='lat' dir='ltr'><strong>Ecclesiae</strong></span> <span class='ocrx_word' id='word_1_318' title='bbox 601 3755 754 3814; x_wconf 86' lang='lat' dir='ltr'><strong>Clericnm</strong></span> <span class='ocrx_word' id='word_1_319' title='bbox 774 3777 862 3816; x_wconf 88' lang='lat' dir='ltr'><strong>nemo</strong></span> <span class='ocrx_word' id='word_1_320' title='bbox 880 3749 1037 3837; x_wconf 74' lang='lat' dir='ltr'><strong>suscipiat.</strong></span> 
     </span>
    </p>
   </div>
   <div class='ocr_carea' id='block_1_9' title="bbox 115 3855 1242 4027">
    <p class='ocr_par' dir='ltr' id='par_1_9' title="bbox 115 3855 1242 4027">
     <span class='ocr_line' id='line_1_41' title="bbox 197 3855 1242 3934; baseline -0.001 -12"><span class='ocrx_word' id='word_1_321' title='bbox 197 3859 277 3922; x_wconf 87' lang='grc' dir='ltr'><strong>ΧΠ.</strong></span> <span class='ocrx_word' id='word_1_322' title='bbox 319 3861 463 3926; x_wconf 86' lang='lat' dir='ltr'><strong>Clericos</strong></span> <span class='ocrx_word' id='word_1_323' title='bbox 479 3860 512 3918; x_wconf 88' lang='lat' dir='ltr'><strong>iu</strong></span> <span class='ocrx_word' id='word_1_324' title='bbox 536 3858 682 3920; x_wconf 83' lang='lat' dir='ltr'><strong>Ecclesia</strong></span> <span class='ocrx_word' id='word_1_325' title='bbox 694 3859 882 3934; x_wconf 86' lang='lat' dir='ltr'><strong>militantes,</strong></span> <span class='ocrx_word' id='word_1_326' title='bbox 905 3859 987 3920; x_wconf 89' lang='lat' dir='ltr'><strong>sicut</strong></span> <span class='ocrx_word' id='word_1_327' title='bbox 1008 3855 1070 3916; x_wconf 90' lang='lat' dir='ltr'><strong>iam</strong></span> <span class='ocrx_word' id='word_1_328' title='bbox 1084 3860 1242 3921; x_wconf 89' lang='lat' dir='ltr'><strong>coustitu-</strong></span> 
     </span>
     <span class='ocr_line' id='line_1_42' title="bbox 115 3940 1242 4027; baseline 0.001 -23"><span class='ocrx_word' id='word_1_329' title='bbox 115 3953 183 4022; x_wconf 83' lang='lat' dir='ltr'><strong>tum</strong></span> <span class='ocrx_word' id='word_1_330' title='bbox 200 3953 264 4020; x_wconf 89' lang='lat' dir='ltr'><strong>est,</strong></span> <span class='ocrx_word' id='word_1_331' title='bbox 288 3965 353 4010; x_wconf 90' lang='lat' dir='ltr'><strong>uon</strong></span> <span class='ocrx_word' id='word_1_332' title='bbox 371 3943 471 4004; x_wconf 86' lang='lat' dir='ltr'><strong>licere</strong></span> <span class='ocrx_word' id='word_1_333' title='bbox 493 3943 526 4002; x_wconf 90' lang='lat' dir='ltr'><strong>in</strong></span> <span class='ocrx_word' id='word_1_334' title='bbox 546 3943 678 4004; x_wconf 86' lang='lat' dir='ltr'><strong>alterius</strong></span> <span class='ocrx_word' id='word_1_335' title='bbox 698 3941 836 4003; x_wconf 86' lang='lat' dir='ltr'><strong>civitatis</strong></span> <span class='ocrx_word' id='word_1_336' title='bbox 851 3940 997 4005; x_wconf 83' lang='lat' dir='ltr'><strong>Ecclesia</strong></span> <span class='ocrx_word' id='word_1_337' title='bbox 1012 3940 1066 4002; x_wconf 85' lang='lat' dir='ltr'><strong>vel</strong></span> <span class='ocrx_word' id='word_1_338' title='bbox 1084 3941 1119 4001; x_wconf 88' lang='lat' dir='ltr'><strong>in</strong></span> <span class='ocrx_word' id='word_1_339' title='bbox 1137 3953 1242 4027; x_wconf 87' lang='lat' dir='ltr'><strong>potes·</strong></span> 
     </span>
    </p>
   </div>
   <div class='ocr_carea' id='block_1_10' title="bbox 146 4096 1047 4336">
    <p class='ocr_par' dir='ltr' id='par_1_10' title="bbox 146 4096 1047 4336">
     <span class='ocr_line' id='line_1_43' title="bbox 146 4096 1047 4189; baseline -0.001 -21"><span class='ocrx_word' id='word_1_340' title='bbox 146 4117 177 4188; x_wconf 80' lang='lat' dir='ltr'><strong>p)</strong></span> <span class='ocrx_word' id='word_1_341' title='bbox 196 4096 229 4170; x_wconf 82' lang='lat' dir='ltr'><strong>In</strong></span> <span class='ocrx_word' id='word_1_342' title='bbox 249 4116 285 4168; x_wconf 80' lang='lat' dir='ltr'><strong>sl,</strong></span> <span class='ocrx_word' id='word_1_343' title='bbox 302 4133 364 4167; x_wconf 88' lang='lat' dir='ltr'><strong>mss.</strong></span> <span class='ocrx_word' id='word_1_344' title='bbox 384 4113 511 4184; x_wconf 82' lang='lat' dir='ltr'><strong>sequitur</strong></span> <span class='ocrx_word' id='word_1_345' title='bbox 536 4115 653 4178; x_wconf 68' lang='lat' dir='ltr'><strong>lemma:</strong></span> <span class='ocrx_word' id='word_1_346' title='bbox 709 4148 713 4156; x_wconf 85' lang='lat'>·</span> <span class='ocrx_word' id='word_1_347' title='bbox 734 4116 769 4189; x_wconf 76' lang='lat' dir='ltr'><strong>q)</strong></span> <span class='ocrx_word' id='word_1_348' title='bbox 786 4116 870 4168; x_wconf 87' lang='lat' dir='ltr'><strong>Deest</strong></span> <span class='ocrx_word' id='word_1_349' title='bbox 886 4116 915 4170; x_wconf 85' lang='lat' dir='ltr'><strong>in</strong></span> <span class='ocrx_word' id='word_1_350' title='bbox 933 4114 968 4170; x_wconf 90' lang='lat' dir='ltr'><strong>al.</strong></span> <span class='ocrx_word' id='word_1_351' title='bbox 986 4129 1047 4173; x_wconf 85' lang='lat' dir='ltr'><strong>mss.</strong></span> 
     </span>
     <span class='ocr_line' id='line_1_44' title="bbox 202 4185 653 4256; baseline -0.011 -18"><span class='ocrx_word' id='word_1_352' title='bbox 202 4187 244 4238; x_wconf 86' lang='lat' dir='ltr'><strong>De</strong></span> <span class='ocrx_word' id='word_1_353' title='bbox 261 4187 303 4237; x_wconf 84' lang='lat' dir='ltr'><strong>bis</strong></span> <span class='ocrx_word' id='word_1_354' title='bbox 319 4187 371 4256; x_wconf 74' lang='lat' dir='ltr'><strong>qui</strong></span> <span class='ocrx_word' id='word_1_355' title='bbox 395 4185 653 4237; x_wconf 72' lang='lat' dir='ltr'><strong>excomunicatio-</strong></span> 
     </span>
     <span class='ocr_line' id='line_1_45' title="bbox 194 4254 489 4336; baseline 0 -28"><span class='ocrx_word' id='word_1_356' title='bbox 194 4275 261 4336; x_wconf 26' lang='lat' dir='ltr'><strong>&#39;nem</strong></span> <span class='ocrx_word' id='word_1_357' title='bbox 278 4254 489 4324; x_wconf 80' lang='lat' dir='ltr'><strong>parvipendunt.</strong></span> 
     </span>
    </p>
   </div>
   <div class='ocr_carea' id='block_1_11' title="bbox 0 0 1464 4972">
    <p class='ocr_par' dir='ltr' id='par_1_11' title="bbox 0 0 1464 4972">
     <span class='ocr_line' id='line_1_46' title="bbox 0 0 1464 4972; baseline 0 0"><span class='ocrx_word' id='word_1_358' title='bbox 0 0 1464 4972; x_wconf 95' lang='lat' dir='ltr'><strong> </strong></span> 
     </span>
    </p>
   </div>
  </div>
 </body>
</html>
