2920 4972
41 1143 48 1152 '
154 1131 306 1214 implere;
327 1139 362 1190 nt
380 1129 470 1190 tantb
496 1128 627 1192 aberitis
643 1128 759 1210 quida

293 329 329 388 n.
350 325 443 388 cua„
545 319 936 385 annonarancoaou
1020 329 1103 386 aas
1228 309 1294 426 63Ι

139 469 296 534 ἰὶουειιιίἱ
311 469 457 534 studium
468 467 615 554 ¹debeant
630 461 835 551 impendere3
858 467 1000 549 qualiter
1020 463 1107 529 'sic'ut
1129 451 1289 552 regularis

150 576 267 616 norma
282 553 483 613 honestatem
499 573 636 628 morum,
652 552 695 611 ita
714 550 852 632 quoqne¹
869 549 1007 626 docendi
1030 559 1062 610 et
1075 550 1223 614 discendi
1242 555 1290 614 in-

149 637 272 700 stantia
288 634 418 698 ordinet
432 644 464 694 et
479 643 573 695 ornet
590 634 706 696 seriem
721 633 913 704 verborum5
936 641 974 692 ut
994 634 1052 716 qui
1066 634 1137 694 Deo
1158 627 1290 716 placere

151 726 313 804 appetunt
333 717 419 778 rectb
438 716 593 803 vivendo,
614 716 645 788 ei
669 716 765 798 etiam
781 715 910 803 placere
932 729 1000 775 non
1018 715 1186 798 negligant
1202 717 1289 780 rectb

152 801 330 884 loquendo.
373 793 598 881 Scriptdm'est
614 793 715 860 enimi
736 798 803 860 Ant
818 797 984 858 revertis
1010 799 1071 857 tuis
1092 797 1289 884 iustificabe-

156 888 214 954 ris,
239 896 357 965 azetpx
376 883 483 964 uerbis
499 883 561 946 tuis
583 880 852 952 condemnaberis.
886 879 1273 962 lliattb.xn.=37.Qua1n

158 968 206 1029 vis
221 963 441 1028 enim'mclibs
456 965 497 1024 sit
512 963 596 1024 hene
614 965 734 1040 facere,
759 961 855 1044 quim
876 981 980 1038 nosse,
997 961 1087 1044 priris
1100 971 1214 1024 'tamen
1244 975 1291 1030 est

155 1070 249 1110 nosse
268 1049 365 1130 qubm
386 1047 504 1107 facere.
542 1044 652 1107 Debet
668 1065 756 1126 ergo.
771 1043 909 1126 quisque
938 1043 1063 1106 discere
1078 1047 1175 1126 ·quod
1203 1058 1292 1130 optat

784 1147 836 1188 ere
854 1127 978 1205 debeat,
997 1127 1159 1210 intelligat
1173 1133 1291 1210 anima,

141 1211 279 1295 quanti>
294 1212 327 1272 in
337 1210 577 1294 ‘omnipotentis
597 1211 659 1272 Dei
676 1148 826 1270 laudibus
842 1209 912 1271 sine
930 1210 1173 1272 mendaciorum
1193 1214 1292 1275 offen·

144 1296 274 1357 -dicnlis
290 1301 472 1355 cucurrerit
492 1292 614 1377 lingua.
655 1293 736 1354 Nam
751 1292 826 1352 calm
846 1292 995 1354 omnibus
1026 1293 1214 1362 hominibus
1238 1295 1291 1359 vi.

143 1378 338 1439 tandasint·
354 1376 533 1454 mendacia,
551 1385 674 1459 quanto
695 1374 795 1457 magis
814 1373 864 1435 illi
887 1375 1067 1438 secuudum
1095 1377 1291 1459 possibilita-

146 1471 224 1522 tem
243 1459 404 1521 declinare
422 1459 542 1520 debent
559 1459 616 1540 qui
631 1459 671 1521 ad
693 1459 756 1520 hoc
774 1457 976 1519 solummodo
997 1459 1176 1540 probantur
1194 1461 1292 1524 electi

146 1553 194 1604 nt
220 1543 342 1604 servire
361 1541 548 1627 specialiter
564 1541 702 1604 debeant
716 1540 855 1604 veritati.
896 1541 977 1601 Nam
990 1542 1065 1602 ciam
1083 1543 1175 1604 nobis
1192 1543 1292 1606 iubis

145 1625 282 1686 annisa
297 1623 465 1686 nonnullis
481 1619 681 1686 monasteriis
711 1623 836 1706 saepius
859 1623 978 1706 scripta
999 1623 1228 1707 dirigerentur,
1256 1627 1291 1694 in

145 1709 276 1791 quibus
297 1708 386 1790 quod
403 1727 463 1790 pro
485 1706 578 1767 nobis
606 1708 721 1769 fratres
741 1707 861 1767 ibidem
886 1717 1119 1769 commorantes
1141 1709 1174 1768 in
1196 1711 1293 1775 sacris

110 1787 115 1797 “
147 1801 190 1852 et
210 1791 273 1872 piis
300 1789 499 1850 orationibus
523 1788 999 1871 decertarent,significaretur,
1022 1791 1232 1874 cognovimns
1256 1795 1291 1854 in

149 1873 321 1959 plerisque
339 1871 494 1956 praefatis
505 1871 798 1954 conscriptionibus
817 1871 996 1934 eorundem
1013 1879 1045 1934 et
1056 1893 1168 1936 scissus
1186 1886 1292 1938 rectos

150 1966 191 2018 et
223 1975 384 2016 sermones
408 1954 564 2017 incultos:
597 1954 674 2036 quia
703 1954 792 2038 quod
818 1955 872 2037 pia
897 1953 1027 2016 devotio
1054 1949 1190 2018 interius
1211 1959 1292 2020 iide-

156 2039 235 2098 liter
257 2037 406 2116 dictabat,
435 2037 498 2099 hoc
531 2036 685 2116 exteribs,
704 2045 837 2120 propter
869 2037 1101 2120 negligentiam
1131 2039 1290 2121 discendi,

105 2142 110 2152 ·
156 2121 272 2204 lingua
301 2119 463 2182 inerudita
498 2120 680 2204 exprimere
713 2121 788 2180 sine*
816 2118 1070 2202 reprehensione
1098 2125 1291 2188 nonvale-

149 2204 222 2266 ebat.
264 2205 359 2266 Unde
389 2205 509 2264 factum
538 2211 594 2264 est'
610 2212 647 2264 ut
678 2202 792 2264 timere
814 2202 1032 2286 inciperemus
1062 2223 1103 2264 ne
1129 2205 1225 2284 forte,
1252 2207 1293 2268 si-

58 2299 60 2308 *
149 2297 214 2350 ,cut
243 2286 350 2346 minor
373 2297 442 2348 erat
470 2287 504 2346 in
526 2284 697 2348 scribendo
720 2284 906 2368 prudentia,
930 2285 974 2345 ita
995 2285 1126 2366 quoqub
1155 2295 1187 2348 et
1205 2289 1292 2359 mul-

156 2371 192 2432 tb
216 2369 323 2428 minor
343 2377 426 2430 esset
470 2370 541 2429 alm
559 2369 647 2430 recte
668 2389 736 2429 esse
758 2366 922 2430 debuisset
936 2366 971 2428 in
989 2377 1171 2432 sanctarum
1188 2371 1291 2456 scrip-

153 2461 301 2512 turarum
317 2451 357 2512 ad
370 2389 622 2534 intelligendum
641 2445 807 2534 sapientia.
848 2450 891 2512 Et
905 2447 989 2512 bene
1008 2451 1159 2515 novimus
1177 2476 1290 2522 omnes

57 2565 61 2570 ·
95 2553 98 2562 ’
151 2534 395 2616 quiaquamvis
415 2533 592 2617 periculosi
611 2533 676 2594 sint
700 2553 826 2596 errores
854 2533 1038 2612 verborum,
1071 2536 1175 2598 multo
1199 2537 1290 2622 peri-

152 2616 332 2678 culosiores
350 2625 565 2678 santerrores
591 2611 752 2678 sensuum.
795 2616 1012 2693 Quamobrem
1036 2617 1204 2680 hortamur
1233 2641 1290 2683 vos

146 2700 338 2760 litterarum
353 2699 457 2760 studia
473 2721 538 2759 non
556 2696 661 2760 sohlm
680 2718 745 2758 non
770 2698 946 2782 negligere,
973 2700 1088 2761 verbm
1111 2703 1208 2764 etiam
1231 2702 1291 2762 hu-

148 2781 290 2854 millime
306 2791 339 2843 et
360 2785 431 2842 Deo
447 2781 566 2863 placita
585 2780 766 2841 intentione
790 2779 830 2842 ad
851 2781 913 2842 hoc
929 2781 1076 2843 certatim
1093 2784 1230 2864 discere,
1252 2793 1291 2850 ut

146 2864 282 2924 facilibs
312 2874 345 2926 et
365 2865 486 2925 rectilis
513 2864 698 2925 divinarum
725 2861 1133 2947 scripturarummysteria
1156 2868 1290 2930 valeatis

142 2955 335 3030 penetrare.
352 2957 355 2963 '
377 2947 460 3008 Ciam
477 2956 584 3008 autem
600 2946 633 3005 in
661 2945 756 3006 sacris
780 2945 906 3027 paginis
939 2947 1117 3029 schemata,
1132 2951 1238 3033 tropi„
1257 2959 1291 3024 et

144 3039 283 3098 caetera
303 3028 353 3092 his
368 3029 484 3090 similia
499 3030 623 3090 inserta
639 3027 860 3105 inveniantur,
877 3031 962 3092 nulli
981 3030 1115 3090 dubium
1130 3043 1187 3110 est,
1200 3033 1290 3114 quod

143 3133 192 3172 ea
229 3111 455 3194 unusquisque
491 3112 602 3193 legens
630 3120 721 3172 tanto
752 3107 847 3170 citibs
876 3111 1090 3194 spiritualiter
1120 3115 1288 3198 intelligit,
1395 3117 1399 3130 '

143 3203 276 3274 quanto
298 3193 387 3276 priris
402 3195 436 3254 in
453 3193 634 3258 litterarum
647 3191 830 3274 magisterio
843 3193 973 3276 plenibs
988 3195 1164 3260 instructus
1177 3199 1288 3260 suerit.

143 3276 248 3338 »Tales
264 3297 342 3338 vero
359 3273 399 3336 ad
418 3275 482 3336 hoc
503 3299 584 3358 opus
603 3275 666 3338 riri
693 3275 866 3357 eligantur,
890 3276 948 3358 qni
982 3285 1013 3340 et
1033 3279 1234 3342 voluntatem
1256 3291 1289 3344 et

148 3396 152 3404 .
175 3357 397 3420 ossibilitatem
413 3357 560 3420 discendi
577 3369 609 3420 et
628 3357 825 3420 desiderium
839 3357 979 3432 babeant
994 3357 1073 3422 alios
1094 3363 1286 3426 instruendi.

140 3379 194 3508 bt
212 3439 276 3501 hoc
296 3441 423 3502 tantiam
443 3443 482 3502 ed
499 3441 681 3502 intentione
709 3449 830 3523 agatur,
859 3443 923 3522 qud
952 3441 1125 3505 devotione
1148 3446 1167 3504 b
1194 3447 1287 3522 nobis

151 3523 360 3606 praecipitur.
397 3525 560 3604 ¹Optamus
574 3524 662 3584 enim
682 3544 750 3600 vos,
770 3523 855 3585 sicut
872 3525 965 3596 decet
979 3525 1144 3587 Ecclesiae
1158 3527 1286 3608 milites,

142 3611 186 3664 'ct
200 3605 336 3667 interius
356 3605 489 3668 devotos
512 3615 544 3666 et
562 3605 704 3666 exteribs
721 3605 831 3668 doctos
848 3616 1014 3688 castosque
1028 3607 1112 3668 bene
1132 3605 1286 3688 vivendo,

144 3697 185 3746 vet
200 3688 407 3750 scholasticos
426 3687 511 3750 bene
534 3688 718 3770 loquendo,
744 3697 780 3748 ut
796 3689 985 3770 quicunque
1001 3712 1058 3752 vos
1080 3701 1215 3774 propter
1232 3715 1288 3757 no-

149 3791 225 3830 meu
244 3769 377 3831 Domini
391 3779 424 3832 et
440 3781 568 3832 sanctae
597 3770 853 3844 conversationis
876 3771 1078 3834 nobilitatem
1104 3775 1145 3834 ad
1169 3774 1288 3842 viden-
1316 3778 1320 3784 '

140 3851 229 3911 dum
252 3854 436 3935 expetierit,
452 3854 536 3915 sieut
553 3854 592 3914 de
614 3862 746 3936 aspectu
775 3863 882 3915 vestro
902 3852 1090 3916 aedificatur
1118 3855 1217 3934 visus,
1244 3857 1288 3916 ita

139 3936 280 4016 equoqub
302 3935 515 4016 desapientia
547 3946 664 4014 vestra,
689 3957 786 4016 quam
808 3937 843 3996 in
872 3937 1011 4018 legendo
1039 3958 1097 3998 seu
1127 3940 1286 4000 cantando

146 4017 342 4100 perceperit,
378 4017 566 4096 instructus,
591 4016 812 4100 omnipotenti
846 4017 992 4084 Domino,
1014 4019 1128 4103 gratias
1161 4021 1286 4103 agendo

134 4100 291 4180 gaudens
303 4101 425 4162 redeat.
439 4111 448 4128 ”
467 4101 571 4162 Huius
589 4102 700 4182 itaque
715 4101 868 4184 epistolae
894 4103 1089 4186 exemplaria
1114 4103 1154 4163 ad
1175 4125 1286 4165 omnes

135 4181 357 4264 suffragantes
374 4193 519 4265 tuosque,
530 4184 748 4276 coepiscopos,
765 4192 873 4266 etper
904 4179 1056 4246 universa
1081 4175 1285 4264 monasteria,

35 4299 38 4309 ·
146 4263 244 4348 dirigi
260 4287 325 4328 non
344 4267 498 4350 negligas,
514 4267 540 4328 si
569 4265 702 4352 gratiam
726 4273 867 4356 bostram
885 4265 1082 4354 habereris.
1105 4267 1147 4331 Et
1167 4269 1286 4358 ,nullus
1360 4319 1362 4325 ,
