2928 4986
245 357 278 410 a.
301 355 387 412 cua.
493 346 629 411 aucun
660 351 902 410 raaucoauu
1008 349 1072 412 su.
1179 332 1250 430 336

95 491 163 560 ubi
183 496 313 560 noviter
331 496 502 578 inceptum
519 504 584 572 est,
606 493 745 556 ulterius
763 515 830 556 non
846 501 968 576 agatur.
991 491 1034 554 Et
1047 491 1103 553 uhi
1119 513 1251 556 necesse

97 603 176 644 non
193 590 242 642 est
256 579 393 641 fluvium
408 577 551 659 aliquem
564 599 625 661 per
639 587 771 662 pontem
787 589 1001 653 transmeare,
1018 576 1071 637 vel
1092 576 1148 637 ubi
1162 579 1253 640 navis

97 686 168 748 per
191 663 331 724 mediam
351 682 467 744 aquam
489 670 544 720 aut
570 661 636 722 sub'
654 668 788 743 pontem
809 659 905 737 ierit,
927 657 1027 719 etad
1057 658 1161 740 ripam
1186 682 1254 722 nou

99 745 448 828 adpropinquaverit,
471 763 578 826 neque
601 743 721 804 ibidem
742 742 868 826 aliquid
883 749 1028 824 emptum
1048 741 1102 803 vel
1123 763 1255 804 venun-

100 831 223 889 datum
244 827 362 905 fuerit,
385 825 524 888 ulterius
545 825 713 886 teloneum
740 845 806 884 non
831 825 938 886 detur.
977 823 1021 884 Et
1043 844 1140 886 nemo
1163 833 1256 909 cogat

101 911 213 970 alium
239 911 279 970 ad
298 918 432 990 pontem
453 907 521 986 ire,
548 908 604 968 ubi
632 909 723 968 iuxta
754 917 889 991 pontem
916 928 1033 990 aquam
1057 915 1255 970 transmeare

53 1012 66 1036 ·
101 1001 231 1078 potest.
271 993 313 1052 Et
338 991 396 1074 qui
424 990 563 1054 ulterius
591 991 625 1052 in
646 990 766 1052 talibus
792 989 889 1068 locis,
918 990 972 1052 vel
996 989 1037 1050 de
1065 989 1116 1052 his
1136 991 1195 1074 qui
1216 991 1257 1052 ad

97 1075 270 1159 palatium
289 1095 348 1134 seu
373 1075 407 1133 in
429 1073 555 1136 hostem
572 1083 736 1158 pergunt,
759 1073 927 1135 teloneum
943 1073 1157 1152 exactaverit,
1181 1095 1256 1134 cnm

104 1181 168 1220 sua
191 1158 265 1239 lege
292 1156 399 1240 ipsum
414 1157 583 1218 teloneum
605 1157 740 1235 reddat,
763 1164 797 1218 et
817 1155 963 1218 bannum
985 1165 1134 1217 nostrum
1153 1155 1189 1218 id
1208 1165 1258 1218 est
1292 1159 1298 1170 '

105 1240 280 1324 sexaginta
298 1239 418 1301 solidos
437 1249 619 1324 componat.

258 1373 337 1454 [De
359 1374 408 1433 his
430 1373 485 1456 qui
507 1373 605 1439 bonos
627 1371 777 1433 denarios
798 1373 939 1455 accipere
962 1370 1085 1431 nolunt.

195 1479 317 1542 XVIII.
359 1478 559 1559 Quicunque
578 1477 663 1539 liber
675 1476 773 1538 homo
790 1476 960 1538 denarium
973 1497 1100 1538 merum
1122 1485 1155 1538 et
1170 1477 1255 1539 bene

108 1570 307 1646 pensantem
324 1561 471 1644 recipere
490 1561 652 1641 noluerit,
671 1559 816 1620 bannum
838 1571 1002 1638 nostrum,
1029 1559 1063 1620 id
1089 1568 1138 1622 est
1162 1581 1259 1622 sexa·
1340 1587 1349 1595 -

111 1644 205 1725 ginta
227 1643 348 1704 solidos
369 1651 550 1725 componat.
593 1643 722 1706 sivero
744 1641 830 1705 servi
851 1643 1063 1706 ecclesiastici
1080 1652 1136 1720 aut
1151 1642 1257 1706 Comi-

110 1737 184 1786 tum
212 1735 267 1784 aut
286 1727 496 1786 vassallorum
524 1735 708 1788 nostrorum
732 1723 796 1786 hoc
821 1725 929 1788 facere
961 1725 1256 1810 praesumpserint,

111 1808 282 1890 sexaginta
301 1808 418 1870 ictibus
440 1808 607 1892 vapulent.
650 1809 715 1870 Aut
734 1809 760 1870 si
779 1809 931 1890 magister
948 1829 1062 1871 eorum
1082 1807 1137 1890 vel
1155 1809 1256 1871 advo-

112 1900 224 1976 catus,
247 1891 303 1972 qui
328 1891 413 1952 liber
437 1900 500 1968 est,
530 1913 584 1954 eos
603 1893 656 1954 vel
678 1890 797 1952 Comiti
823 1893 875 1953 vel
900 1893 997 1954 Misso
1019 1900 1129 1952 nostro
1154 1892 1259 1953 iussus

111 1982 320 2057 praesentare
353 1973 514 2051 noluerit,
536 1974 739 2058 praedictum
763 1973 908 2037 bannum
930 1983 1096 2054 nostrum,
1125 1974 1160 2036 id
1190 1984 1257 2052 est,

113 2055 283 2139 sexaginta
299 2057 420 2120 solidos
438 2065 622 2140 componat.

431 2191 482 2252 De
502 2169 771 2254 adulteratoribus
793 2203 946 2253 niocetae.

198 2295 285 2356 XIX.
327 2295 377 2355 De
396 2290 474 2358 falsa
499 2306 628 2359 moneta
653 2295 801 2359 iubemus
828 2306 864 2357 ut
887 2296 944 2379 qui
973 2319 1043 2360 eam
1064 2297 1258 2386 percussisse

117 2376 341 2459 comprobatus
354 2379 465 2458 fuerit,
487 2402 601 2442 manus
623 2379 653 2442 ei
675 2389 870 2464 amputetur.
910 2379 954 2441 Et
970 2381 1028 2463 qui
1045 2380 1107 2442 hoe
1126 2403 1262 2442 consen·

118 2461 178 2536 sit,
199 2459 228 2553 si
249 2459 419 2540 liberast,
443 2463 610 2546 sexaginta
635 2463 757 2528 solidos
782 2472 965 2548 componat.
1013 2463 1048 2526 Si
1071 2485 1182 2526 servus
1200 2473 1260 2542 est,

120 2551 286 2623 sexaginta
307 2543 390 2605 ictus
400 2545 556 2629 accipiat.
1150 2561 1153 2568 ’

243 2674 294 2733 De
312 2676 446 2758 proprio
469 2675 630 2738 dominico
652 2675 719 2738 sine
741 2679 877 2740 iussione
893 2677 980 2737 illius
996 2677 1134 2741 reddito.

202 2779 273 2842 XX.
316 2781 351 2842 si
367 2782 440 2864 quis
459 2783 629 2867 proprium
650 2795 807 2863 nostrum,
827 2785 915 2867 quod
935 2785 968 2845 in
991 2787 1145 2848 vestitura
1167 2788 1261 2870 geni-

122 2861 201 2924 toris
221 2863 322 2924 nostri
341 2865 422 2943 fuit,
454 2865 552 2926 alicui
574 2867 745 2951 quaerenti
765 2868 834 2928 sine
854 2876 964 2929 nostra
985 2868 1128 2931 iussione
1149 2871 1262 2932 reddi-

125 2944 217 3024 derit,
239 2947 330 3008 aliud
346 2957 471 3008 tantum
492 2949 586 3011 nohis
611 2951 728 3012 desua
751 2949 883 3034 proprio
911 2972 985 3011 eum
1004 2973 1061 3012 sua
1081 2952 1153 3034 lege
1178 2975 1263 3014 com-

125 3038 231 3112 ponat.
272 3031 314 3091 Et
331 3030 520 3113 quicunque
536 3032 622 3094 illud
640 3032 781 3094 scienter
801 3055 861 3116 per
875 3034 995 3094 malum
1014 3033 1184 3117 ingenium
1205 3035 1263 3096 ad-

127 3111 255 3192 quirere
278 3113 471 3192 tentaverit,
499 3136 563 3196 pro¹
582 3114 707 3176 infideli
722 3125 898 3189 tenentum
933 3117 1009 3200 quia
1029 3127 1265 3180 sacramentum

128 3193 301 3272 fidelitatis,
326 3195 415 3277 quod
438 3197 532 3259 nohis
545 3197 704 3280 promisit,
727 3197 856 3259 irritum
876 3197 975 3272 fecit;
999 3209 1032 3262 et
1053 3199 1127 3262 ideo
1144 3223 1265 3263 secun·-

129 3276 203 3335 dnm
222 3286 362 3338 nostram
385 3279 588 3341 voluntatem
610 3289 643 3343 et
660 3289 852 3364 potestatem
873 3281 1100 3345 diiudicandus
1124 3294 1179 3346 est.

173 3407 220 3468 De
239 3410 363 3492 pueris,
385 3411 497 3472 invitis
516 3410 715 3496 parentibus,
739 3409 890 3490 detonsis,
913 3425 944 3472 et
961 3413 1078 3498 puellis
1099 3417 1223 3478 velatis.

206 3539 293 3599 XXI.
336 3537 371 3599 Si
389 3538 462 3621 quis
477 3561 628 3624 puerum,
650 3537 763 3602 invitis
776 3539 977 3622 parentibus,
999 3543 1187 3622 totonderit,
1210 3543 1266 3607 aut

132 3618 270 3702 puellam
294 3622 470 3700 velaverit,
500 3624 607 3705 legem
627 3643 716 3684 suam
738 3620 772 3681 in
797 3621 895 3717 triplo
914 3634 1102 3708 componat,
1128 3635 1184 3686 aut
1204 3628 1266 3712 ipsi

132 3722 228 3796 puero
244 3701 298 3763 vel
315 3705 459 3785 puellae,
481 3705 508 3766 si
528 3707 592 3766 iam
611 3726 687 3767 suae
704 3714 872 3788 potestatis
892 3717 986 3785 sunt,
1008 3717 1063 3768 aut
1086 3709 1136 3769 illi
1154 3709 1188 3769 in
1209 3733 1267 3772 cu·

133 3805 179 3844 ms
195 3793 352 3864 potestate
369 3787 522 3850 fuerint·
546 3787 599 3850 llli
619 3808 695 3850 vero
716 3793 905 3869 potestatem
922 3788 1060 3851 habeant
1076 3791 1188 3874 capitis
1205 3794 1267 3875 sui,

135 3873 168 3926 ut
182 3865 214 3924 in
232 3866 289 3926 tali
306 3865 418 3931 habitu
433 3879 645 3956 permaneant
666 3867 772 3954 qualis
792 3869 839 3934 eis
856 3871 1086 3958 complacuerit
1102 3875 1143 3948 l).

144 4068 365 4086 m

168 4209 200 4276 l)
218 4205 404 4262 InunoCod.
422 4215 469 4264 ute.
490 4209 600 4263 additur
624 4207 702 4261 Ca-·
813 4218 854 4263 est
882 4209 911 4264 in
949 4212 1097 4288 Capitular.
1139 4218 1195 4272 Lib.
1221 4221 1267 4276 1v.

218 4278 363 4351 pilulam,
401 4281 477 4354 quad
511 4279 685 4353 (lescriptum⁴
813 4297 837 4336 c.
864 4279 905 4350 74.
