2952 4988
206 353 280 428 262
439 371 474 430 a
493 370 580 430 can
687 369 945 431 carucarum
1049 372 1113 431 aaa.

207 532 288 608 opus
311 517 457 573 nostrum
478 511 662 596 recipiatur.
702 515 770 578 Nec
793 515 908 576 Comes
929 533 990 574 nec
1008 510 1160 575 Vicarius
1181 507 1267 571 illud
1284 505 1346 572 sibi

206 602 318 671 societ,
340 594 398 656 sed
416 595 456 656 ad
471 617 551 678 opns
570 605 716 658 nostrum
737 606 918 660 revocetur.
959 594 1117 657 Similiter
1135 593 1286 654 volumus
1310 603 1348 654 ut

205 676 307 740 banni
328 677 429 738 nostri
451 677 491 738 de
515 677 582 740 illis
605 679 692 740 undo
718 701 816 742 censa
833 679 985 763 exigunt,
1022 688 1059 739 ut
1085 677 1155 760 ipsa
1177 697 1277 738 censa
1306 677 1348 738 ad

206 781 287 844 opus
302 768 448 822 nostrum
466 760 519 822 rel
536 759 591 821 ubi
616 783 675 823 nos
692 761 841 825 iubemus
863 761 1008 826 veniant.

207 865 297 958 Quid
323 868 366 926 ait
393 865 550 949 agendam
581 869 610 928 si
637 867 768 1012 laer-etgar
794 868 835 930 de
857 867 1033 932 hereditate
1053 867 1138 928 iuter
1158 885 1191 928 se
1212 877 1347 928 conten·
1457 843 1458 908 l

661 953 721 1013 lios
759 955 889 1032 egerint.

288 1051 368 1136 vll.
409 1057 458 1118 De
479 1055 660 1120 hereditate
681 1057 768 1120 inter
790 1081 824 1120 se
847 1057 985 1122 heredes
1006 1057 1032 1120 si
1052 1054 1254 1118 contentiose
1272 1075 1348 1138 ege·

204 1135 291 1214 rint,
315 1145 348 1198 et
365 1137 434 1200 Rex
457 1139 590 1201 Missum
609 1161 704 1202 suum
729 1142 770 1202 ad
791 1142 880 1203 illam
910 1140 1102 1204 divisionem
1118 1138 1372 1216 transmiserit,

205 1219 369 1365 geppprum
390 1221 589 1308 mancipium
616 1233 648 1284 et
677 1223 801 1286 decima
826 1224 918 1310 virga
938 1222 1128 1286 hereditatis
1147 1220 1224 1283 fisco
1246 1221 1347 1304 Regis

232 1323 248 1364 e
304 1347 313 1365 ⁰
513 1385 556 1449 Ut
579 1385 704 1450 V'icarii
723 1388 865 1474 luparios
887 1390 1030 1452 habeant.

287 1491 382 1560 tht.
424 1497 467 1558 Ut
494 1495 617 1558 Vicarii
641 1496 783 1580 luparios
812 1495 953 1558 babeant
977 1493 1202 1577 unusquisque
1225 1491 1260 1551 iu
1281 1513 1344 1554 suo

202 1575 384 1641 ministerio
407 1577 497 1640 duos.
539 1579 581 1640 Et
601 1578 661 1660 ipsi
684 1580 723 1642 de
747 1578 838 1646 hoste
858 1577 1017 1664 pergendi
1033 1588 1066 1641 et
1083 1578 1122 1640 de
1139 1575 1259 1658 placito
1281 1577 1347 1636 Co-

201 1660 288 1722 mitis
305 1661 357 1723 vel
378 1661 501 1724 Vicarii
524 1682 565 1722 ne
582 1663 774 1740 custodiant,
798 1662 860 1724 uisi
878 1664 1001 1724 clamor
1016 1680 1202 1744 supereum
1219 1657 1344 1718 veniat.

200 1744 244 1808 Et
263 1743 324 1827 ipsi
344 1752 468 1806 certare
491 1745 642 1806 studeant
656 1747 696 1808 de
715 1745 777 1808 boc
796 1755 833 1806 ut
851 1747 1034 1828 perfectum
1049 1741 1167 1806 exinde
1187 1739 1345 1818 babeant,

201 1835 235 1889 et
260 1826 346 1909 ipsae
364 1827 468 1908 pelles
490 1827 643 1908 luporum
666 1828 707 1890 ad
727 1838 872 1892 nostrum
893 1851 975 1912 opus
996 1829 1126 1890 dentur.
1174 1821 1217 1882 Et
1241 1843 1347 1883 unus-

201 1908 341 1992 quisque
356 1909 396 1970 de
413 1908 463 1970 his
483 1909 540 1994 qui
562 1910 596 1970 in
611 1911 669 1972 illo
692 1911 872 1974 ministerio
883 1911 1040 1996 placitum
1055 1903 1259 1983 custodiunt,
1285 1903 1345 1966 dc·

199 1999 255 2055 tur
273 1991 320 2056 eis
339 1991 485 2054 modium
506 2014 610 2055 uuum
627 1994 666 2056 de
691 2015 828 2056 annona.

587 2103 638 2164 De
666 2105 755 2164 hoste
781 2101 946 2188 pergendi.

281 2207 338 2269 IX.
379 2211 429 2272 De
455 2209 547 2274 hoste
561 2210 739 2294 pergendi,
763 2220 800 2270 ut
819 2209 938 2272 Comiti
962 2209 995 2270 in
1021 2233 1081 2272 suo
1103 2209 1257 2272 comitatu
1276 2203 1342 2293 per

199 2288 346 2351 bannum
378 2315 644 2376 unumquemque
673 2291 839 2356 hominem
864 2293 1115 2376 persenaginta
1147 2293 1271 2356 solidos
1301 2294 1338 2354 in

197 2372 476 2458 bostemffipergere
494 2377 632 2438 bannire
655 2376 793 2454 studeat,
815 2385 850 2436 ut
872 2376 913 2436 ad
934 2377 1090 2456 placitum
1108 2375 1340 2437 denuntiatum

197 2455 238 2516 ad
255 2455 350 2517 illum
370 2458 479 2520 locum
496 2459 552 2520 ubi
572 2460 704 2522 iubetur
725 2459 870 2522 veniant.
912 2461 954 2520 Et
978 2459 1045 2542 ipse
1071 2461 1185 2521 Comes
1205 2459 1339 2540 praevi-

98 2547 104 2556 ’
197 2537 271 2598 deut
288 2541 451 2620 quomodo
472 2541 536 2602 sint
553 2541 666 2626 parati,
684 2541 718 2602 id
737 2552 795 2621 est,
820 2543 976 2620 lanceam,
997 2551 1125 2603 scutum
1140 2550 1196 2601 aut
1212 2562 1336 2618 arcum,

196 2641 272 2680 cum
295 2621 418 2683 duabus
440 2625 546 2686 cordis
569 2635 601 2686 et
620 2625 741 2706 sagittis
760 2625 940 2688 duodecim.
983 2627 1031 2685 De
1056 2625 1261 2704 hisuterque
1280 2623 1338 2683 ha·
1412 2629 1414 2640 '

195 2701 302 2764 beant.
345 2706 388 2766 Et
404 2707 569 2790 Episcopi,
590 2709 752 2784 Comites,
775 2708 930 2786 Abbates,
952 2707 1012 2769 hos
1028 2707 1178 2770 homines
1195 2705 1336 2766 habeant

195 2785 254 2866 qui
273 2785 337 2848 boc
361 2787 445 2850 bene
466 2791 687 2873 praevideant,
714 2800 748 2852 et
770 2791 811 2852 ad
833 2791 919 2852 diem
940 2790 1126 2852 denuntiati
1146 2787 1259 2870 placiti
1282 2809 1337 2850 ve-

195 2868 299 2946 niant,
321 2871 419 2931 stibi
437 2873 608 2934 ostendant
625 2875 788 2955 quomodo
812 2873 877 2935 sint
894 2875 1007 2958 parati.
1047 2874 1194 2933 Habeant
1216 2869 1335 2934 loricas

193 2951 246 3014 vel
267 2953 385 3036 galeas,
406 2963 438 3015 et
460 2956 670 3038 temporalem
685 2955 822 3035 hostem,
846 2957 959 3034 idest,
982 2955 1102 3018 aestivo
1126 2965 1282 3036 tempore.

284 3061 334 3122 De
355 3059 503 3143 dispensa
524 3063 616 3142 Regis
637 3076 668 3123 et
692 3061 885 3147 optimatum
913 3066 947 3123 in
968 3085 1060 3124 carro
1083 3059 1237 3122 ducenda.

274 3167 316 3228 X.
357 3169 399 3228 Ut
413 3167 508 3249 Regis
524 3189 639 3250 spensa
653 3168 687 3228 in
702 3189 792 3230 carra
807 3168 954 3246 ducatur,
968 3169 1065 3230 simul
1084 3167 1331 3250 Episcoporum,

192 3248 378 3327 Comitum,
404 3250 583 3328 Abbatum,
607 3260 638 3310 et
664 3251 865 3332 Optimatum
883 3251 997 3334 Regis,
1023 3252 1177 3328 farinam,
1205 3249 1330 3328 viuum,

190 3330 367 3408 baccones,
389 3342 421 3393 et
444 3332 567 3394 victum
587 3333 808 3410 abundanter,
828 3333 948 3410 molas,
972 3333 1163 3410 dolatorias,
1186 3345 1330 3410 secures,

189 3422 336 3492 taretros,
356 3415 562 3492 fundibulas,
585 3425 617 3476 et
636 3417 710 3477 illos
732 3415 881 3478 homines
902 3417 960 3498 qui
982 3418 1099 3480 exinde
1120 3417 1205 3478 bene
1226 3415 1331 3476 sciant

190 3495 318 3557 iactare.
360 3497 403 3559 Et
421 3499 586 3560 marscalci
603 3499 699 3580 Regis
719 3498 881 3560 adducant
898 3499 943 3560 eis
964 3509 1071 3580 petras
1087 3501 1120 3558 in
1136 3518 1260 3560 saumas
1282 3497 1331 3556 vi·
1394 3520 1399 3534 ’

188 3577 290 3661 ginti,
314 3578 342 3640 si
362 3591 443 3662 opus
464 3591 520 3642 est.
563 3583 605 3642 Et
630 3581 854 3664 unusquisque
878 3581 1041 3643 hostiliter
1063 3582 1104 3644 sit
1126 3590 1274 3664 paratus,
1296 3587 1330 3640 et

187 3661 296 3724 omnia
315 3663 468 3724 utensilia
488 3664 688 3726 sufficienter
707 3663 855 3724 habeant.
898 3665 940 3724 Et
958 3665 1182 3747 unusquisque
1209 3664 1328 3723 Comes

187 3743 266 3806 duas
280 3756 387 3827 partas
403 3747 442 3808 de
464 3745 564 3808 herba
583 3747 617 3806 in
638 3769 696 3807 suo
716 3747 870 3808 comitatu
894 3746 1050 3808 defendat
1066 3748 1106 3809 ad
1130 3766 1212 3830 opus
1235 3743 1328 3804 illins

184 3823 307 3897 bostis;
334 3834 367 3888 et
385 3827 501 3889 habeat
521 3839 635 3912 pontes
657 3830 771 3908 bonos,
796 3849 892 3890 naves
908 3829 1019 3890 bonas.

228 3933 278 3994 De
299 3936 478 3996 carceribus
499 3949 530 3995 et
548 3937 700 4019 patibulis
720 3935 873 3998 habendis
895 3937 933 3998 ab
956 3957 1141 4020 unoquoque
1161 3933 1283 3997 Iudice.

266 4041 322 4100 xl.
364 4043 407 4101 Ut
423 4041 583 4119 Comites,
611 4041 834 4125 unusquisque
857 4043 890 4102 in
906 4063 964 4104 suo
986 4043 1140 4104 comitatu
1160 4064 1326 4106 carcarem

180 4120 332 4186 habeant.
373 4125 415 4186 Et
437 4126 565 4188 ludices
586 4135 682 4206 atque
705 4123 828 4186 Vicarii
850 4123 1012 4208 patibulos
1037 4125 1186 4205 habeant.

290 4229 338 4288 De
356 4252 461 4312 poena
482 4234 642 4290 bominum
662 4231 738 4324 bpai
757 4234 883 4325 generis
905 4234 964 4326 ,qui=
981 4231 1088 4316 iniquia
1110 4247 1215 4312 agunt.

263 4310 342 4375 Xll.
385 4315 429 4376 Ut
443 4312 591 4376 homiues
611 4313 689 4376 bom
713 4333 842 4396 generas
861 4335 919 4398 qur
944 4316 1028 4376 tulba
1048 4315 1237 4378 comitatum
1264 4317 1328 4379 ini-
