2952 4988
1051 251 1060 300 t

269 392 304 448 a
323 387 412 450 ciis.
500 385 654 474 Διῑερυινι
673 367 938 446 saiucoiuii'
1007 391 1072 451 iii.
1175 368 1248 446 24³

114 533 353 600 nuntiaverunt
377 530 441 592 hoc
463 527 643 627 pertineat:
666 527 706 590 ad
727 529 959 602 ecclesiasticos
980 549 1060 592 vero
1086 529 1250 617 quomodo

114 622 201 683 inste
216 615 378 702 pertineat
418 622 525 677 emtus
541 611 737 696 ignoramus,
750 612 813 674 nisi
831 609 882 674 illi
903 611 996 674 nobis
1012 609 1251 682 insinuaverint

114 701 174 788 qui
191 699 273 760 haec
285 696 378 780 quasi
395 635 488 759 licita
502 715 658 778 usurpare
676 716 744 756 non
762 695 922 757 dubitant.

197 779 250 845 lx
301 778 392 860 Quid
420 777 645 861 unusquisque
675 777 805 840 Christo
832 779 867 838 iii
893 776 1053 861 baptismo
1074 775 1250 862 promittat,

115 865 170 936 vel
191 859 310 947 quibus
327 859 431 922 causis
445 859 668 938 abrenuntiet;
691 869 723 922 at
743 859 891 944 quamvis
917 860 1097 944 unicuique
1111 858 1253 943 {Christi-

116 968 180 1012 ano
207 941 480 1008 considerandum
506 942 558 1021 sit,
574 941 759 1025 specialiter
773 949 881 1006 tamen
900 941 943 1006 ab·
955 941 1180 1006 ecclesiasticis
1204 941 1254 1001 in·

117 1027 325 1118 quirendum,
346 1025 405 1108 qui
426 1023 518 1088 laicis
539 1025 640 1110 ipsius
661 1024 883 1110 promissionis
908 1034 941 1088 et
962 1022 1254 1088 abrenuntiationis

119 1116 154 1178 in
167 1131 225 1174 siin
239 1109 305 1173 viu
315 1107 501 1192 exemplum
515 1108 671 1190 praebere
689 1107 889 1170 debent.Hic
911 1107 1156 1192 diligentissime
1173 1126 1254 1168 con-

119 1192 327 1262 siderandum
347 1199 407 1269 est,
433 1199 466 1253 et
485 1188 665 1252 acutissime
685 1189 961 1274 distinguendum,
981 1210 1064 1274 quae
1090 1187 1255 1264 sectando,

118 1277 173 1344 vel
199 1295 283 1360 quae
301 1271 517 1357 neglegendo,
538 1273 763 1357 unusquisque
783 1282 929 1336 nostrum
950 1272 1052 1356 ipsam
1069 1293 1159 1335 suain
1177 1291 1256 1368 pro·

119 1358 308 1424 missionem
338 1364 373 1418 et
411 1355 727 1419 abrenuntiationem
757 1356 811 1418 vel
843 1363 1016 1420 conservet
1043 1356 1098 1418 vel
1132 1354 1257 1416 irritam

120 1441 238 1514 faciat5
261 1437 384 1521 etquis
404 1435 519 1500 sitille
544 1437 688 1519 Satanas,
710 1438 779 1502 sire
801 1438 1013 1518 adversarius,
1042 1438 1135 1500 cuins
1161 1455 1260 1520 opera

122 1525 177 1590 vel
230 1541 338 1604 cmpas
368 1519 402 1581 in
430 1519 587 1604 baptismo
617 1519 887 1585 renuntiavimus.
928 1521 990 1584 Hic
1007 1531 1115 1584 autem
1132 1516 1259 1599 conspi-

124 1543 279 1670 ciendum
292 1611 340 1666 cst
356 1621 397 1664 ne
412 1623 564 1686 perversa
576 1625 660 1668 unus
685 1603 800 1687 uisque
818 1603 979 1684 iaciendo,
989 1605 1084 1666 illum
1105 1600 1262 1700 quislibet

124 1697 274 1757 nostium
296 1693 450 1769 sequatur
470 1683 524 1748 cui
550 1627 738 1750 iamdudum
759 1685 794 1746 in
814 1686 972 1772 baptismo
993 1683 1262 1751 renuntiavimus.

208 1767 252 1840 X.
294 1765 333 1832 ln
359 1787 427 1862 quo
446 1783 608 1830 canonum
631 1771 685 1832 vel
709 1769 743 1830 in
765 1769 858 1832 cuius
881 1769 985 1832 sancti
1014 1769 1120 1834 Patris
1149 1765 1264 1849 regula

127 1849 341 1916 constitutum
359 1857 400 1912 sit
414 1857 451 1909 ut
469 1848 591 1913 invitus
608 1851 765 1934 quislibet
782 1861 837 1912 aut
850 1851 997 1916 Clericus
1016 1861 1073 1913 aut
1083 1847 1263 1914 Monachus

127 1935 194 2014 liat,
216 1931 341 1999 rutubi
362 1929 510 1994 Christus
530 1933 747 2019 praecepisset
768 1943 824 1996 aut
847 1935 921 2018 quis
942 1934 1114 2020 Apostolus
1132 1930 1264 2016 praedi·

128 2023 231 2081 cassct
250 2025 294 2078 ut*
306 2015 346 2077 de
370 2013 556 2078 nolentibus
577 2025 611 2078 ct
630 2015 751 2094 invitis,
770 2025 803 2078 et
820 2013 939 2081 vilibus
957 2016 1115 2100 personis,
1131 2034 1273 2096 congre*

128 2098 215 2185 gatio
238 2095 332 2168 lieret
353 2097 388 2158 in
413 2095 562 2160 Ecclesia
581 2099 634 2162 vel
660 2099 901 2162 canonicorum
928 2100 981 2162 rel
998 2097 1242 2162 Monschorum.

213 2179 274 2246 xi.
316 2180 422 2260 Quam
437 2179 611 2243 utilitatem
626 2184 774 2244 conferat
795 2181 962 2246 Ecclesiae
984 2179 1104 2244 Christi
1130 2177 1219 2262 qnod
1237 2177 1265 2239 is

153 2263 188 2325 ni
208 2271 316 2348 pastor
333 2263 385 2326 rel
399 2260 562 2346 magister,
579 2284 640 2328 nec
655 2265 879 2348 cuiuscunque
896 2263 1093 2328 venerahilis
1112 2262 1178 2328 loci
1195 2280 1265 2324 csse

130 2285 240 2426 debet,
255 2344 357 2432 inagis
382 2345 491 2408 studet
511 2346 546 2406 in
563 2369 621 2409 sna
637 2347 882 2412 conversatione
897 2347 1017 2410 habere
1032 2346 1151 2408 inultos
1167 2365 1266 2426 quani

130 2429 246 2508 bonos,
263 2437 298 2496 et
317 2448 384 2497 non
400 2435 526 2489 tantum
541 2429 651 2514 probis
689 2452 764 2492 nam
786 2429 995 2493 multitudine
1017 2429 1187 2492 hominum
1205 2426 1265 2489 de·-

131 2511 281 2588 lcctatur,
301 2509 377 2598 plus
391 2509 499 2572 studet
512 2521 547 2574 ut
561 2534 638 2575 suus
658 2516 683 2576 C
700 2514 807 2576 ericus
824 2513 877 2576 vel
897 2511 1076 2575 Monachus
1092 2512 1176 2572 bene
1191 2530 1266 2572 can·

131 2602 179 2656 tet
194 2603 226 2654 et
240 2591 336 2676 legat,
344 2613 448 2740 l⁴qiiiiiu
467 2592 548 2658 iuste
568 2604 601 2656 et
616 2595 710 2658 beate
723 2595 822 2660 vivat.
850 2597 1054 2679 Quamquam
1072 2615 1138 2654 non
1159 2593 1266 2654 solum

62 2706 65 2710 ·
131 2673 265 2736 minime
288 2675 323 2738 in

132 2756 265 2842 ciplina‚
285 2755 342 2820 sed
368 2757 464 2822 etiam
493 2761 685 2822 omnimodis
715 2760 905 2824 exercenda.
946 2760 1012 2824 Sed
1034 2759 1062 2824 si
1089 2768 1264 2838 utrumque

132 2837 270 2904 cuilibet
289 2838 466 2904 venerabili
484 2840 556 2904 loco
577 2843 730 2906 accedere
748 2843 855 2924 [non]
871 2849 989 2939 potest,
1006 2839 1210 2914 tolerabilius
1221 2847 1266 2900 ta-

132 2942 206 2984 men
229 2920 322 2984 nobis
344 2919 478 2996 videtur
498 2925 671 2988 ferendum
698 2927 943 3008 imperfectione
970 2923 1136 3001 cantandi,
1168 2943 1266 3005 quam

129 3003 275 3068 vivendi.
316 3005 359 3068 Et
374 3005 518 3088 quamvis
530 3007 653 3068 bonum
670 3008 711 3070 sit
726 3016 763 3069 ut
779 3007 943 3071 Ecclesiae
963 3008 1102 3092 pulchra
1124 3005 1190 3067 sint
1209 3025 1265 3066 ae·

132 3081 250 3164 dificia,
276 3087 508 3168 praeferendus
519 3099 627 3152 tamen
646 3101 694 3154 est
713 3090 867 3153 aediliciis
883 3092 1043 3153 bonorum
1066 3109 1193 3150 morum
1211 3107 1266 3148 or·

374 2674 492 2740 cclesia
508 2677 746 2741 contemnenda
761 2678 804 2744 sit
816 2677 968 2740 cantandi
984 2678 1036 2740 rel
1060 2673 1192 2758 legendi
1203 2673 1266 2738 dis·

133 3177 226 3230 natus
240 3177 272 3230 et
284 3169 430 3242 culmem
478 3169 541 3251 uia,
562 3174 596 3235 in
617 3183 775 3256 qnantum
796 3173 888 3238 nobis
903 3174 1042 3250 videtur,
1061 3171 1195 3234 structio
1207 3169 1266 3230 ba·

132 3249 299 3314 silicarum
323 3252 440 3317 veteris
453 3191 541 3350 iugis
565 3257 727 3339 quandam
754 3255 858 3318 trahit
878 3255 1165 3324 consuetudinem
1196 3273 1267 3312 mo-

133 3355 207 3395 rum
226 3342 335 3396 autem
349 3335 531 3400 emendatio
570 3339 679 3422 roprie
696 3339 736 3400 ad
751 3361 870 3402 novum
885 3347 1111 3402 testamentum
1128 3333 1247 3398 etChri

134 3415 268 3480 stianam
284 3417 426 3500 pertinet
450 3361 664 3505 disciplinam.
705 3421 802 3500 Quod
826 3424 852 3485 si
876 3422 1022 3485 Christus
1051 3430 1083 3483 et
1106 3415 1265 3502 Apostoli,

135 3499 239 3581 etqui
253 3497 422 3582 Apostolos
440 3515 529 3566 recte
544 3505 650 3566 secuti
681 3513 768 3582 sunt,
790 3503 824 3564 in
847 3503 1063 3568 ecclesiastica
1094 3499 1266 3583 disciplina

25 3643 26 3664 ἶ
135 3589 211 3642 sunt
234 3582 403 3664 sequendi,
429 3585 524 3648 aliter
547 3585 638 3650 nobis
666 3586 699 3648 in
730 3587 840 3650 multis
875 3587 972 3648 rebus
1006 3585 1192 3649 t'aciendum
1219 3589 1294 3643 est·

25 3673 27 3726 l
136 3683 234 3748 (11111111
253 3667 472 3762 usquemodo
490 3669 689 3746 fecissemus
711 3669 812 3730 multa
830 3668 869 3732 de
895 3691 956 3730 usu
979 3678 1011 3730 et
1030 3664 1266 3732 consuetudine

137 3752 245 3804 nostra
256 3748 445 3826 asserenda,
464 3757 498 3812 et
510 3771 576 3814 non
599 3751 707 3814 minus
720 3753 833 3830 multa,
852 3773 936 3836 quae
957 3751 1114 3814 hactenns
1142 3767 1207 3810 non
1222 3747 1278 3816 ie·‚

29 3855 30 3860 ¹
137 3825 251 3904 cimus,
279 3826 437 3890 facienda.
453 3865 456 3874 ·

219 3905 299 3972 ΧΠ.
340 3909 413 3990 Qut
433 3913 546 3996 regali
568 3914 719 3979 Monachi
735 3917 892 3980 vixissent
909 3919 942 3978 in
955 3917 1059 3978 Gallia
1079 3916 1269 4000 priusquam

136 3991 251 4074 regula
275 3991 376 4054 sancti
400 3993 566 4059 Benedicti
596 3999 629 4058 in
666 4021 705 4060 ea
734 4001 851 4061 tradita
874 4002 999 4076 fuisset,
1022 4022 1096 4062 cuin
1125 3999 1268 4081 legamus

137 4081 284 4138 sanctum
304 4076 479 4137 Martinam
500 4089 532 4140 et
550 4081 744 4144 Monachum
760 4083 860 4144 fuisse
887 4089 921 4144 et
944 4083 1004 4144 sub
1026 4103 1059 4144 se
1092 4079 1290 4152 Monachos.

136 4155 300 4232 habuisse,
316 4158 373 4240 qui
390 4160 494 4221 multo
506 4171 580 4223 ante
599 4174 744 4225 sanctum
764 4163 976 4226 benedictum
996 4165 1068 4225 fuit.

138 4321 162 4384 t·
219 4238 316 4306 Xlll.
358 4243 407 4305 De
425 4242 725 4308 Sanctimonialium
751 4255 783 4308 et
803 4247 993 4309 ancillarum
1019 4248 1080 4310 Dei
1099 4266 1268 4308 conversa·

155 4343 239 4386 ione.
1135 4347 1137 4356 ’
