2920 4972
167 254 217 328 46
385 269 422 326 s.
453 265 542 324 cna.
647 265 905 322 carnuntum
1009 261 1074 324 τεῦ.

168 417 245 478 dare
264 432 297 476 se
320 407 475 484 nolucrit,
511 404 623 470 nullus
646 428 721 468 eum
743 405 893 490 recipiat,
912 425 973 474 neo
1002 403 1112 470 cibum
1133 403 1164 466 ei
1197 403 1307 467 donst.

167 500 211 560 Et
232 497 258 559 si
273 494 336 556 boc
354 490 481 568 fecerit,
499 489 664 572 sexaginta
675 489 796 552 solidos
810 491 939 551 Domno
952 489 1034 574 Regi
1052 496 1236 571 componat,
1252 508 1307 548 us-

193 600 234 642 ue
252 579 329 639 dum
346 595 379 634 se
397 573 465 656 ipse
487 571 584 633 homo
598 571 785 636 correxerit.
815 573 858 634 Et
878 572 905 634 si
927 569 1100 655 pecuniam
1114 593 1181 630 non
1199 568 1308 646 babet,

169 686 196 725 ss
221 661 305 722 liber
321 666 379 735 est,
396 657 566 716 mittantur
585 653 619 716 in
640 676 802 718 carcerem
823 654 982 736 usquead
1001 653 1261 718 satisfactionem.
1274 652 1310 714 Si

169 766 283 808 servus
305 748 360 801 aut
380 737 517 800 libertus
531 746 589 814 est,
606 737 780 822 vapuletur
799 737 902 822 plagis
922 737 1041 800 multis.
1081 737 1125 798 Et
1143 736 1171 798 si
1195 736 1310 798 Domi-

170 849 233 888 nus
249 847 326 887 suus
340 821 525 907 permiserit
547 841 622 881 eum
646 821 784 904 amplius
805 823 839 882 in
861 821 926 883 tale
947 821 1053 884 scelus
1074 819 1202 898 cadere,
1225 820 1310 903 ipsos

171 909 339 992 sexaginta
354 905 476 989 solidos
493 904 620 965 Domno
645 904 726 986 Regi
746 913 927 988 componat

538 1019 588 1080 De
605 1019 828 1081 ecclesiasticis
854 1021 947 1082 uiris.

218 1177 220 1186 =
255 1138 296 1200 ΙΙ.
337 1137 387 1198 De
406 1136 631 1200 ecclesiasticis
649 1135 727 1199 verb
743 1135 802 1220 qui
816 1135 999 1218 supradicte
1017 1135 1162 1198 facinora
1183 1130 1312 1196 conimi-

173 1223 287 1298 serint,
303 1220 330 1281 si
344 1219 430 1280 bona
445 1241 582 1302 persona
597 1219 707 1295 fuerit,
722 1219 837 1304 perdat
854 1219 1011 1282 honorem
1031 1241 1142 1292 suum3
1166 1217 1310 1278 minores

177 1305 256 1368 verb
276 1301 485 1387 vapulentur,
500 1312 556 1364 aut
573 1302 607 1364 in
623 1321 787 1366 carcerem
806 1303 1027 1365 recludantur.
1141 1355 1146 1364 .

179 1497 184 1506 ⁴
215 1421 265 1482 De
281 1418 483 1498 Presbyteris
503 1432 535 1480 et
555 1417 701 1564 Clerzcgs,
720 1434 755 1482 ut
770 1441 830 1566 ἕω
850 1419 1103 1482 Arcbidiaconus
1123 1427 1273 1484 convocet

690 1524 768 1582 syno
794 1525 856 1565 um.
900 1527 903 1536 Α

257 1607 316 1668 111.
357 1609 407 1669 De
425 1606 626 1692 Presbyteris
648 1616 681 1672 et
701 1607 839 1672 Clericis
855 1609 901 1672 sic
917 1607 1115 1687 ordinamus,
1132 1618 1168 1672 ut
1195 1605 1314 1670 Archi·

177 1691 335 1755 diaconus
353 1689 508 1775 Episcopi
529 1714 583 1754 eos
603 1692 644 1754 ad
666 1693 826 1776 synodum
849 1703 1051 1755 commoneat
1076 1693 1142 1754 und
1163 1713 1239 1753 cum
1254 1693 1315 1751 Co·

177 1775 266 1838 mite.
307 1773 351 1835 Et
365 1773 392 1834 si
409 1775 483 1855 quis
503 1775 744 1858 contempserit,
767 1777 881 1838 Comes
903 1797 978 1838 eum
999 1775 1191 1858 distringere
1206 1773 1314 1848 faciat,

178 1867 217 1919 ut
238 1858 307 1942 ipse
327 1858 502 1941 Presbyter
516 1867 572 1919 aut
590 1859 744 1920 defensor
763 1881 842 1922 suus
857 1859 1024 1944 sexaginta
1048 1858 1168 1920 solidos
1183 1876 1318 1942 compo·

180 1951 247 2020 nat,
261 1949 294 2002 et
308 1939 349 2002 ad
369 1940 530 2023 synodum
549 1950 609 2002 eat.
650 1943 694 2006 Et
706 1941 885 2026 Episcopus
904 1943 1009 2028 ipsum
1022 1941 1252 2024 Presbyterum
1262 1935 1318 2000 vel

181 2023 350 2085 Clericum
366 2022 457 2084 iuxta
472 2023 662 2086 canonicam
682 2025 907 2088 auctoritatem
925 2024 1097 2088 diiudicari
1117 2023 1225 2084 iaciat.
1254 2023 1316 2083 So-

181 2106 243 2168 lidi
263 2103 528 2190 verb'sexaginta
548 2107 587 2170 de
610 2107 679 2189 ipsa
698 2129 793 2170 causa
810 2107 846 2168 in
866 2108 1024 2171 sacellum
1051 2105 1148 2190 Regis
1173 2104 1317 2168 veniant.

180 2187 265 2251 Etsi
286 2187 405 2271 aliquis
431 2209 492 2272 per
519 2189 710 2252 violentiam
736 2190 967 2275 Presbyterum
993 2199 1048 2251 aut
1071 2189 1237 2252 Clericum
1263 2191 1319 2246 aut

182 2272 404 2334 incestuosum
424 2272 670 2353 contradixerit,
691 2284 770 2338 tunc
792 2274 909 2336 Comes
932 2275 1034 2358 ipsam
1056 2291 1245 2356 personam.
1259 2289 1319 2352 per

182 2353 387 2416 fideiussores
412 2354 549 2438 positam
570 2366 644 2418 ente
673 2358 796 2440 Regem
815 2356 913 2418 faciat
926 2358 992 2420 una
1017 2377 1092 2418 cum
1107 2355 1204 2416 Misso
1228 2351 1321 2435 Epis·

183 2436 265 2584 ‹deopit
284 2435 418 2510 venires
453 2445 485 2500 et
508 2438 656 2504 Domnus
685 2441 756 2504 Rex
786 2437 966 2526 distringat,
995 2448 1033 2504 ut
1065 2435 1186 2504 caeteri
1207 2455 1320 2498 emen·

208 2539 249 2582 en
265 2539 315 2580 ur.

232 2624 359 2714 Deliis
380 2628 507 2712 qai-res
533 2627 760 2691 ecclesiasticos
783 2628 883 2692 verbo
904 2627 1025 2691 Domni
1045 2628 1138 2710 Regis
1156 2620 1271 2690 tenent.

266 2739 325 2808 lv.
367 2741 412 2805 iit
440 2743 491 2806 illi
509 2743 658 2809 homines
678 2744 736 2830 qni
760 2766 813 2808 res
844 2743 1076 2810 ecclesiasticas
1099 2763 1159 2828 per
1185 2743 1325 2805 verbum

185 2823 309 2889 Domni
328 2825 425 2912 Regis
449 2837 574 2907 tenent,
597 2828 644 2894 sic
665 2829 857 2892 ordinatum.
872 2838 932 2908 cst,
946 2839 983 2891 ut
996 2824 1069 2890 illas
1084 2825 1248 2890 Ecclesias
1265 2846 1327 2886 un·

188 2908 335 2988 desunt,
357 2909 500 2974 velillas
527 2909 637 2975 domos
653 2911 807 2997 episcopii
835 2911 890 2975 vel
915 2909 1103 2974 monasterii
1132 2907 1227 2972 cuius
1255 2927 1325 2972 esse

187 3001 383 3072 noscuntur,
405 2992 496 3054 iuxta
514 2995 604 3076 quod
622 2994 662 3058 de
681 2995 759 3079 ipsis
774 2994 871 3057 rebus
890 3003 1015 3073 tenent,
1036 2993 1208 3055 emendare
1224 2990 1326 3052 debe·

189 3084 258 3152 unt,
280 3075 401 3138 etillos
423 3097 540 3140 census
563 3077 618 3142 vel
642 3077 714 3140 illas
736 3078 876 3140 decimas
900 3098 937 3139 ac
970 3099 1072 3139 nonas
1095 3075 1217 3136 ibidem
1247 3073 1325 3135 dare

188 3155 333 3300 pleniter
347 3157 499 3238 debeant,
519 3159 605 3224 sicut
623 3159 671 3224 sis
686 3160 728 3222 ad
750 3162 901 3234 Vernum
928 3158 1160 3223 ordinavimus.
1201 3157 1245 3220 Et
1266 3151 1327 3239 qui

215 3259 253 3299 oc
273 3260 340 3300 non
357 3239 485 3324 fecerit,
506 3241 589 3328 ipsas
603 3263 656 3308 res
673 3242 797 3328 perdat.

235 3350 279 3414 Ut
296 3353 484 3432 Presbyteri
503 3360 558 3443 qui
577 3359 667 3420 uicos
688 3356 744 3418 uel
755 3355 917 3419 Ecclesiae
930 3367 1047 3430 tenent,
1065 3375 1171 3418 cerum
1190 3352 1247 3414 uel
1263 3351 1329 3414 eli·-

313 3457 349 3499 os
380 3459 490 3502 census
519 3440 565 3502 cd
585 3449 720 3502 'matrem
742 3439 884 3503 civitatis
918 3437 1095 3504 Ecclesiam
1125 3435 1329 3523 persolvunt,

316 3521 399 3584 sicut
415 3521 608 3586 consuetudo
623 3521 703 3606 fuit.
732 3573 740 3600 ,
792 3565 794 3572 ι

276 3629 318 3692 V.
359 3630 402 3690 Ut
415 3627 452 3690 hi
467 3629 526 3712 qui
542 3627 616 3692 illos
638 3627 727 3696 vicos
743 3629 799 3693 vel
819 3628 892 3692 illas
914 3627 1076 3691 Ecclesiae
1102 3633 1228 3704 tenent,
1255 3622 1331 3698 illos

195 3731 312 3774 census
328 3711 383 3774 vel
403 3710 494 3774 illam
512 3733 619 3776 ceram
642 3733 725 3796 quae
750 3712 848 3796 longo
871 3722 1015 3797 tempore
1034 3709 1075 3772 ad
1098 3708 1220 3770 illude
1245 3705 1332 3770 isco·

193 3793 286 3936 pium
300 3793 526 3875 reddiderunt,
540 3795 636 3858 modb
651 3795 697 3860 sic
717 3796 936 3858 ordinavimus
958 3804 995 3856 ut
1012 3793 1058 3858 sic
1072 3791 1204 3854 faciant.
1242 3799 1256 3851 t
1272 3787 1333 3874 qui

220 3897 258 3938 oc
276 3897 342 3938 non
365 3877 494 3958 fecerit,
514 3879 681 3962 sexaginta
701 3879 821 3941 solidos
835 3877 1007 3964 persolvat.
1119 3924 1121 3932 J

419 3995 469 4058 Dc
491 3995 636 4069 teloneis,
664 3995 748 4062 unde
771 3996 861 4076 exigi
877 4015 941 4057 non
961 3993 1105 4056 debeant.

279 4101 336 4164 Vl.
376 4102 426 4163 De
444 4101 583 4166 teloneis
607 4102 687 4166 verb
718 4101 765 4164 sic
787 4100 1050 4181 ordinamus,·ut
1078 4099 1190 4162 nullus
1215 4095 1256 4160 de
1281 4093 1334 4158 vi-

184 4183 317 4247 'ctualia
334 4194 389 4246 aut
406 4184 541 4248 carralia
562 4183 651 4270 quod
667 4185 787 4269 absque
811 4184 943 4268 negotio
973 4193 1032 4264 est,
1061 4184 1231 4250 teloneum
1250 4199 1333 4268 pre-
