2952 4988
199 343 273 422 242
427 365 463 426 a,
485 363 574 422 can
680 359 940 420 cararussau
1047 358 1111 418 eu.

200 515 322 572 cuntur
338 515 370 570 et
384 525 452 568 esse
470 503 589 568 debent
606 511 750 586 pastores
764 501 931 564 Ecclesiae
949 507 1122 584 patresque
1135 497 1347 562 monasterio·
1455 517 1456 536 ³

199 613 284 668 rum,
306 598 342 651 ut
361 587 450 650 aliud
471 587 511 648 al)
531 585 577 649 eis
603 607 670 646 non
699 605 890 667 quaeramus
910 603 1008 666 quam
1032 581 1122 664 quod
1142 581 1220 664 ipsis
1238 583 1346 644 faeere

201 671 299 746 licet;
322 680 354 734 et
372 680 409 732 ut
423 669 581 752 quislibet
598 691 638 730 ex
657 670 707 732 ‘eis
723 667 743 730 t
761 667 853 730 uobis
869 689 907 732 ea
920 687 987 730 nou
1012 671 1148 748 quaerat
1169 663 1204 725 in
1227 664 1346 750 quibus

202 755 250 820 eis
267 753 453 818 consentire
474 773 540 814 nou
561 751 725 814 debemus.

283 861 346 926 lll.
388 861 594 942 Interrogare
632 859 784 920 volumus
814 857 898 1001 ipsos
926 853 1181 932 Ecclesiasticus,
1211 862 1250 916 ut
1287 829 1344 936 qui

202 945 380 1029 scripturas
396 950 520 1005 sanctus
538 961 605 1002 uon
624 941 731 1002 solum
748 939 808 1024 ipsi
847 940 959 1017 iecere,
980 937 1036 999 sed
1049 938 1147 998 etiarn
1158 937 1238 998 alios
1251 937 1347 998 ‹loce›

198 1029 383 1102 redebeat,
407 1025 464 1107 qui
486 1025 550 1086 sint
575 1023 625 1084 illi
646 1023 764 1106 quibus
782 1022 955 1105 Apostolus
976 1021 1139 1102 loquitur:
1160 1021 1344 1080 Imita'tores
1456 1065 1457 1094 ,

200 1113 263 1176 mei
281 1122 397 1178 estote‚·
417 1107 468 1170 vel
493 1105 566 1188 quis
588 1105 648 1167 ille
675 1107 715 1169 de
739 1126 805 1248 quo
827 1105 914 1166 idem
945 1103 1044 1166 dicit!
1074 1103 1175 1163 Nemo
1204 1104 1345 1162 militant
1456 1099 1457 1162 l

199 1197 278 1260 Deo
299 1193 495 1277 implicatae
516 1191 651 1270 negotiis
678 1210 750 1250 secu
765 1189 885 1259 eritas,
919 1196 975 1247 aut
998 1185 1143 1270 qualiter
1169 1183 1344 1270 Apostolus
1456 1215 1457 1250 ς

201 1275 244 1341 sit
264 1273 452 1351 imitandus,
472 1271 525 1335 vel
543 1269 707 1354 quomodo
721 1273 792 1332 Deo
808 1268 938 1330 militet.

286 1374 348 1445 lv.
392 1380 512 1440 lterum
530 1377 562 1438 in
589 1377 764 1440 uisendum
780 1377 820 1437 ab
836 1375 882 1438 eis
897 1384 934 1436 ut
958 1373 1051 1438 nohis
1079 1375 1239 1440 veraciter
1257 1385 1344 1459 pate*

199 1463 323 1528 faciant
335 1462 416 1545 quid
438 1462 480 1524 sit
495 1399 587 1545 quod
600 1459 686 1544 apud
701 1481 756 1522 eos
777 1459 899 1521 dicitur
912 1451 1060 1521 seculum
1071 1459 1272 1543 relinquere,
1290 1459 1342 1538 rel

200 1547 236 1607 in
256 1545 375 1630 quibus
389 1544 567 1622 internosci
590 1544 717 1626 possint
741 1541 775 1602 hi
801 1541 859 1625 qui
886 1543 1034 1624 seculum
1065 1541 1271 1625 relinquunt,
1303 1539 1342 1602 ab

199 1627 251 1691 his
268 1627 326 1711 qui
344 1626 449 1688 adhuc
473 1625 620 1690 seculum
638 1634 820 1696 sectantur;
843 1634 953 1686 utrum
976 1627 1011 1688 iu
1032 1645 1072 1689 eo
1088 1625 1158 1690 solo
1178 1625 1268 1708 quod
1290 1646 1342 1686 ar*

200 1733 252 1773 ma
271 1731 337 1771 nou
382 1718 501 1786 ortant,
521 1729 583 1770 nec
600 1703 732 1792 publice
748 1707 912 1792 coniugati
930 1717 1017 1772 suut.

283 1793 325 1858 V.
359 1730 607 1874 inquirendum
623 1791 719 1852 etiam
746 1789 773 1854 si
791 1789 849 1853 ille
869 1793 1016 1856 seculum
1040 1789 1207 1856 dimissum
1222 1789 1341 1852 habeat

204 1876 263 1964 qui
281 1873 429 1960 qnotidie
444 1872 660 1958 possessiones
675 1895 747 1936 suas
767 1891 886 1958 augere
900 1875 1048 1958 quolibet
1064 1874 1160 1937 modo
1181 1883 1216 1936 et
1238 1872 1348 1958 qualia·

199 1965 256 2026 bet
281 1968 349 2022 arte
375 1975 441 2018 uon
459 1967 571 2035 cessat,
593 1948 758 2019 suadendo
781 1957 820 2018 de
842 1957 991 2020 eoelestis
1012 1959 1107 2042 regni
1127 1957 1340 2034 heatitudine,
1456 2023 1457 2030 ,

200 2041 427 2109 comminando
443 2035 484 2102 de
501 2045 633 2101 aeterno
656 2037 816 2138 supplicio
840 2039 974 2120 inferni,
994 2050 1027 2104 et
1044 2040 1103 2104 sub
1125 2040 1256 2104 nomine
1277 2038 1342 2102 Dei
1456 2045 1457 2064 ¹

200 2136 258 2190 aut
279 2123 454 2186 cuiuslibet
474 2122 587 2184 Sancti
608 2131 673 2184 tam
694 2123 829 2183 divitem
851 2145 948 2205 quam
968 2121 1241 2220 pauperem,·qui
1262 2121 1339 2183 sirn-

199 2207 346 2296 plicioris
368 2216 501 2267 naturae
522 2211 609 2282 su'nt,
629 2213 661 2264 et
682 2203 789 2267 minus
811 2205 898 2268 docti
920 2215 1018 2290 atque
1049 2207 1135 2268 cauti
1164 2206 1341 2270 rnveniuu·
1456 2233 1457 2250 2

199 2303 267 2370 tur,
290 2290 317 2352 si
337 2289 432 2351 rebus
451 2289 518 2350 arsis
540 2287 734 2372 exspoliant,
757 2296 790 2348 et
811 2287 972 2372 legitimos
992 2289 1131 2353 heredes
1154 2311 1267 2352 eorum
1287 2309 1343 2349 ex·
1456 2309 1457 2328 ³

199 2375 372 2453 heredent,
393 2393 430 2434 ac
451 2391 511 2456 per
529 2370 592 2432 hoc
620 2371 793 2454 plerosque
817 2373 857 2434 ad
879 2371 999 2456 flagitia
1017 2379 1050 2434 et
1068 2373 1188 2436 scelera
1208 2379 1343 2454 propter

201 2457 357 2541 inopiam,
387 2453 428 2516 ad
454 2475 550 2536 quarn
577 2474 637 2537 per
666 2453 728 2514 hoe
760 2454 885 2515 fuerint
922 2455 1087 2534 devoluti,
1124 2452 1344 2540 perpetranda
1371 2515 1382 2528 ,

202 2539 416 2626 compellunt,
430 2546 467 2598 ut
483 2538 575 2618 quasi
595 2535 778 2597 necessario
803 2537 890 2597 furtu
910 2549 943 2599 et
963 2537 1133 2600 latrocinia
1155 2544 1342 2614 exerceant,

202 2624 256 2687 eni
290 2628 497 2704 paternarum
528 2621 679 2700 [rerum]
710 2615 886 2700 hereditas,
905 2641 945 2684 ne
968 2619 1009 2682 ad
1038 2643 1113 2684 eum
1141 2618 1341 2705 perueniret,

207 2706 248 2768 ab
269 2705 334 2766 alio
354 2711 524 2786 praerepta
545 2711 603 2762 est.

285 2786 344 2851 vl.
388 2785 510 2846 lterum
535 2782 768 2866 inquirendum
788 2777 951 2868 quomodo
972 2777 1120 2850 seculum
1149 2771 1347 2868 reliquisset
1457 2823 1458 2846 ι

203 2871 261 2953 qui
292 2866 469 2950 eupiditate
499 2865 614 2928 ductus
637 2876 775 2962 propter
800 2867 1022 2952 adipiscendas
1052 2893 1103 2934 res
1132 2892 1212 2953 quas
1241 2867 1344 2928 alium

203 2953 285 3016 vidit
303 2947 536 3038 possidentem,
556 2948 705 3034 homines
732 2949 773 3010 ad
805 2951 951 3033 periuria
983 2961 1018 3014 et
1050 2953 1130 3015 salsa
1157 2950 1345 3014 testimonia

202 3035 310 3120 pretio
330 3032 497 3110 conducit,
527 3039 560 3092 et
580 3024 779 3092 Advocatum
798 3034 866 3096 sive
887 3035 1111 3118 Praepositum
1133 3055 1199 3096 nou
1221 3033 1345 3094 iustum

204 3139 242 3180 ac
262 3120 369 3180 Deum
388 3115 568 3190 timentem,
594 3113 651 3174 sed
674 3115 844 3177 crudelem
870 3139 907 3179 ao
935 3117 1101 3204 cupidum,
1130 3139 1167 3180 ac
1198 3113 1344 3200 periuria

203 3198 504 3285 parvipendentem,
535 3195 685 3277 inquirit,
720 3207 753 3258 et
788 3197 828 3260 ad
856 3199 1103 3284 inquisitionem
1130 3209 1240 3262 rer'um
1274 3217 1342 3260 non

204 3281 358 3368 qualiter,
379 3280 437 3342 sed
457 3287 578 3360 quanta
600 3278 759 3362 adquirat.

286 3359 363 3427 Vll.
405 3363 496 3441 Quid
517 3362 557 3423 de
579 3360 629 3422 his
651 3361 826 3425 dicendum
847 3363 905 3448 qni
927 3353 1019 3448 quasi
1041 3365 1082 3427 ad
1111 3386 1253 3430 amorem
1280 3361 1344 3424 Dei

205 3459 237 3512 et
253 3449 456 3523 Sanctorum,
480 3443 548 3507 sive
563 3445 740 3528 Martyrum
767 3446 836 3510 sive
856 3449 1098 3528 Confessorum,
1122 3471 1192 3514 ossa
1215 3456 1249 3508 et
1268 3444 1354 3506 reli--

204 3532 296 3614 quius
315 3537 501 3590 sanctorum
521 3527 649 3594 deloco
679 3528 719 3592 ad
740 3491 848 3592 locum
865 3531 1077 3610 transferunt,
1103 3523 1213 3614 ilsique
1243 3549 1344 3593 novas

203 3613 352 3677 basilicas
385 3611 593 3686 construunt,
622 3619 655 3672 et
689 3619 903 3694 quoscunque
933 3615 1111 3697 potuerint,
1141 3623 1178 3676 ut
1198 3631 1250 3674 res
1272 3633 1344 3674 suas

206 3697 289 3758 illuc
317 3693 459 3772 tradant,
482 3692 709 3755 instantissime
733 3693 954 3757 adhortantur.
996 3697 1058 3758 llle
1082 3697 1244 3778 siquidem
1273 3695 1345 3756 vult

205 3787 243 3840 ut
260 3776 410 3840 rideatur
426 3777 518 3859 quasi
537 3775 622 3836 bene
639 3776 757 3853 facere,
774 3799 873 3861 seque
890 3788 1024 3862 propter
1044 3778 1107 3844 hoe
1123 3780 1244 3841 lactum
1259 3777 1343 3840 bene

204 3861 356 3922 meritum
374 3881 395 3940 a
416 3860 461 3922 ud
473 3862 579 3920 Deum
600 3857 682 3935 fieri,
699 3859 816 3942 quibus
860 3871 942 3926 otest
962 3862 1156 3946 persuadere
1165 3859 1344 3946 Episcopis»

203 3941 367 4008 Putamus
393 3882 456 4005 loe
478 3942 552 4004 ideo
570 3941 690 4004 laetum
704 3951 740 4003 ut
759 3944 800 4005 ad
818 3884 914 4005 aliam
932 3945 1103 4029 'perveniat
1122 3954 1324 4030 potestatem.

236 4063 241 4070 ·
280 4033 391 4132 flflIl.¹
439 4048 596 4112 Miramur
623 4048 710 4110 unde
738 4048 899 4112 accidissit
921 4059 958 4112 ut
981 4051 1087 4133 isqui
1110 4071 1143 4116 se
1166 4050 1343 4114 confitetur

203 4133 351 4198 seculum
369 4131 552 4218 reliquisse,
575 4151 682 4214 neque
706 4131 849 4210 omnino,
863 4134 937 4196 vult
964 4134 1149 4198 consentire
1174 4142 1212 4194 ut
1234 4131 1342 4216 ipset

205 4215 357 4298 quolibet,
372 4214 525 4293 secularis
538 4223 685 4290 vocetur,
701 4225 840 4277 armatus
854 4214 951 4278 homo
972 4239 1047 4278 eum
1063 4218 1115 4296 sit,
1152 4225 1183 4278 et
1211 4215 1343 4298 propria

208 4294 289 4360 velit
316 4297 472 4376 retinere,
495 4303 527 4358 et
542 4295 583 4358 ad
599 4317 652 4359 eos
671 4295 728 4378 qui
752 4295 899 4361 nondum
922 4299 957 4361 iu
987 4308 1091 4363 totum
1114 4299 1262 4364 seculum
1294 4319 1344 4368 re·
