2952 4988
214 305 292 380 212
465 323 502 384 u
526 323 614 382 cnr.
721 323 981 384 centronius
1083 325 1147 385 aon

212 465 306 546 ditia,
330 484 389 528 sau
407 473 552 542 terrore,
582 463 764 529 secundum
788 465 968 530 iussionem
989 473 1149 538 nostrum
1174 465 1211 528 id
1230 473 1298 547 e'st,
1328 479 1365 534 ut

211 550 252 612 de
269 547 455 612 hominibus
473 547 630 611 babentes
649 549 749 610 libras
768 570 825 610 sex
840 550 874 610 in
895 571 994 626 auro,
1027 555 1181 632 argento,
1213 549 1364 632 bruneis,

210 641 408 709 aeramento,
434 632 552 714 pnnnis
570 631 718 716 integris,
740 631 884 711 caballis,
904 631 1057 709 bovibus,
1078 632 1197 710 vaccis,
1221 635 1275 696 sel
1296 638 1365 698 alio

208 717 359 802 peculio,
388 723 422 776 et
446 734 564 776 uxores
590 714 645 776 vel
673 714 814 776 insontes
840 737 906 777 nou
929 715 1010 776 liant
1030 713 1202 796 despoliati
1223 739 1286 800 pro
1301 718 1365 782 bae

209 821 257 877 re,
286 798 326 860 do
346 817 460 858 eorum
481 795 683 858 vestimentis
702 797 841 880 accipiat
862 797 1044 879 legitimum
1063 796 1307 878 heribannum,
1329 801 1365 863 id

209 891 277 958 eat,
308 879 406 942 librus
431 889 507 939 tres.
561 879 627 956 Qui
653 901 732 941 voro
763 901 828 941 uon
852 879 1002 942 babuerit
1022 879 1161 962 ampliiss
1185 881 1222 942 iu
1244 903 1363 966 supra-

208 963 330 1046 scripto
351 962 456 1046 pretio
480 962 610 1024 valente
638 961 701 1022 nisi
728 961 826 1024 libras
854 971 939 1042 tres,
967 961 1065 1024 solidi
1095 961 1230 1046 triginti!
1260 965 1301 1026 ab
1324 987 1364 1028 eo

208 1043 1135 1205 {sitiit},tht‘ttt'tt:tilltllttlntil
1152 1046 1234 1190 itt?
1248 1046 1364 1192 llit’

207 1209 304 1274 solidi
322 1172 482 1294 quinquie,
503 1209 546 1269 ita
565 1220 602 1271 ut
624 1209 742 1272 iterilm
757 1231 791 1272 se
808 1211 916 1274 valeat
936 1147 1190 1294 praeliumque
1210 1211 1274 1274 Dei
1290 1176 1364 1274 ser}

208 1293 324 1356 vitium
352 1293 446 1354 etad
468 1300 609 1354 nostram
638 1291 821 1354 utilitatem.
864 1295 906 1356 Et
926 1291 1018 1356 Missi
1038 1292 1142 1353 nostri
1164 1303 1303 1356 caveant
1331 1305 1364 1356 et

208 1375 386 1457 diligenter
404 1373 598 1460 perquirant
619 1395 661 1435 ue
680 1395 741 1456 per
761 1375 804 1436 ali
830 1377 897 1437 uod
914 1376 1035 1437 malum
1050 1374 1221 1457 ingenium
1239 1377 1365 1440 subtra-

208 1458 289 1520 hant
303 1467 443 1520 nostram
458 1457 624 1535 iustitium,
646 1456 741 1517 alteri
755 1397 914 1520 traieudo
935 1467 991 1520 sut
1008 1457 1279 1522 commendando.

634 1565 684 1628 De
711 1587 806 1628 censu
829 1565 939 1646 regali.

219 1695 224 1702 ·
292 1673 395 1736 xxn.
437 1675 564 1736 Census
586 1673 706 1758 regalis
730 1672 952 1755 undecunque
977 1669 1123 1754 legitimi
1138 1671 1278 1753 exiebat,
1301 1698 1364 1740 vo.
1450 1730 1451 1743 ,

208 1755 465 1901 bimiihiaiinde
483 1757 641 1835 solvatur,
661 1755 731 1821 sive
753 1755 793 1819 de
810 1755 941 1840 propriu
961 1773 1101 1838 persona
1116 1753 1271 1836 hominia,
1292 1759 1362 1827 siue
1450 1796 1451 1801 1

657 1944 707 2006 Be
731 1943 910 2006 latronibus

163 2041 167 2052 ’
292 2053 412 2126 xxm.
453 2053 502 2128 De
520 2051 713 2133 latronibus,
735 2052 820 2116 sicut
841 2051 905 2113 iam
924 2053 1019 2116 antei
1040 2051 1074 2113 iu
1092 2049 1158 2114 alio
1177 2054 1360 2139 Cupitulari

209 2135 452 2215 mandavimus,
483 2135 528 2196 ita
545 2146 704 2200 servetur.

336 2241 387 2302 De
405 2241 514 2302 liberis
527 2241 706 2304 bominibus
723 2239 1020 2326 uxoresfiscuiinas
1037 2241 1232 2306 habentibus.

290 2350 409 2412 XXIV.
449 2351 498 2410 De
520 2347 632 2412 liberis
648 2347 836 2410 bominibus
850 2345 907 2430 qui
925 2367 1044 2409 uxores
1059 2347 1221 2411 fiscalinas
1238 2349 1358 2434 regias,

209 2443 242 2496 et
260 2433 392 2496 leminis
412 2429 526 2493 liberis
545 2452 629 2514 quae
651 2427 806 2493 bomiues
827 2429 978 2492 similiter
1000 2429 1162 2493 lisoalinos
1181 2431 1289 2516 regios
1307 2455 1360 2494 ac·

207 2517 352 2598 cipiunt,
382 2523 506 2578 utnon
528 2513 568 2576 de
592 2512 773 2574 hereditate
791 2523 981 2596 parentum,
1002 2513 1054 2574 vol
1074 2513 1114 2574 de
1142 2535 1236 2575 causa
1259 2537 1359 2597 quae-

207 2599 328 2675 rendo,
366 2617 427 2658 neo
452 2597 492 2660 de
518 2595 704 2658 testimonio
732 2617 792 2679 pro
817 2593 878 2656 bne
899 2616 936 2655 re
964 2594 1165 2668 abiciantur;
1200 2597 1258 2658 sed
1282 2597 1358 2658 talis

208 2681 305 2744 etiam
318 2681 411 2742 nobis
429 2679 463 2739 in
476 2679 537 2740 bae
553 2700 648 2740 muso
667 2678 773 2739 honor
792 2687 959 2752 servetur,
990 2677 1097 2760 qualis
1114 2687 1147 2740 et
1169 2688 1357 2742 antecesso-

207 2763 297 2825 ribus
325 2762 443 2826 uostris
462 2761 604 2844 Regibus
629 2762 684 2823 vel
705 2759 953 2844 imperatoribus
970 2769 1118 2824 servatus
1143 2782 1212 2824 esse
1230 2783 1357 2846 cogno·-
1450 2780 1451 2785 ’

210 2845 321 2910 scitur.

211 2973 216 2982 ’
334 3012 338 3024 ·
369 3007 636 3082 sinuosius
666 3007 875 3088 Qonnrun
905 3006 1006 3070 ANNI
1037 3009 1192 3074 ncocv.

207 3129 294 3202 Sino
311 3127 478 3222 Capituls
504 3127 588 3198 dats
612 3126 723 3294 iosap,
751 3127 934 3242 bpiscopo
959 3126 1208 3218 Ambianensi,
1236 3125 1353 3200 Misso

330 3249 334 3256 ’
708 3249 879 3296 omlnlco.
950 3265 952 3275 ¹

207 3359 449 3458 Encarpsum
470 3335 635 3451 Capituli
651 3357 797 3427 Domni
811 3359 1059 3452 Imperatoris
1075 3357 1228 3446 Kuroli,
1245 3381 1351 3451 quem

206 3461 308 3555 Iesse
328 3459 544 3554 Episcopus
564 3481 610 3527 ex
636 3459 876 3528 ordinatione
896 3460 1016 3552 ipsius
1037 3457 1204 3550 Augusti
1225 3481 1350 3530 secum

255 3561 386 3630 detulit
405 3562 461 3628 ud
482 3555 654 3628 omnibus
681 3555 895 3628 bominibus
921 3569 1050 3628 notum
1061 3559 1299 3652 facientium.

233 3732 310 3814 ΟΨ·
341 3733 365 3792 Ῑ·
409 3707 477 3823 De
499 3761 604 3822 Laicis
627 3758 757 3821 noviter
778 3759 964 3837 conversis,
998 3781 1039 3822 ne
1062 3759 1237 3841 antequim
1260 3782 1350 3824 suam

205 3846 311 3929 legem
327 3847 470 3931 pleniter
483 3843 627 3906 virendo
645 3842 780 3919 discant,
802 3843 843 3904 ad
860 3843 923 3903 ulia
942 3842 1071 3925 negotia
1088 3841 1266 3906 mittuntur.

244 3927 327 3990 ³11.
372 3932 415 3989 Ut
441 3927 529 3988 Laici
557 3947 623 3986 non
655 3925 722 3986 sint
744 3923 924 4008 Praepositi
954 3924 1189 3988 Monachorum
1214 3925 1249 3987 in
1275 3928 1347 3991 Mo·

204 4005 357 4088 misterio,
381 4033 442 4072 neo
461 4007 691 4071 Archidiaconi
717 4007 782 4068 sint
802 4007 903 4070 Laioi.

288 4091 350 4155 lll.
393 4095 442 4154 De
467 4091 596 4154 iustitiis
615 4090 835 4152 Ecclesiarum
850 4089 931 4166 Dei,
960 4089 1150 4168 viduarum,
1181 4091 1347 4174 orphano-

201 4195 286 4252 rum,
308 4177 522 4260 pupillorum,
534 4171 576 4235 ¹ut
594 4175 628 4234 in
648 4173 790 4256 publicis
807 4171 937 4247 iudiciis
954 4195 1020 4236 non
1040 4173 1264 4259 despiciantur
1287 4198 1347 4238 au-

201 4258 340 4338 dientes,
368 4259 425 4320 sed
446 4259 621 4342 diligenter
645 4257 828 4334 audiuntur.
