2952 4988
286 326 322 404 Α.
342 306 476 405 can
538 347 674 408 annun
694 349 932 412 raancoaun
1037 346 1099 416 toa.
1193 332 1266 410 287

122 497 270 554 testatem
297 491 396 552 habet
415 511 475 576 per
491 491 664 556 comiatum
688 490 750 555 viri
764 505 799 572 g)
816 495 865 556 sui
895 495 1051 574 vendere,
1076 505 1267 578 potestatem

121 572 241 636 babeat
255 575 387 636 donare.

367 660 423 720 De
437 659 605 742 mancipiis
617 658 735 742 palatii
756 671 786 720 et
805 657 1034 722 Ecclesiarum.

207 765 310 827 XXV.
330 768 380 827 De
400 767 569 850 mancipiis
577 764 728 849 bjpalatii
743 768 846 828 nostri
862 777 893 830 et
905 767 1127 831 Ecclesiarum
1145 783 1268 832 nostra-

123 867 198 908 rum
217 848 368 910 nolumus
386 850 558 911 mundium
569 851 729 934 recipere,
757 849 815 912 sed
834 850 1118 936 nostramancipia
1137 854 1267 917 habere.

217 959 274 1018 De
290 957 400 1020 liberis
421 959 605 1020 bominibus.
616 957 662 1019 ad
679 957 813 1020 servilia
830 979 928 1044 opera
947 981 1010 1020 non
1025 961 1184 1040 cogendis.

206 1063 328 1142 XXVI.
369 1065 500 1126 Placuit
519 1065 613 1126 nobis
636 1075 673 1126 ut
696 1065 777 1128 illos
796 1064 917 1126 liberos
947 1065 1097 1128 homines
1126 1067 1269 1131 Comites

123 1146 292 1220 nostriani
312 1168 424 1209 eorum
440 1169 521 1232 opus
540 1149 663 1211 servire
695 1171 762 1209 non
783 1139 989 1232 'opp‘rimant5
1022 1160 1053 1210 et
1078 1147 1279 1234 quicunque,

123 1227 187 1292 hoc
200 1229 353 1310 fecerint,
364 1232 546 1294 secundum
558 1231 899 1294 iudicatumhabemus
911 1233 1093 1294 emendare.

490 1343 546 1403 Dc
574 1339 756 1401 aldionibus
774 1339 899 1423 palatii.

208 1419 345 1486 XXVII.
368 1421 440 1482 Non
455 1430 503 1483 est
513 1433 620 1484 nostra
633 1422 784 1492 voluntas
799 1421 991 1483 uthomines
1007 1423 1192 1487 Placentini
1209 1449 1270 1510 per

85 1568 91 1571 .
125 1525 240 1568 eorum
250 1513 423 1588 praecepta
437 1504 476 1566 de
493 1515 583 1566 curte
597 1505 709 1588 palatii
727 1503 829 1566 nostri
843 1504 917 1567 illos
934 1505 1081 1570 aldiones
1095 1507 1268 1591 recipiant.

573 1615 627 1673 De
652 1610 817 1708 fugitiuis.

207 1692 366 1758 XXVIII.
407 1695 457 1755 De
478 1693 623 1777 fugitivis
642 1717 700 1778 qut
719 1695 753 1755 in
775 1695 920 1778 partibus
934 1696 1118 1758 Beneventi
1137 1707 1169 1759 et
1188 1699 1269 1782 Spo-

126 1775 198 1852 teti,
219 1777 284 1864 sive
304 1777 479 1839 Romaniae
499 1776 552 1840 vel
571 1777 755 1862 Pentapoli,
779 1781 970 1863 confugium
996 1781 1133 1862 faciunt,
1148 1790 1185 1842 ut
1197 1783 1269 1844 red·

127 1859 258 1938 dantur,
280 1869 314 1922 et
336 1860 402 1932 sint
426 1859 549 1922 reversi
571 1859 612 1922 ad
625 1859 758 1944 propria
779 1861 860 1923 loca.
966 1895 971 1906 ι

229 1972 286 2032 De
303 1969 417 2050 sigillis
438 1981 468 2030 ct
487 1969 645 2055 epistolis,
666 1983 697 2032 et
721 1969 761 2030 de
776 1971 920 2055 porturis
933 1969 1160 2032 custodiendis.

209 2076 330 2140 XXIX⁴
373 2071 685 2146 Sicutconsuetudo
698 2077 762 2138 fuit
779 2077 885 2160 sigilla
901 2085 933 2137 et
954 2077 1105 2161 epistolas
1125 2079 1270 2162 prende·
1377 2121 1382 2130 -

126 2181 175 2240 re,
193 2160 246 2224 vel
267 2162 416 2246 parturus
433 2159 610 2240 custodire,
637 2161 683 2222 ita
699 2181 789 2222 nune
812 2159 853 2222 sit
873 2161 1004 2222 factum.

244 2269 302 2330 De
315 2265 451 2350 feminis
466 2265 593 2329 deuotis
613 2289 691 2355 quae
712 2290 744 2329 se
762 2269 886 2330 maritis
902 2269 1145 2351 copulaverant.

208 2373 310 2434 XXX.
352 2375 401 2434 De
420 2373 552 2435 feminis
568 2396 651 2457 quae
672 2397 706 2438 se
728 2376 799 2436 Deo
812 2383 983 2451 voverunt,
1000 2383 1034 2435 et
1051 2396 1085 2436 se
1105 2375 1271 2438 monachi·

128 2458 166 2518 cb
185 2465 274 2518 veste
297 2455 479 2534 induerunt
500 2459 534 2536 ι),
558 2468 591 2519 et
609 2468 720 2542 postea
747 2479 780 2519 se
805 2457 937 2519 maritis·
961 2458 1271 2553 copulaveruntsut

128 2538 275 2620 inquirat
297 2539 523 2622 unusquisque
540 2540 839 2619 iniudiciariasibi
863 2563 1029 2602 comm1ssa
1054 2541 1111 2601 ubi
1140 2564 1193 2604 eas
1215 2541 1292 2601 in-‘
1400 2541 1407 2552 '

27 2630 31 2636 '
128 2621 292 2699 venerint,
315 2630 351 2682 nt
371 2623 442 2684 sine
458 2623 648 2686 dilatatione
661 2646 713 2687 eas
729 2624 769 2684 ab
793 2623 870 2708 ipsis
898 2623 1034 2686 inlicitis
1060 2625 1269 2686 coniunctio-

128 2704 224 2764 nibus
240 2698 388 2786 separare
406 2704 556 2783 debeant,
584 2717 616 2768 et
642 2707 728 2791 ipsae
754 2706 794 2768 de
823 2729 921 2789 supra
944 2717 1118 2768 memorata
1142 2707 1283 2790 inlicita¹
1320 2744 1323 2748 ·

129 2787 361 2850 coniunctione
377 2787 419 2848 ad
438 2789 659 2870 poenitentiae
680 2799 851 2852 recurrant
870 2790 1061 2852 remedium.

422 2897 480 2958 De
503 2893 625 2955 diuinis
647 2897 702 2956 vel
721 2899 979 2962 incantatoribus.

148 3019 151 3025 ’
211 2997 334 3063 XXXI.
375 3000 424 3060 De
441 2997 508 3062 illis
523 2999 712 3063 hominibus
725 3003 783 3086 qui
795 3004 934 3086 aliquam
951 3005 1205 3068 incantationem
1216 3009 1270 3070 vel

129 3083 367 3146 divinationem
393 3089 504 3164 agunt,
529 3083 584 3146 vel
612 3083 664 3147 his
693 3085 812 3147 similia
834 3109 917 3170 quae
941 3088 974 3147 in
1002 3099 1179 3173 conspectu
1205 3093 1270 3153 Dei

129 3167 384 3229 abominationes
404 3185 472 3226 esse
491 3163 657 3246 videntur,
682 3169 833 3230 similiter
861 3170 1007 3251 inquirat
1042 3173 1269 3255 unusquisque

77 3291 80 3298 ι
130 3260 163 3312 et
185 3250 241 3311 ubi
266 3270 320 3310 eos
337 3247 539 3326 invenerint,
555 3270 623 3312 non
638 3251 801 3314 dimittant
814 3253 891 3316 illos·
913 3253 984 3314 sine
1005 3255 1177 3338 dIsciplina
1195 3279 1270 3318 cor-

127 3333 298 3416 reptionis,
321 3342 353 3394 et
372 3331 493 3392 faciant
516 3353 570 3394 cos
593 3334 831 3417 poenitentiam
855 3357 949 3419 agere
974 3337 1014 3400 de
1044 3338 1095 3401 his
1133 3339 1269 3402 inlicitis

128 3415 455 3506 praesumptionibus.
476 3413 508 3491 t)

132 3518 135 3539 I

354 3527 412 3587 Dc
431 3525 826 3610 uariis'superstitionibus
841 3529 1035 3593 coercendis.

151 3619 154 3624 ’
211 3627 350 3690 XXXII.
391 3629 440 3690 De
454 3629 564 3711 pravis
596 3629 663 3692 illis
694 3629 892 3712 hominibus,
914 3633 971 3714 qui
996 3633 1184 3698 brunaticus
1213 3659 1271 3698 co-

129 3710 213 3788 lunt,
233 3720 264 3772 et
280 3711 320 3772 de
336 3710 524 3774 hominibus
547 3712 612 3774 suis
634 3712 746 3774 subtus
768 3715 873 3776 maida
897 3715 998 3796 cerias
1022 3719 1218 3796 incendunt,
1240 3729 1273 3780 et
1338 3752 1341 3759 ·

128 3802 362 3871 numerarent,
380 3794 420 3854 ad
435 3795 501 3855 tale
517 3817 596 3860 vero
612 3795 768 3878 iniquitas
783 3819 837 3858 eos
856 3819 1023 3862 removere
1041 3801 1164 3860 faciant
1175 3823 1274 3862 unus-

128 3876 285 3958 quisque;
310 3875 556 3938 nisivoluerint
577 3879 617 3939 ad
635 3879 815 3943 Ecclesiam
839 3902 959 3964 panem
988 3883 1116 3961 offerre,
1146 3885 1272 3967 simpli-

128 3960 210 4021 citer
227 3959 373 4036 offerant,
396 3979 462 4020 non
482 3983 556 4021 cum
571 3961 681 4046 aliqua
699 3963 739 4026 de
764 3963 833 4048 ipsa
853 3965 967 4046 iniqua
989 3965 1231 4028 commixtione.

127 4079 357 4094 ——nnu—-u

161 4139 197 4253 X)
216 4133 250 4184 al.
269 4151 316 4186 ms.
333 4151 386 4205 per
403 4134 551 4188 somniate.
761 4136 793 4207 19
811 4139 846 4190 al.
865 4119 913 4193 ms.
930 4141 972 4194 De
990 4140 1040 4194 bas
1059 4141 1185 4196 inlicitas
1193 4160 1276 4214 prac-

175 4204 249 4270 )al.
270 4221 317 4256 ms.
337 4205 378 4258 De
392 4205 555 4276 mancipias.
797 4213 972 4283 sumptiones.

162 4275 188 4334 i)
216 4274 250 4326 al.
269 4286 465 4330 manaverant
478 4304 506 4318 -
517 4273 676 4331 induerant.
