2920 4972
178 263 236 347 162
452 278 487 334 A.
507 277 594 336 car.
658 277 924 336 zearrrurarua
994 281 1066 338 aas:
1093 281 1109 300 '-
1206 273 1210 286 '

153 464 155 470 ,
187 421 269 484 teria
290 417 352 480 tria
377 425 495 494 cantet,
520 439 621 484 unum
641 439 703 502 pro
720 421 849 480 Domno
867 419 966 502 Rege,
989 419 1126 482 alterum
1146 443 1205 506 pro
1227 435 1323 498 exsp

189 507 257 568 citu
279 503 491 576 Francorum,
513 501 645 562 tertium
664 523 723 583 pro
739 502 909 583 praesenti⁴
919 501 1141 565 tribulatione.
1183 507 1325 590 Presby-

188 587 251 650 teri
268 585 346 662 vero
366 583 592 664 unusquisque
609 583 720 644 Missas
746 593 827 661 tres,
841 583 993 646 Monaehi
1023 595 1058 656 et,
1084 587 1261 651 Monachae
1290 597 1324 648 et

177 666 347 731 'Canonici
362 666 589 748 unusquisque
611 664 762 747 psalteria
778 666 846 725 tria.
888 667 930 728 Et
946 667 1122 736 biduanam
1140 691 1250 732 omnes
1273 672 1325 732 fa-

174 749 287 828 ciant,
311 755 386 825 (tam
396 746 734 833 Episcopi,M0naehi,
749 757 781 810 et
793 747 982 828 Monachae,
1001 759 1097 832 atque
1111 752 1268 814 Canonici
1274 761 1324 837 p),

189 843 286 915 atque
304 851 417 893 eorum
439 829 527 891 infra
542 830 639 892 casati
655 828 818 909 homines,
839 831 892 892 vel
908 831 965 914 qui
986 837 1135 916 potentes
1156 845 1241 896 sunt.
1281 835 1326 896 Et

189 915 415 998 unusquisque
429 911 620 996 Episcopus,
643 923 698 988 aut
713 909 829 990 Abbas,
850 915 904 975 vel
919 913 1095 993 Abbatissa,
1122 917 1180 997 qui
1196 908 1259 978 boc
1279 919 1326 978 fa-

189 1021 263 1062 cere
281 1007 399 1080 potest,
420 993 536 1074 libram
558 995 658 1058 donet
678 993 717 1056 de
734 1004 867 1078 argento
883 1000 948 1072 (aut
970 999 1132 1060 valentem
1148 1009 1183 1082 q)
1199 999 1233 1060 in
1254 991 1326 1076 ele-

189 1101 389 1164 emosynam;
412 1077 593 1140 mediocres
617 1079 695 1140 verb
712 1079 850 1140 mediam
873 1079 998 1160 libram,
1014 1081 1156 1144 minores
1172 1083 1325 1145 verobo-

189 1165 273 1226 lidos
287 1163 445 1246 quinque.
487 1161 652 1244 Episcopi,
673 1159 824 1237 Abbates,
843 1170 939 1244 atque
961 1163 1145 1226 Abbatissae
1167 1184 1326 1247 pauperes

185 1247 357 1316 famelicos
372 1252 512 1326 quatuor
532 1246 601 1326 (pro
616 1245 675 1310 ista
691 1243 872 1306 striccitate·
886 1249 913 1324 r)
930 1245 1055 1308 nutrire
1080 1245 1326 1328 debentusque

176 1340 335 1412 ,tempore
350 1326 510 1390 messium.
550 1327 592 1388 Et
614 1326 672 1408 qui
693 1326 820 1386 tantiam
849 1349 916 1388 non
939 1339 1084 1411 possunt,
1115 1329 1206 1390 iuxta
1236 1327 1327 1411 quod

177 1410 386 1496 ‚possibilitas
415 1411 558 1487 est-(aut
577 1417 650 1471 ,tres
678 1413 715 1487 s),
740 1417 795 1470 aut
826 1409 917 1488 duos,
943 1419 999 1478 aut
1029 1433 1161 1477 nnuma·
1181 1412 1328 1474 'Comites

177 1495 342 1569 ¹,fortiores
356 1493 473 1560 libram
495 1513 593 1552 unam
606 1491 646 1554 de
661 1500 793 1573 argento
810 1502 863 1552 aut
880 1493 1043 1557 valentem
1056 1496 1196 1574 (donent
1207 1495 1241 1554 in
1256 1494 1327 1555 elo-

188 1599 379 1661 ·emosynam
405 1579 440 1654 t),
464 1573 644 1636 mediocres
670 1573 810 1636 mediam
839 1575 963 1639 libram.
1004 1579 1123 1642 vasus
1142 1577 1330 1640 dominicus

110 1709 112 1714 ,
192 1661 233 1722 de
254 1662 367 1722 casatis
390 1657 550 1734 ducentis,
580 1655 718 1728 mediam
730 1657 858 1736 libram,
880 1659 920 1722 de
945 1657 1058 1722 casatis
1074 1671 1221 1739 ,eentum
1250 1659 1331 1740 soli-

178 1743 252 1804 ·dos
270 1743 431 1826 quinque,
459 1740 638 1802 de'cusatis
664 1739 902 1824 quinquaginta
936 1751 991 1804 aut
1022 1743 1165 1828 triginta,
1201 1742 1331 1822 unciam

176 1847 302 1886 «unam.
344 1827 387 1886 Et
404 1823 525 1886 faciant
539 1824 705 1902 biduanas,
733 1833 829 1906 atque
847 1846 960 1886 eorum
987 1821 1135 1888 homines
1160 1825 1194 1886 in
1217 1845 1331 1887 eorum

180 1908 319 1986 casatis,
336 1903 390 1970 vel
415 1906 473 1988 qui
492 1905 554 1968 hoc
573 1906 679 1968 facere
711 1916 854 1990 possunt.
895 1909 938 1970 Et
963 1908 1021 1993 qui
1045 1905 1205 1972 redimere*
1238 1907 1332 1989 (ipsas-

178 1991 351 2056 :biduanas
371 1993 402 2069 a)
428 1989 579 2068 voluerit,
601 1989 752 2052 fortiores
769 1989 909 2052 Comites
924 1991 1044 2054 uncias
1058 2001 1134 2070 tres,
1151 1990 1331 2052 medioeres

194 2074 325 2136 unciam
338 2081 371 2134 et
390 2071 567 2151 dimidiam,
583 2071 724 2136 minores
742 2071 883 2132 solidum
902 2081 1014 2136 unum.
1054 2075 1097 2134 Et
1119 2073 1158 2136 de
1175 2071 1330 2155 pauperi-

193 2157 255 2219 bus
268 2153 437 2232 famelicis,
452 2153 536 2216 sicut
554 2154 806 2238 suprascriptum
826 2164 885 2233 est,
897 2163 929 2218 et
942 2155 1003 2238 ipsi
1020 2155 1245 2235 faciant-Haec
1260 2175 1332 2216 om-

112 2295 119 2313 ,
195 2241 262 2318 nia,
285 2239 312 2302 si
328 2241 408 2318 Deo·
418 2237 589 2320 placuerit,
606 2259 665 2321 pro
678 2240 807 2298 Domno
826 2237 963 2332 Rege'et
980 2259 1039 2320 pro
1062 2236 1210 2298 eieroitu
1231 2239 1332 2298 Fran·

197 2343 323 2464 concap,
340 2329 372 2382 et
391 2331 562 2404 praesente
587 2319 810 2398 tribulatione,
842 2321 937 2384 mssa
959 2319 1061 2390 sancti
1082 2317 1239 2402 lobannis
1265 2319 1332 2382 sint

180 2403 292 2488 {comp
309 2411 369 2466 eta.
391 2407 424 2483 v)
1049 2441 1052 2446 -

95 2665 97 2672 ,
256 2672 260 2680 ,
419 2635 454 2664 .,
540 2531 1103 2652 ‹rorrsrrrurro'¹

132 2738 134 2744 ·
247 2703 295 2776 de
315 2703 454 2776 sobolis
479 2727 550 2799 per
577 2704 726 2800 singula
750 2701 962 2802 Episcopia
988 2715 1023 2776 et
1051 2702 1300 2776 Monosteria'

158 2829 204 2850 ⁹
647 2825 897 2938 instituendis.
1007 2836 1010 2846 '
1077 2837 1083 2846 ‘·
1233 2819 1235 2824 ’

181 2959 388 3091 rKasosns,
417 3013 519 3098 gratii
545 3013 608 3078 Dei
620 3013 691 3078 Rex
708 3013 910 3075 Francorum
927 3022 961 3076 et
978 3013 1277 3096 Longobardorum,
1297 3003 1334 3072 a'c

200 3098 362 3160 Patricius
378 3097 606 3174 Romanorum,
617 3096 784 3178 Baugulfo
796 3095 911 3156 Abbati
928 3105 960 3160 et
970 3097 1063 3157 omni
1080 3088 1335 3176 congregationi,

201 3179 260 3240 tibi
279 3181 376 3240 etiam
393 3179 568 3260 commissis
587 3178 736 3240 fidelibus
755 3178 934 3240 oratoribus
966 3178 1096 3256 nostris,
1126 3177 1159 3236 in
1186 3175 1336 3258 omnipo-

201 3262 301 3330 tentis
323 3261 385 3322 Dei
408 3261 540 3325 nomine
556 3259 728 3324 amabilem
754 3260 931 3322 direximus
948 3260 1095 3321 salutem.
1135 3257 1256 3320 Notum
1274 3257 1337 3340 igi-

201 3354 257 3405 tur
273 3343 315 3404 sit
329 3345 400 3406 Deo
414 3344 552 3428 placitae
573 3341 738 3406 devotioni
756 3350 879 3405 vestrae
895 3341 973 3426 quia
990 3363 1049 3402 nos
1073 3339 1138 3402 uni
1162 3361 1237 3400 eum
1255 3340 1338 3422 fide-

157 3467 158 3476 κ
192 3426 289 3488 libus
305 3425 422 3488 nostris
445 3425 719 3488 consideravimus
732 3424 812 3486 utile
832 3444 899 3485 esse
919 3423 1139 3509 rit-episcopia
1164 3429 1197 3483 et
1223 3427 1338 3482 mona*-

184 3573 186 3580 ,
202 3509 300 3572 steria
316 3508 419 3586 nohis,
440 3509 567 3570 Christo
580 3508 732 3592 propitio,
746 3507 785 3568 ad
799 3505 1045 3589 gubernandum
1059 3505 1235 3582 commissa,
1248 3525 1339 3587 prae·

202 3589 429 3674 ter'regularis
450 3591 533 3654 vitae
553 3591 701 3654 ordinem
716 3597 811 3670 atique
833 3596 961 3660 sanctae
976 3588 1153 3671 religionis
1171 3607 1341 3664 conversa-

203 3676 338 3752 tionem,
362 3675 459 3736 etiam
487 3675 530 3736 in'
546 3669 729 3736 litterarum
750 3669 1026 3748 meditationibus,
1052 3669 1177 3753 eisqui
1198 3668 1340 3740 donante

134 3773 140 3786 ·
203 3757 346 3822 Domino
357 3755 481 3820 discere
490 3764 636 3842 possunt,
650 3753 831 3820 secundirm
842 3751 1102 3836 uniuscuiusque
1119 3745 1340 3838 capacitatem,

182 3923 436 3941 “m

237 4007 272 4074 p)
290 4000 324 4052 al.
342 4017 402 4053 mss.
416 4001 523 4056 desunt.
549 4017 551 4024 ’
831 3997 913 4067 s)al.
933 4015 992 4052 mss.
1015 3998 1125 4052 desunt.

240 4077 274 4142 q)
292 4071 327 4122 al.
344 4089 403 4124 mss.
418 4071 525 4140 desunt.
836 4075 862 4135 t)
879 4069 914 4122 al.
932 4087 991 4124 mss.
1007 4069 1116 4123 desunt.

240 4146 271 4206 p)
290 4141 324 4192 al.
344 4158 404 4194 mss.
422 4141 475 4216 pro
494 4145 546 4200 isto
566 4139 641 4196 inter
653 4137 690 4196 re'
704 4143 748 4195 in·
832 4151 867 4204 u)
884 4140 918 4190 al.
935 4157 995 4192 mss.
1008 4139 1115 4192 desunt.
1280 4207 1281 4210 Ἴ

292 4211 395 4266 stitnto.
638 4229 640 4234 ¹
677 4245 680 4250 -
784 4214 799 4232 ¹·
834 4216 865 4276 v)
882 4210 916 4261 al.
936 4212 996 4264 mss.
1014 4211 1056 4280 rit,
1069 4210 1237 4286 completum.
1261 4217 1264 4221 ’
