2958 4986
192 307 265 392 sto
426 329 461 385 a.
482 329 571 390 aaa.
678 332 936 416 certauimus
1040 332 1102 388 soa

188 469 345 555 cooperti,
367 479 401 533 et
422 470 467 532 ita
488 471 554 536 sint
572 475 718 553 consuti,
741 484 778 536 nt
797 472 824 537 si
841 471 1013 536 necessitas
1038 466 1205 543 evenerit,
1232 485 1333 548 aquas

189 554 231 616 ad
249 553 437 634 natandum,
456 577 532 617 cum
549 557 617 641 ipsa
632 579 773 640 expensa
788 579 871 642 quae
887 558 975 617 intus
989 551 1090 616 fuerit
1115 548 1255 610 transire
1274 547 1335 607 flu-

188 637 279 698 mina
301 637 442 720 possint,
478 647 515 700 ut
542 660 749 736 nequaquam
772 663 855 722 aqua
883 639 971 700 intus
1000 638 1120 697 intrare
1143 632 1270 706 valeat,
1301 639 1335 691 et

187 721 276 782 bene
292 720 379 782 salva
394 743 489 782 causa
505 731 612 784 nostra
644 733 728 784 sicut
745 725 885 786 diximus
917 721 1055 784 transire
1079 714 1190 800 possit,
1218 722 1252 776 et
1269 712 1334 772 hoc

189 804 341 866 V⁰l¹¹¹1¹¹¹⁸
367 812 404 864 ul
427 803 533 874 surina
553 805 587 866 in
611 826 811 890 unoquoque
835 827 926 868 carro
949 803 1160 884 adspersam
1187 805 1335 858 nostram

190 886 285 948 missa
307 885 381 964 fiat,
405 885 469 948 hoc
500 897 548 948 est
570 887 745 950 duodecim
761 889 868 951 modia
889 889 929 950 de
947 886 1072 960 farina,
1103 890 1136 942 et
1158 880 1193 940 in
1210 877 1359 961 quibus¹

191 969 307 1032 vinum
334 969 461 1030 ducunt
488 970 597 1032 modia
622 967 704 1050 XII,
731 973 771 1034 ad
789 981 935 1034 nostrum
951 967 1097 1029 modium
1115 963 1263 1038 mittant,
1301 969 1334 1020 et

192 1052 233 1114 ud
250 1052 507 1136 unumquodque
528 1073 658 1116 carrum
671 1065 799 1118 scutum
819 1065 852 1118 et
867 1055 1026 1130 lanceam,
1039 1067 1208 1124 cucurum,
1228 1053 1261 1106 et
1284 1063 1334 1102 an

192 1156 268 1196 cum
291 1134 440 1196 habeant.
920 1143 923 1150 ’
1037 1155 1040 1162 «

275 1215 381 1280 LXV.
423 1219 466 1279 Ut
491 1217 595 1301 pisces
624 1221 664 1284 de
690 1219 839 1283 wiwariis
869 1218 986 1281 nostris
1016 1211 1271 1285 venundentur,
1301 1216 1333 1268 et

192 1300 249 1362 ”lli
269 1301 440 1370 mittantur
462 1300 624 1366 inlocum
645 1305 689 1366 ita
711 1313 747 1364 ut
765 1304 869 1386 pisces
887 1322 1014 1384 semper
1035 1297 1197 1369 habeant,
1222 1301 1333 1386 tamen

194 1384 325 1466 quando
346 1406 404 1446 nos
424 1384 458 1446 in
480 1383 574 1448 villas
603 1408 669 1448 non
689 1387 855 1465 venimus,
876 1395 956 1446 tunc
982 1383 1061 1442 liant
1076 1375 1277 1450 venundata,
1302 1381 1335 1432 et

193 1466 279 1552 ipsos
297 1467 337 1529 ad
352 1477 498 1530 nostrum
509 1469 691 1550 profectum
707 1469 831 1532 iudices
844 1467 945 1530 nostri
962 1460 1146 1530 conlucrari
1160 1457 1292 1550 faciant.

277 1547 398 1614 LXVI.
439 1554 488 1614 De
510 1552 614 1634 capris
627 1563 660 1614 et
680 1551 791 1631 hircis,
813 1561 974 1614 eteorum
992 1567 1115 1612 cornua
1136 1549 1169 1602 et
1190 1539 1335 1622 pellibus

195 1631 289 1696 nobis
311 1633 452 1696 rationes
467 1635 641 1715 deducant,
663 1645 695 1699 et
716 1635 934 1720 persingulas
956 1649 1058 1692 annos
1072 1623 1229 1686 niusaltos
1245 1642 1336 1682 cras*

195 1739 247 1780 sos
272 1715 364 1780 nobis
381 1716 458 1780 inde
475 1717 646 1780 adducant.
790 1729 793 1735 '
1238 1785 1246 1798 ι
1309 1782 1316 1796 .

281 1798 420 1862 LXVII.
462 1801 512 1862 De
533 1801 650 1864 mansis
664 1801 747 1862 absis
764 1808 797 1862 et
811 1797 981 1880 mancipiis
1003 1789 1191 1875 adquisitis,
1221 1808 1249 1846 sa
1272 1783 1337 1844 als·-

198 1882 280 1966 quid
295 1903 394 1966 super
417 1905 450 1946 se
473 1882 647 1945 habuerint
666 1883 755 1966 quod
774 1903 841 1944 non
860 1881 1000 1944 habeant
1020 1875 1076 1938 ubi
1100 1895 1155 1936 eos
1172 1869 1336 1932 collocare

196 1967 321 2052 possint
336 1965 428 2028 nobis
443 1967 594 2028 nuntiare
616 1968 744 2028 faciant.
1113 2039 1120 2052 υ

281 2046 440 2112 LXVIII.
483 2049 643 2114 Volumus
658 2059 694 2110 ut
712 2049 814 2112 bonos
829 2044 976 2109 barridos
991 2040 1230 2124 ferrostlrgatos,
1253 2055 1338 2115 quos

198 2132 234 2193 in
248 2131 375 2194 hostem
391 2141 423 2195 et
440 2133 481 2196 ad
494 2133 650 2214 palatium
665 2132 792 2194 mittere
814 2130 949 2216 possint,
964 2127 1088 2188 iudices
1105 2119 1226 2203 singuli
1243 2137 1339 2201 prae·

197 2224 325 2299 paratos
338 2237 466 2300 semper
480 2215 632 2294 habeant,
654 2225 687 2278 et
708 2215 816 2277 buttes
838 2237 879 2276 ex
903 2210 999 2272 coriis
1017 2229 1084 2270 non
1103 2205 1235 2266 faciant.

94 2307 96 2312 ’
282 2297 406 2360 LXIX.
448 2299 497 2361 De
512 2298 599 2380 lupis
620 2299 709 2361 omni
728 2309 872 2382 tempore
891 2293 983 2355 nobis
1000 2288 1206 2362 adnuntient,
1229 2303 1339 2364 quan-

198 2389 248 2442 tos
264 2380 489 2464 unusquisque
508 2381 793 2464 conprehenderit,
811 2390 843 2442 et
855 2379 937 2462 ipsas
955 2375 1059 2459 pelles
1078 2370 1170 2432 nobis
1186 2385 1340 2462 praesen*

199 2473 269 2526 tare
289 2464 426 2540 faciant,
452 2473 485 2526 et
511 2463 545 2524 in
565 2485 675 2526 mense
697 2463 804 2542 Maio,
831 2463 906 2528 illos
926 2457 1067 2541 lupellos
1090 2456 1293 2543 perquirant,
1307 2454 1343 2505 et

201 2545 480 2630 conprehendant,
499 2555 565 2608 tam
581 2569 656 2610 cum
675 2547 813 2632 pulvere
834 2554 866 2608 et
879 2541 992 2620 hamis,
1007 2557 1169 2622 quamque
1182 2553 1259 2594 cum
1277 2531 1345 2590 Ios·

201 2629 245 2692 sis
271 2638 304 2690 et
322 2629 467 2690 canibus.
1309 2693 1317 2706 ο

283 2710 389 2774 LXX.
431 2712 592 2776 Volumus
613 2714 702 2796 quod
716 2712 750 2774 in
771 2712 867 2774 horto
881 2705 1118 2772 omnesherbas
1134 2699 1289 2772 habeant,
1308 2693 1346 2754 ad

202 2803 262 2873 est,
280 2794 398 2872 lilium,
417 2817 516 2872 rosas,
531 2797 763 2879 fenigraecum,
782 2805 916 2870 costum,
934 2790 1078 2865 salviam,
1104 2793 1221 2877 rutam,
1238 2779 1346 2875 'abro-

202 2887 325 2956 tanum,
345 2899 546 2956 cucumeres,
570 2899 725 2962 pepones,
749 2875 944 2952 cucurbitas,
968 2872 1136 2946 fasiolum,
1171 2881 1345 2959 crunnum,

202 2961 430 3040 rosmarinum,
448 2953 601 3038 careium,
621 2961 764 3023 cicerum
777 2960 938 3034 italicum,
959 2953 1130 3036 squillam,
1151 2944 1346 3038 gladiolum,

195 3043 388 3126 dragantea,
412 3065 556 3120 anesum,
579 3044 836 3126 coloquentidas,
852 3037 1056 3120 solsequiam,
1078 3051 1215 3105 ameum,
1234 3027 1346 3120 salum,

203 3127 357 3204 lactucas,
385 3128 450 3211 git,
473 3146 570 3188 eruca
588 3127 671 3204 alba,
707 3124 910 3198 nasturtium,
942 3119 1131 3203 Pandanam,
1159 3109 1347 3196 puledium,

204 3208 365 3287 olisatum,
388 3208 627 3295 petresilinum,
654 3209 774 3292 apium,
797 3205 994 3280 levisticum,
1018 3199 1345 3291 savinam',·anetum‚

202 3291 396 3370 fenicolum,
410 3291 549 3369 intubas,
563 3292 775 3376 diptamnum,
791 3309 922 3374 synape,
937 3283 1120 3358 satureiam,
1135 3277 1347 3350 sisimbrium,

203 3384 355 3453 mentam,
371 3385 593 3453 mentastrum,
606 3375 784 3452 tanaritam,
794 3380 934 3454 neptam,
951 3365 1347 3446 febrefugiam,papaver,

203 3457 308 3532 helas,
327 3457 507 3542 vulgigina,
525 3458 659 3541 ibischa,
676 3457 858 3524 mismaluas
878 3452 913 3512 id
928 3459 975 3512 est
992 3450 1101 3525 alteas,
1121 3445 1253 3536 maluas,
1270 3461 1349 3500 car-

205 3540 300 3620 vitas,
319 3551 515 3624 pastenacas,
534 3539 685 3624 adripias,
706 3540 820 3616 blidas,
843 3533 1041 3610 ravacaulos,
1059 3529 1180 3606 caulos,
1195 3543 1351 3618 simones,

204 3623 331 3701 britlas,
354 3645 479 3708 porros,
506 3623 643 3702 radices,
677 3621 884 3696 ascalonicas,
912 3637 1017 3699 cepas,
1044 3613 1118 3688 alia,
1145 3616 1349 3682 warentiam,

207 3707 384 3784 cardones,
412 3707 500 3768 fabas
521 3705 677 3784 maiores,
698 3706 784 3788 pisos
800 3699 991 3775 mauriscos,
1013 3693 1221 3756 coriandrum.
1238 3687 1351 3748 cerfo-

206 3789 299 3866 lium,
323 3789 514 3868 lacteridas,
542 3789 729 3866 sclareiam,
763 3797 795 3849 et
815 3786 872 3846 ille
897 3779 1091 3853 hortulanus
1112 3775 1229 3836 habeat
1250 3790 1352 3850 super

207 3873 339 3934 domum
356 3893 447 3934 suam
469 3872 555 3936 lovis
569 3871 709 3932 barbam.
751 3874 801 3932 De
820 3865 988 3928 arboribus
1012 3861 1163 3954 volumus
1187 3853 1275 3936 quod
1293 3853 1354 3948 ¹3³·

206 3956 305 4031 beant
341 3954 501 4039 pomarios
528 3953 649 4018 diversi
682 3952 826 4038 generis,
859 3946 997 4032 pirarios
1018 3944 1154 4038 ‘diversi
1200 3955 1350 4019 generas,

206 4037 379 4124 prunarios
409 4037 531 4100 diversi
564 4037 709 4120 generis,
741 4031 920 4108 sorbarios,
957 4027 1172 4110 mespilarros,
1201 4026 1352 4111 castane-

209 4118 300 4200 ⁸¹¹⁰⁸i
339 4119 544 4204 persicarios,
565 4131 704 4182 'nrvsasr
737 4137 876 4193 erasme,
915 4109 1122 4186 cotoniarios,
1158 4099 1353 4194 avellanari-

210 4225 264 4279 os,
292 4202 545 4281 amandalarios,
566 4203 741 4282 morarios,
771 4201 896 4274 lauros,
916 4195 1029 4279 pinos,
1051 4192 1155 4266 licus,
1187 4203 1351 4276 nucarrcs,

210 4284 408 4362 cerestffis,
437 4293 561 4353 mvsau
587 4306 724 4353 cananis.
780 4281 940 4348 Malorum
974 4275 1125 4354 nomina,
1164 4269 1353 4333 Gormarsn·
