2952 4988
190 295 264 365 222
400 309 436 366 s.
454 305 544 364 cnr.
650 305 908 365 carnut-asta
1012 306 1075 367 sm

188 449 332 534 hospitio
360 445 572 530 suscepisset,
594 446 687 528 quusi
712 447 796 508 latro
816 455 849 510 et
874 445 1016 510 iuiideiis
1041 447 1223 521 iudicetur;
1258 451 1339 534 quie

188 533 284 610 latro,
307 529 450 592 infidelis
474 539 522 590 est
547 539 657 590 noster
677 539 711 592 et
733 531 951 602 Francorum
975 539 1016 610 ,et
1034 533 1092 612 qui
1114 531 1211 593 iilum
1233 535 1340 597 susci-

187 617 250 702 pit,
273 614 387 678 simiiis
407 621 454 674 est
478 611 539 672 itti.
582 611 616 672 Si
639 622 748 674 eutem
771 612 896 674 audivit
914 611 1004 695 quod
1027 613 1111 675 latro
1130 614 1269 694 suisset,
1303 627 1338 679 et

189 709 297 762 temen
317 695 421 758 nescit
433 693 649 778 profirmiter,
675 703 730 755 aut
752 695 840 756 solus
857 695 942 756 iuret
963 694 1051 776 quod
1073 717 1244 780 nunquam
1260 721 1338 762 eum

189 781 341 857 audisset,
376 799 436 838 neo
461 799 521 862 per
545 777 716 838 veritatem
744 797 806 840 neo
834 798 894 860 per
919 777 1142 859 mendacium,
1171 779 1338 844 latronem

189 885 279 936 esse;
315 869 370 922 sut
391 861 433 922 sit
450 867 589 944 paratus,
619 859 645 921 si
669 859 709 923 de
730 860 790 922 illo
810 860 982 923 latrocinio
999 861 1111 944 postet
1130 861 1239 928 vietus
1264 866 1338 930 fue-

187 947 243 1028 rit,
274 955 311 1008 ut
335 943 487 1021 similiter
509 943 690 1004 damnetur.

294 1053 344 1114 De
366 1047 556 1113 animalibus
582 1047 637 1109 vei
663 1047 736 1108 aliis
759 1048 872 1128 rebus,
901 1049 922 1110 is
947 1049 1059 1133 quibus
1081 1063 1234 1115 emantur,

272 1161 330 1222 111.
373 1160 416 1220 Ut
435 1155 547 1217 nullus
562 1163 726 1238 comperet
744 1155 916 1234 caballum,
937 1155 1066 1236 bovem,
1088 1167 1121 1220 et
1138 1155 1336 1241 iumentum,

188 1243 244 1310 rel
275 1243 356 1320 niis,
388 1239 451 1302 nisi
481 1237 576 1300 illum
596 1235 762 1300 homiuem
789 1249 962 1321 cognoseat
989 1241 1048 1322 qui
1075 1261 1150 1302 eum
1171 1243 1335 1322 vendidit,

189 1337 246 1390 eut
261 1327 301 1390 de
321 1345 387 1408 quo
406 1343 489 1408 pago
504 1327 565 1402 est,
586 1321 637 1384 vet
655 1319 712 1380 ubi
730 1331 850 1398 mouet,
872 1329 927 1382 sut
943 1322 1017 1405 quis
1033 1332 1082 1386 est
1094 1323 1165 1387 eius
1184 1325 1314 1390 Senior.

631 1427 681 1488 De
703 1425 900 1489 adventitiis.

271 1539 328 1602 IV.
368 1539 417 1600 De
433 1531 633 1612 adventitiis,
657 1543 693 1595 ut
708 1535 783 1595 cium
804 1533 894 1596 Missi
916 1535 1017 1598 nostri
1035 1534 1075 1598 sd
1092 1535 1251 1622 placitum
1271 1563 1334 1603 uo-

189 1633 292 1686 strum
312 1619 483 1699 venerint,
514 1617 653 1678 habeant
679 1617 836 1700 scriptum
862 1619 977 1700 quanti
1003 1619 1177 1682 adventitii
1201 1633 1278 1684 suut
1296 1623 1333 1686 in

190 1705 325 1767 illorum
344 1701 517 1778 missatico,
540 1699 628 1762 etde
646 1720 713 1782 quo
735 1721 817 1784 pago
834 1709 922 1779 suut,
951 1710 984 1762 et
1004 1702 1136 1766 uomina
1157 1725 1283 1786 eorum,
1298 1716 1335 1770 et

192 1787 251 1872 qui
273 1795 350 1850 suut
370 1785 521 1848 Seniores
538 1803 661 1845 eorum.

462 1893 544 1954 Item
565 1890 606 1952 de
635 1887 822 1953 adventitiis
845 1904 876 1953 et
893 1891 1058 1975 fugitivis.

274 1997 316 2062 V.
359 1997 517 2060 Similiter
537 1995 714 2061 direximus
731 1997 844 2060 Missos
860 1999 894 2058 in
915 1999 1124 2082 Aquitaniam
1140 2009 1173 2064 et
1190 1997 1225 2062 iu
1242 2002 1334 2064 Lou-

190 2081 396 2164 gohsrdium‚
419 2091 455 2142 ut
473 2102 584 2143 omues
605 2081 760 2164 fugitivos
778 2090 809 2143 et
825 2081 1021 2145 adventitios
1042 2083 1083 2146 ud
1101 2093 1248 2148 nostrum
1258 2085 1333 2171 pla-

190 2164 292 2226 citum
314 2165 486 2227 adducunt.

367 2271 418 2333 De
439 2273 509 2332 istis
530 2270 679 2358 capitulis
699 2269 745 2332 ari
763 2271 882 2334 Missos
903 2269 1166 2333 transmittendis.

273 2377 330 2444 v1.
373 2376 572 2462 Quicunque
588 2375 660 2448 ¹ists
679 2375 822 2462 ospitale
844 2375 960 2456 habet,
988 2376 1029 2438 sd
1053 2377 1133 2440 alios
1157 2375 1271 2442 Missos
1293 2397 1333 2442 es

189 2461 385 2608 ἷςιιιὲιιιέιιαι
410 2461 466 2545 qui
491 2482 558 2524 nou
577 2458 720 2544 habeut,
754 2467 792 2522 nt
813 2458 906 2521 nulle
925 2459 1092 2523 excusatio
1110 2458 1151 2524 de
1175 2458 1333 2552 ignoren-
1456 2489 1457 2504 ι

208 2567 238 2606 rs
283 2567 300 2606 a
1176 2575 1178 2582 .

356 2730 623 2798 CAPITULARE
645 2727 855 2811 QUARTUM
874 2727 976 2790 ANNI
996 2727 1169 2796 DCGCVI.

191 2844 245 2918 Et
268 2844 364 2918 taes
388 2845 503 2916 Missi
526 2841 647 2914 nostri
681 2851 769 2912 ante
801 2839 1038 2910 nativitatem
1060 2839 1223 2916 Domini
1256 2866 1333 2916 om·

521 2940 631 3014 nibus
656 2940 810 3034 cognita
823 2939 994 3034 jaciant.

488 3087 631 3149 lunen
673 3086 1033 3148 Csrrruuosun.

216 3235 243 3276 ¹·
263 3180 335 3293 De
359 3228 489 3290 iustitiis
513 3223 737 3288 Ecclesiamm.
810 3219 840 3286 5.
860 3215 910 3283 De
933 3220 1127 3299 latronibus,
1150 3222 1331 3298 homicidis,

212 3360 242 3400 α.
270 3341 321 3401 De
363 3345 520 3422 potestate
559 3330 738 3416 Episcopo·
869 3303 1043 3380 adulteris,
1069 3321 1100 3369 et
1117 3303 1314 3370 incestuosit-

274 3443 354 3484 rum·
490 3430 491 3434 ’
808 3411 839 3476 6.
860 3413 910 3474 De
933 3413 1026 3475 rebus
1045 3417 1216 3501 proprisis.

211 3528 242 3592 5.
267 3527 311 3592 Ut
337 3524 478 3596 viduae,
517 3521 672 3606 orphani,
702 3529 740 3580 et
809 3537 838 3603 7.
860 3519 910 3582 De
932 3541 968 3582 eo
985 3523 1041 3605 qni
1055 3520 1181 3582 dixerit
1196 3517 1287 3604 quid
1304 3520 1334 3580 ei

272 3609 378 3673 mimis
419 3617 563 3692 potentes
604 3603 739 3674 habeant
871 3600 953 3664 insti
978 3624 1043 3665 non
1062 3601 1230 3667 iudicetur.

151 3701 157 3712 ‘
274 3691 493 3776 &festivum
521 3685 739 3771 Imperatoris.
809 3707 840 3772 s.
863 3709 949 3793 Quas
986 3710 1123 3770 iustitias
1159 3709 1256 3773 Missi
1291 3705 1337 3768 aa

211 3803 243 3881 4.
263 3801 312 3862 De
326 3793 498 3860 concordia
511 3792 740 3877 Episcopamm
870 3811 1021 3876 praesens
1040 3791 1178 3872 faciant.
1227 3789 1271 3853 Et
1293 3789 1336 3850 da

274 3895 305 3945 et
324 3881 489 3944 Comitum.
605 3910 607 3914 ·
871 3875 1001 3935 marcha
1021 3871 1240 3936 custodienda.

290 4014 454 4078 lacrrrmr
476 4024 703 4072 surssscurrrs
730 4003 894 4067 Castrum
919 4017 959 4064 nr
979 4021 1086 4068 soson
1108 4024 1238 4068 rurus,

536 4121 586 4187 De
607 4119 739 4184 iustitiis
760 4115 990 4184 Ecclesiarom.

275 4236 302 4298 1.
343 4236 381 4298 lu
401 4233 513 4322 primis
535 4229 681 4295 omnium
698 4224 879 4296 iubendum
891 4237 939 4295 est
958 4238 995 4293 at
1009 4225 1150 4292 hoheent
1168 4223 1334 4291 Ecclesiae
