2958 4986
286 342 322 408 n,
341 341 431 408 cna,
534 341 670 398 escun
689 339 927 403 rnsnconun
1032 339 1093 401 m.
1199 323 1270 398 105

219 484 307 543 eiam
330 472 548 545 contradicere
563 483 678 566 aliquis
727 483 778 544 δι.
806 483 951 568 Qualiter
978 481 1098 544 bannus
1128 485 1273 548 solvatur

242 579 408 626 raesamat.
748 581 750 592 '
807 564 986 649 prosaida.
1055 573 1059 582 '

134 667 185 727 27.
211 585 521 730 befideiusso'ribns
539 647 666 709 claudis.
728 683 767 743 32

134 730 188 793 28.
218 729 261 791 Ut
274 750 404 790 munera
416 752 510 816 snper
526 735 679 809 innocen·
771 728 778 754 ·’

94 874 97 878 ,
217 825 281 873 tem
295 814 398 874 nullus
412 817 555 899 accipiat.
936 873 942 886 ,
988 873 1006 886 ,,

134 915 188 980 29·
219 893 261 956 Ut
280 895 415 956 Comites
453 911 678 958 acemetcon·
728 875 777 934 33·
804 874 1031 956 Del’m'm·
1072 933 1075 942 .

219 977 364 1038 cordiam
392 917 595 1042 aclinuicem
618 983 676 1040 ba·
728 983 777 1060 54.
803 983 850 1042 Ne
865 979 1011 1040 Saxones
1030 991 1125 1060 agant
1139 1000 1273 1041 conuen-

804 683 853 742 De
870 684 1045 751 iuramento
1068 681 1102 741 in
1127 681 1273 745 Ecclesia

804 763 1009 851 praestando.

220 1062 321 1121 beant.
346 1119 348 1124 ,
537 1117 539 1126 ,
808 1077 856 1124 tus
870 1063 1026 1146 prrblicos,
1046 1063 1109 1123 nisi
1128 1083 1190 1148 per
1205 1065 1274 1123 ius·
1373 1069 1374 1076 ’

134 1145 186 1205 30.
208 1143 261 1307 ,qe
286 1163 321 1238 eo
338 1143 393 1226 qai
408 1143 558 1206 Comitem
576 1145 676 1207 inter·
810 1147 930 1206 sionem
945 1145 1049 1225 Regis.

233 1237 339 1284 ecerrt.

220 1365 382 1426 lncrrrurr
416 1385 641 1446 sueasscanrs
674 1369 834 1430 Carreum
864 1389 903 1430 er
931 1389 1038 1429 aonuu
1062 1388 1189 1430 sexsus.

481 1497 531 1556 De
552 1499 670 1558 bonore
691 1497 913 1559 Ecclesiarum.

145 1641 147 1648 ·
217 1605 244 1666 l.
285 1602 430 1665 Primum
448 1603 488 1664 de
508 1605 683 1666 maioribus
707 1605 857 1688 capitulis
882 1605 945 1667 hoc
965 1605 1090 1688 placuit
1110 1607 1272 1690 omnibus,

133 1699 173 1750 ut
191 1687 358 1750 Ecclesiae
377 1686 509 1766 Christi,
533 1709 615 1771 quae
634 1687 730 1750 modo
745 1698 981 1749 construuntur
1006 1689 1040 1750 in
1065 1691 1217 1770 saxonia,
1239 1703 1273 1756 et

132 1777 206 1834 Deo
224 1778 364 1832 sacratae
384 1779 471 1848 sunt,
495 1791 561 1831 non
586 1771 744 1832 minorem
759 1770 900 1831 habeant
916 1771 1084 1850 honorem,
1101 1775 1158 1836 sed
1177 1776 1274 1838 maio-

131 1877 205 1918 rem
220 1864 252 1918 et
266 1853 546 1932 excellentiorem,
563 1876 660 1936 quam
676 1855 750 1914 iana
766 1853 955 1920 habuissent
971 1855 1144 1920 idolorum.

452 1971 501 2031 De
533 1970 680 2053 confugio
698 1969 743 2031 ad
761 1971 945 2034 Ecclesiam.

216 2075 258 2138 ΙΙ.
301 2075 335 2136 Si
353 2075 427 2156 quis
444 2077 634 2159 confugium
645 2077 761 2138 fecerit
777 2076 812 2136 in
828 2077 1008 2139 Ecclesiam
1022 2077 1133 2140 nullus
1146 2097 1222 2141 eum
1233 2081 1274 2143 de

131 2157 282 2224 Ecclesia
295 2178 355 2240 per
372 2158 561 2221 violentiam
580 2159 745 2244 expellere
759 2170 952 2242 praesumat,
968 2160 1024 2221 sed
1035 2181 1147 2244 pacem
1160 2161 1276 2225 habeat

135 2263 242 2324 usque
269 2241 345 2300 dum
372 2242 413 2302 ad
443 2242 598 2326 placitum
626 2252 869 2326 praesentetur;
905 2253 938 2304 et
957 2253 1091 2326 propter
1116 2244 1275 2307 bonorem

133 2325 198 2389 Dei
217 2332 465 2408 sanctorumque
481 2327 647 2388 Ecclesiae
664 2327 763 2407 ipsius
782 2325 1012 2404 reverentiam,
1027 2327 1225 2389 concedatur
1243 2330 1273 2390 ei

133 2408 203 2469 vita
218 2417 251 2466 et
270 2407 378 2467 omnia
391 2409 542 2470 membra.
584 2409 746 2472 Emendat
773 2418 881 2469 autem
903 2431 1031 2471 cansam
1055 2408 1090 2470 in
1117 2421 1276 2493 quantum

134 2489 290 2572 potuerit,
309 2499 341 2550 et
356 2491 499 2552 eifuerit
514 2483 710 2562 iudicatum
734 2501 765 2552 et
784 2491 830 2554 sic
849 2493 987 2553 ducatur
1005 2493 1045 2553 ad
1060 2497 1275 2576 praesentiam

131 2568 265 2714 'Diomini
294 2573 406 2658 Regis5
442 2584 475 2636 et
496 2575 575 2660 ¹ipse
610 2597 686 2636 cum
717 2575 820 2636 mittet
853 2576 910 2636 ubi
945 2575 1138 2639 clementiae
1174 2577 1276 2662 ipsius

131 2655 302 2742 pacuerit.
910 2681 913 2694 ’

174 2765 214 2824 Si
234 2766 303 2849 quis
325 2764 502 2827 Ecclesiam
520 2789 580 2852 per
599 2769 785 2828 violentiam
806 2767 988 2838 intraverit,
1025 2779 1081 2826 ant
1101 2767 1233 2851 furatus

490 2850 608 2932 suerit,
642 2863 695 2910 aut
724 2849 911 2910 incenderit.
1100 2878 1102 2884 ·

216 2927 276 3018 ΠΙ.
318 2958 352 3018 si
374 2957 447 3040 quis
470 2959 649 3020 Ecclesiam
662 2981 722 3043 per
736 2957 925 3019 violentiam
941 2955 1121 3032 intraverit,
1137 2954 1217 3016 etin
1238 2977 1276 3016 ea

135 3040 282 3123 pervim
310 3042 368 3102 vel.
384 3043 508 3102 furtum
529 3042 655 3123 aliquid
681 3039 859 3119 abstulerit,
887 3041 941 3103 vel
970 3039 1072 3125 ipsam
1096 3037 1277 3106 Ecclesiam

136 3125 213 3208 igne
226 3125 430 3200 cremaverit,
448 3134 552 3188 morte
570 3126 735 3188 moriatur.

342 3241 392 3300 De
417 3243 547 3304 ieiunio.
564 3242 831 3325 quadragesimali
858 3237 1069 3302 observando.
1154 3237 1158 3244 ’

177 3347 236 3410 IV.
279 3347 312 3408 si
329 3347 402 3430 quis
417 3357 563 3409 sanctum
580 3347 853 3431 quadragesimale
867 3347 1027 3428 ieiunium
1044 3366 1104 3429 pro
1120 3344 1276 3427 despectu

137 3429 382 3492 christianitatis
401 3433 640 3513 contempserit,
658 3441 690 3492 et
708 3453 839 3492 carnem
856 3429 1042 3505 comederit,
1072 3437 1174 3488 morte
1204 3449 1279 3488 mon-

136 3513 251 3572 riatur.
295 3515 359 3574 Sed
375 3523 483 3574 tamen
501 3515 726 3575 consideretur
747 3515 765 3576 a
789 3514 974 3590 Sacerdote,
1003 3531 1045 3571 ne
1073 3509 1156 3572 forte
1182 3512 1276 3573 causi

136 3595 335 3660 necessitatis
354 3597 416 3658 hoc
436 3597 572 3662 cuilibet
585 3597 757 3680 proveniat
776 3606 813 3656 ut
826 3615 957 3657 carnem
976 3593 1132 3656 comedat.

449 3717 498 3774 De
526 3713 744 3795 intersectione
770 3713 974 3774 Clericorum.

218 3823 260 3882 V.
303 3823 337 3882 si
359 3823 433 3906 quis
447 3797 644 3906 Episcopum
669 3831 724 3880 aut
744 3821 974 3904 Presbyterum
998 3817 1066 3880 sive
1093 3819 1277 3884 Diaconum

135 3900 351 3986 interfecerit,
366 3905 516 3970 similiter
537 3903 640 3988 capite
663 3903 828 3986 punietur.

449 4022 497 4088 De
521 4022 620 4100 stragis
648 4033 679 4086 et
700 4021 806 4098 strigis
831 4021 954 4082 occisis.

218 4127 274 4195 VI,
318 4128 351 4188 si
374 4128 478 4210 quisi
495 4128 624 4188 diabolo
640 4126 795 4208 deceptus
813 4125 999 4203 crediderit,
1015 4125 1196 4187 secundum
1211 4145 1278 4185 mo·

134 4227 204 4273 tem
223 4231 434 4294 paganorum,
453 4212 560 4275 virum
581 4211 725 4291 aliquem
740 4220 795 4289 apt
817 4210 972 4270 feminam
1000 4210 1132 4291 strigam
1158 4229 1225 4270 esse
1245 4217 1278 4271 el

136 4287 284 4361 homines
304 4297 485 4374 comedere,
501 4304 533 4356 et
552 4304 685 4385 propter
701 4293 762 4358 boc
778 4293 880 4383 ipsam
897 4293 1094 4372 incenderit,-
1123 4292 1176 4357 vel
1204 4313 1277 4354 car·
