2958 4986
290 300 431 371 acan.
536 305 983 371 ercanraanconon.
1043 309 1105 372 roo.
1198 289 1268 361 120

22 449 38 510 Ῑ».
51 477 59 496 2
132 463 243 516 autem
258 453 343 522 ¹dnos
364 453 459 515 siclos
474 451 514 516 de
530 419 620 524 mille
634 475 774 538 proauo
796 452 1050 518 solido'donent.
1092 449 1176 512 item
1192 452 1271 512 bor-

130 539 234 598 deum
253 535 411 597 mnndum
428 537 512 598 sicut
526 548 558 598 et
576 539 674 620 sigale
696 559 755 620 pro
770 559 837 598 uno
861 537 966 598 solido
984 537 1116 597 donent.
1159 533 1272 596 laar-

21 645 58 684 zer:
132 631 233 702 gento
249 619 422 680 duodecim
436 620 584 681 denarios
602 621 743 682 solidum
760 621 888 680 faciant.
938 621 980 680 Et
1006 619 1039 677 in
1058 617 1128 677 aliis
1145 617 1272 700 specie-

131 705 194 766 bus
208 703 249 765 ad
266 701 355 764 istud
368 702 511 786 pretium
525 726 637 765 omnes
651 703 888 766 aestimationes
908 701 1150 785 compositionis
1165 710 1250 761 sunt.

353 811 551 874 Exrt1c1r
585 814 843 888 Giarratano
870 814 1078 894 ,saxorum

261 1005 605 1080 otorantina
649 1003 1196 1118 luraatoctr'ionis

283 1127 339 1198 ad
349 1127 563 1222 Episcopoe
587 1129 633 1197 de
657 1125 890 1216 Presbytero
903 1129 1124 1198 criminosis

320 1264 582 1368 Fragmentum
607 1274 796 1369 Epistulae
821 1275 1099 1368 Imperatoriae.

133 1420 199 1539 Et
223 1477 286 1538 boc
304 1459 472 1537 vobiscum
492 1497 607 1558 magno
624 1475 731 1536 studio
747 1477 1011 1560 pertractandum
1040 1487 1098 1556 est,
1123 1477 1203 1560 quid
1236 1475 1275 1537 dc

24 1559 25 1566 '
135 1562 205 1624 illis
223 1559 423 1643 Presbyteris
444 1559 532 1620 unde
552 1559 738 1642 approbatio
758 1581 824 1620 non
845 1571 904 1637 est,
930 1570 962 1621 et
993 1583 1121 1644 semper
1145 1569 1276 1642 negant,

135 1645 325 1706 faciendum
347 1643 396 1702 sit.
438 1643 518 1702 Nam
538 1641 601 1702 hoe
622 1642 805 1726 saepissime
828 1644 953 1713 duobis
971 1643 1277 1726 etProgenitoribus

138 1739 237 1811 atque
256 1724 521 1786 Antecessoribus
540 1725 656 1786 nostris
684 1725 877 1787 ventilatum
900 1735 957 1802 est,
990 1727 1046 1788 sed
1069 1749 1134 1788 non
1166 1727 1205 1786 ad
1233 1725 1276 1784 li-

28 1829 42 1850 ·’
139 1813 278 1895 quidum
293 1808 449 1876 hactenirs
476 1807 654 1868 definitum.
697 1809 790 1869 Unde
817 1810 858 1870 ad
881 1809 1119 1870 consulendum
1148 1813 1277 1871 Patrem

138 1903 286 1956 nostrum
300 1893 442 1953 Leonem
458 1891 774 1973 PapamSacerdotes
794 1902 920 1954 nostros
942 1891 1106 1952 mittimus.
1127 1875 1169 1953 Et
1188 1892 1279 1974 quio·

139 1977 222 2060 quid
246 1975 285 2034 ab
303 1995 342 2036 eo
359 1974 412 2037 vel
428 1974 445 2034 d
459 1973 524 2034 suis
544 1976 798 2058 perceperimus,
812 1976 1000 2053 'vobis,und
1016 1997 1091 2035 cum
1114 1975 1179 2036 illis
1196 1996 1278 2056 quos

26 2094 39 2140 1η
139 2060 308 2136 mittimus,
328 2057 517 2118 renuntiare
532 2079 598 2121 non
614 2058 818 2120 tardabimus.
861 2060 927 2121 Vos
946 2059 1111 2118 interdum
1135 2057 1278 2121 vicissim

36 2145 38 2148 ’
140 2151 275 2204 tractate
298 2139 460 2202 adtentids
477 2141 556 2221 quid
573 2163 612 2203 ex
631 2141 681 2201 bis
693 2142 859 2203 vobiscum
873 2142 1104 2202 constituamus
1119 2141 1184 2212 und
1205 2163 1280 2202 cum

22 2230 34 2292 J
141 2225 301 2310 praedicti
323 2222 426 2286 sancti
443 2221 547 2282 Patris
563 2223 838 2295 institutionibas3
862 2235 898 2284 nt
932 2245 1079 2284 murmur
1095 2233 1196 2285 cesset
1219 2245 1279 2306 po-

22 2312 33 2320 “”
140 2309 226 2392 puli,
244 2316 275 2368 et
295 2329 353 2368 nos
369 2306 419 2366 his
436 2304 689 2388 satisfacientes,
707 2309 832 2388 inlaesi,
857 2307 998 2368 Domino
1026 2307 1214 2386 auxiliante,
1240 2306 1279 2366 ab

142 2393 290 2474 utrisque
307 2409 500 2450 maneamus.

202 2554 414 2631 CAPITULA
442 2553 557 2616 DATA
585 2557 695 2618 POST
722 2557 916 2619 REDITUM
952 2558 1216 2620 LEGATORUM

534 2691 556 2734 a
582 2668 668 2736 sede
692 2667 908 2760 Apostolic'a.

295 2864 296 2867 ,
369 2811 419 2870 De
442 2809 697 2895 Chorepiseopis,
720 2833 758 2872 ne
782 2812 928 2900 deinceps
949 2815 1050 2901 fiant.

141 2956 167 3016 Ῑ·
203 2915 347 3035 Placuit
372 2995 413 3034 ne
430 2973 694 3057 Chorepiseopizi
714 2975 907 3058 quibusdam
922 2979 1075 3064 deinceps
1090 2982 1178 3052 fiant;
1201 3001 1280 3064 qno·

142 3059 233 3120 niam
252 3057 409 3119 iactenus
436 3059 454 3116 d
476 3057 697 3119 nescientibus
720 3069 904 3121 sanctorum
926 3059 1054 3146 patrum
1079 3075 1112 3126 et
1140 3068 1277 3126 maxime

141 3144 264 3222 Aposto
280 3141 403 3201 icornm
433 3139 582 3217 decretis,
607 3141 739 3222 suisque
763 3144 926 3225 quietibus
950 3168 986 3206 ac
1010 3148 1281 3210 delectationibus

143 3225 364 3298 inhaerentes,
379 3223 455 3282 facti
473 3223 557 3285 sunt.
599 3224 725 3304 idcirco
742 3235 774 3284 et
796 3227 1059 3312 olim'persaepe,
1075 3241 1106 3291 et
1132 3241 1242 3296 nostro
1264 3235 1281 3294 d

143 3315 255 3369 sancta
275 3305 450 3387 apostolica
469 3307 544 3368 sede
557 3315 703 3391 tempore
719 3318 795 3368 sunt
812 3309 978 3393 prohibiti,
1000 3321 1033 3372 et
1059 3335 1101 3374 ne
1127 3315 1282 3397 deinceps

144 3393 342 3471 {iquoquam
360 3399 424 3448 tam
444 3390 614 3450 ordinante
639 3391 736 3472 quam
751 3393 894 3452 ordinari
914 3395 1067 3475 cupiente
1093 3397 1165 3457 talis
1191 3393 1284 3478 prae⁴

144 3474 285 3555 sumptio
308 3474 532 3550 assumatu1’‚d
558 3473 686 3535 cunctis
713 3475 815 3536 nostri
844 3478 937 3560 regni
962 3478 1131 3562 Episcopis
1166 3489 1213 3539 est
1246 3482 1280 3540 in

145 3556 271 3639 synodo
294 3555 449 3616 canonice
463 3555 673 3640 prohibitum.

150 3661 235 3724 Utri
253 3663 478 3747 Chorepiseopi
498 3663 636 3747 aliquam
650 3667 916 3726 consecrationem
938 3677 991 3727 aut
1006 3667 1279 3750 confirmationem

311 3745 466 3827 fecerint,
483 3749 521 3808 ab
547 3746 713 3832 Episcopis
726 3747 874 3808 canonice
892 3749 1114 3831 reformentur.

230 3851 270 3911 II.
312 3851 488 3912 Hominum
507 3853 718 3930 confirmatio,
738 3854 970 3933 Ecclesiarum,
990 3857 1151 3937 altarium,
1179 3859 1283 3942 vagia

145 3956 236 4012 num,
256 3933 475 4013 chrismatum,
490 3938 768 4020 Presbyterorum,
789 3937 1021 4018 Diaconorum,
1044 3943 1284 4004 etSubdiaco-

145 4039 263 4078 norum
274 4019 533 4081 consecrationes
549 4020 567 4078 a
584 4020 833 4104 Chorepiseopis
854 4023 969 4100 factae,
985 4024 1024 4084 ab
1039 4025 1208 4109 Episcopis
1225 4027 1283 4109 qui

145 4101 303 4162 canonice
330 4101 470 4173 ordinati
489 4112 564 4164 sunt
589 4106 815 4166 reformandae
842 4108 1065 4191 canoniceque
1092 4119 1169 4170 sunt
1192 4131 1284 4193 pera*

145 4184 282 4266 gandae,
295 4184 613 4272 quiaChorepiscopi
630 4187 710 4248 bace
726 4188 915 4272 contingere
934 4213 1000 4252 non
1022 4191 1284 4253 demorantem

146 4289 241 4350 agere
260 4278 453 4354 potnerunt;
477 4291 542 4330 non
570 4271 711 4343 enimea
730 4271 875 4336 tribuere
905 4275 1081 4344 valuerunt
1111 4298 1193 4360 quae
1220 4299 1284 4338 non

989 4391 1012 4460 9
