2952 4988
183 272 257 346 270
440 288 581 350 acan.
688 289 961 352 sauromata,
1047 283 1109 350 sit

263 423 351 492 XLI.
395 429 438 490 Ut
477 429 718 496 observationes
749 453 829 516 quas
852 429 944 494 stulti
976 429 1101 496 faciunt
1127 427 1166 492 ad
1192 427 1329 492 arbores

181 513 234 576 rcl
254 519 372 598 petras,
389 513 442 574 vel
459 514 577 594 fontes,
593 516 781 598 ubicunque
799 514 1023 592 inveniuntur,
1041 511 1200 574 tollantur
1212 523 1247 576 ct
1271 511 1329 586 dc-

181 605 358 662 struantur.

263 675 368 742 XLII.
411 677 454 738 Ut
476 675 653 742 homicidia
688 681 774 742 infra
804 679 940 766 patriam
968 697 1030 738 nec
1057 697 1153 740 causa
1175 676 1327 755 ultionis,

181 785 242 826 nec
265 757 418 824 avaritiae
443 781 503 822 nec
525 761 753 844 latrocinandi,
772 784 838 826 non
860 763 989 824 faciant.
1031 761 1074 822 Et
1096 781 1164 822 nou
1190 759 1326 824 occida-

181 856 236 908 tur
256 843 366 919 homo,
391 841 452 902 uisi
473 843 544 927 lege
564 845 707 910 iubente.

263 922 386 990 XLIII.
429 927 471 987 Ut
494 929 579 990 l'urta
598 940 631 991 et
656 931 776 992 iniusta
802 925 967 994 connubia
985 934 1018 988 et
1034 925 1180 990 inlicitae
1205 945 1325 990 causae

181 1009 429 1096 prohibeantur.

263 1089 384 1156 XLIV.
427 1093 471 1152 Ut
491 1093 641 1174 aequales
658 1115 824 1158 mensuras
843 1103 876 1156 et
892 1103 995 1156 rectas
1012 1102 1045 1154 et
1066 1091 1212 1177 pondera
1237 1089 1324 1152 insta

182 1186 215 1240 et
232 1172 381 1261 aequalia
400 1195 511 1236 omnes
527 1175 678 1268 habeant.
718 1180 762 1240 Et
785 1177 843 1262 qui
858 1178 952 1240 autel
980 1177 1071 1238 dedit
1096 1186 1161 1238 tres
1183 1173 1323 1252 modios,

183 1261 280 1324 modo
296 1259 351 1320 det
372 1253 463 1318 duos.

263 1337 364 1406 XLV.
408 1341 450 1400 Ut
466 1362 641 1424 mangones
665 1351 698 1404 et
726 1342 875 1408 cociones
907 1351 940 1404 et
968 1341 1051 1404 nudi
1079 1339 1228 1404 homines
1261 1341 1323 1422 qui

182 1447 256 1571 culpi
281 1425 368 1486 ferro
387 1421 521 1504 vadunt,
545 1417 610 1486 non
630 1425 779 1488 sinantur
799 1427 907 1512 vagari
930 1435 963 1488 et
983 1424 1191 1510 deceptiones
1211 1423 1345 1486 bonai».

183 1531 216 1570 nr
243 1529 312 1568 usa
337 1526 402 1566 ere.

262 1527 383 1654 XLgVI.
427 1589 471 1650 Ut
487 1610 585 1670 opera
601 1588 733 1652 servilia
749 1590 864 1654 diebus
885 1590 1057 1654 dominicis
1079 1611 1145 1654 non
1170 1599 1321 1676 agantur.
1370 1568 1382 1588 ᾖ

181 1675 223 1737 Et
246 1683 282 1735 ut
302 1671 370 1734 dies
388 1671 549 1734 dominica
570 1673 589 1732 d
607 1693 741 1754 vespera
757 1675 796 1736 ad
815 1695 981 1758 vesperam
996 1673 1190 1736 celebretur.

263 1753 403 1818 XLVII.
446 1756 488 1816 Ut
505 1775 616 1818 omnes
634 1755 822 1820 fidelitatem
845 1759 1036 1842 promittant
1055 1757 1183 1820 Damno
1210 1756 1320 1839 Impe-

186 1838 296 1904 ratori.

264 1918 421 1986 XLVIII.
463 1921 506 1982 Ut
523 1920 663 1984 Comites
693 1929 726 1982 et
753 1921 881 1984 Iudices
906 1921 1122 1984 confiteantur
1152 1919 1217 2002 quat
1244 1919 1321 2004 lege

182 2003 296 2072 vivere
319 2003 470 2080 debeant,
491 2013 524 2065 et
539 2003 719 2066 secundum
733 2003 835 2087 ipsam
852 2003 1008 2066 iudicent.

263 2085 385 2150 XLIX.
427 2089 470 2148 Ut
486 2086 644 2148 beneficia
664 2088 784 2148 Domni
810 2088 1017 2168 Imperatoris
1043 2095 1075 2148 et
1096 2084 1320 2148 Ecclesiamm

182 2170 442 2248 considerentur,
463 2191 503 2250 ne
522 2171 604 2230 forte
619 2169 738 2251 aliquis
756 2169 885 2232 alodem
899 2192 994 2232 sunm
1008 2177 1202 2243 restaurans,
1212 2168 1320 2233 benc-

181 2255 254 2318 ficia
267 2253 419 2314 destruat.

263 2337 299 2396 L.
341 2337 384 2396 Ut
396 2333 555 2398 beneficia
568 2335 732 2396 Saxonum
750 2334 784 2396 in
806 2337 944 2400 Francia
973 2337 1221 2402 considerentur
1240 2358 1320 2419 qua·

180 2419 257 2482 liter
274 2416 460 2480 condirecta
479 2418 552 2479 sint.

263 2502 317 2562 Ll.
360 2501 403 2560 Ut
423 2501 520 2562 liberi
535 2498 683 2562 homines
705 2521 863 2586 pauperes
887 2504 904 2564 l
935 2503 1028 2565 nullo
1056 2503 1175 2566 iniuste
1204 2500 1318 2586 oppri-

181 2593 321 2647 mantus.

263 2666 332 2726 LII.
374 2667 416 2726 Ut
433 2685 543 2726 omncs
557 2663 667 2746 ¹parati
687 2663 753 2726 sint
776 2667 1039 2751 quandocunque
1068 2667 1187 2730 Domni
1209 2669 1318 2750 Impe-

182 2749 297 2812 ratoris
319 2747 417 2810 iussio
438 2748 574 2809 venerit.

264 2829 350 2890 LIII.
394 2833 436 2892 Ut
451 2830 538 2891 Missi
561 2829 601 2890 ad
630 2831 794 2890 Damnum
828 2832 1057 2914 Imperatorem
1077 2834 1258 2913 venientes,
1285 2843 1319 2896 et

182 2916 221 2977 ab
242 2934 281 2974 eo
301 2911 429 2990 directi,
445 2911 681 2974 honorabiliter
697 2912 923 2996 suscipiantur.

263 2993 349 3056 LIV.
393 2999 435 3056 Ut
454 2995 477 3055 ii
494 2993 552 3076 qui
573 2993 606 3054 in
624 2995 849 3056 mundeburde
863 2998 982 3058 Domni
1001 2998 1207 3082 Imperatoris
1227 3004 1317 3076 sunt,

181 3099 295 3164 pacem
311 3086 343 3137 et
358 3077 582 3145 defensionem
604 3077 642 3136 ab
659 3078 806 3139 omnibus
827 3077 977 3141 habeant.
1326 3078 1332 3086 ’

261 3158 329 3220 LV.
372 3161 414 3220 Ut
430 3160 615 3242 inquiratur
634 3159 660 3221 si
676 3160 793 3242 aliquis
806 3159 902 3222 homo
915 3171 1049 3246 propter
1060 3162 1319 3225 iustitiamDom-

182 3245 216 3304 ni
239 3243 442 3325 Imperatoris
457 3243 682 3304 annuntiando
702 3243 826 3304 occisus
840 3243 891 3321 sit,
914 3247 967 3307 vel
988 3246 1116 3330 aliquid
1140 3245 1216 3306 mali
1241 3265 1319 3328 pas·-

181 3349 233 3388 sus
250 3325 300 3386 sit.
1163 3327 1166 3332 ¹
1287 3383 1290 3390 .

263 3403 349 3467 LVI.
391 3407 434 3466 Ut
456 3403 479 3464 ii
494 3404 552 3488 qai
577 3427 637 3488 per
652 3406 847 3470 beneficium
860 3407 978 3470 Domni
991 3409 1197 3493 Imperatoris
1214 3407 1319 3470 eccle-

181 3491 323 3553 siasticas
337 3508 388 3550 res
407 3488 539 3564 habent,
560 3489 716 3550 decimam
743 3500 774 3552 et
799 3513 918 3552 nonam
940 3493 1016 3554 dare
1042 3502 1076 3554 et
1096 3491 1318 3556 Ecclesiarum

181 3569 450 3636 restaurationem
472 3572 579 3634 facere
596 3573 755 3635 studeant.

198 3701 201 3706 ·
264 3651 371 3716 LVII.
415 3656 457 3714 Ut
476 3653 602 3714 bannus
619 3677 717 3736 quem
737 3677 796 3738 per
816 3655 1024 3740 semetipsum
1039 3659 1185 3720 Domnus
1212 3658 1318 3738 Impe-

181 3750 269 3801 rator
284 3734 445 3812 bannivit,
463 3739 627 3818 sexaginta
638 3737 757 3800 solidos
776 3739 927 3800 solvatur.
969 3739 1098 3800 Caeteri
1119 3759 1197 3800 vero
1216 3737 1317 3798 banni

182 3843 262 3904 quos
276 3817 416 3882 Comites
445 3828 478 3879 et
498 3817 624 3880 ludices
646 3820 781 3898 faciunt,
802 3821 980 3884 secundum
996 3821 1101 3904 legem
1113 3820 1317 3884 uniuscuius-

182 3926 245 3988 que
265 3910 510 3983 componantur.
907 3931 910 3936 ·

264 3982 387 4044 LVIII.
430 3987 471 4044 Ut
496 4005 607 4044 omnes
624 3983 727 4048 bonos
744 3995 776 4048 et
793 3984 930 4048 idoneos
946 3984 1177 4050 Vicedominos
1196 3991 1230 4046 et
1249 3979 1317 4048 Ad·

185 4076 314 4132 vocatos
334 4065 524 4126 habeantet
546 4065 682 4130 Iudices.

245 4145 353 4208 ¹LlX.
398 4149 439 4207 Ut
467 4148 555 4210 Missi
587 4149 699 4225 nostri,
726 4149 944 4231 undecunque
969 4169 1098 4210 necesse
1120 4145 1231 4223 fuerit,
1253 4155 1330 4228 taur⁴

183 4234 221 4294 dc
240 4229 370 4290 iustitiis
390 4229 609 4294 Ecclesiarum
630 4231 703 4310 Dei,
723 4231 905 4312 viduarum,
927 4231 1157 4321 orphanorum,
1178 4227 1320 4320 pupillo-
