2952 4988
328 331 364 387 A.
385 328 474 390 eun.
525 389 527 392 Α
580 329 718 389 REGUM
736 327 972 390 FRANCORUM
1077 335 1140 397 807.
1227 319 1303 396 229

162 473 244 543 duos
267 493 395 536 mansos
407 471 527 534 habere
542 470 693 551 videtur,
715 493 800 534 unus
818 472 918 534 alium
932 491 1123 556 praeparare
1140 475 1255 550 faciam
1273 487 1307 540 et

162 558 222 640 qui
239 555 357 618 melius
371 578 411 618 ex
422 555 500 638 ipsis
518 555 679 638 potuerit,
701 557 736 616 in
756 556 882 618 hostem
901 555 1021 616 veniat.
1048 553 1091 617 Et
1109 557 1165 624 uhi
1180 560 1308 622 inventi
1327 573 1330 580 '

158 639 289 702 luerint
310 639 375 700 duo
391 659 531 720 quorum
546 659 631 699 unus
646 637 764 700 haheat
777 638 859 699 duos
872 659 1018 716 mansos,
1041 649 1075 699 et
1091 640 1175 703 alter
1190 642 1310 704 haheat

162 745 267 784 unum
283 742 452 800 mansum,
474 720 626 782 similiter
643 742 677 782 se
701 721 823 782 sociare
847 721 989 798 faciant,
1012 731 1044 782 et
1065 745 1149 784 nnus
1169 725 1310 786 alterum

75 825 78 836 ’
160 813 351 890 praeparet3
385 803 496 886 etqui
524 801 641 863 meli-ias
661 803 825 886 potuerit,
854 803 887 862 in
915 803 1042 865 hostem
1063 805 1181 866 veniat.
1225 808 1307 868 Ubi-

162 909 295 970 cunque
318 895 427 948 autem
442 896 507 947 tres
522 885 649 946 fuerint
671 885 797 947 inuenti
816 907 956 966 quorum
971 888 1198 970 unusquisque
1214 912 1307 950 man-

161 993 233 1033 sum
251 991 356 1030 unum
373 969 506 1045 habeat,
531 968 596 1028 duo
612 969 744 1028 tertium
757 989 950 1050 praeparare
964 969 1103 1040 faciant;
1128 993 1167 1032 ex
1187 971 1306 1054 quihus

161 1053 220 1136 qui
240 1052 358 1114 melius
376 1059 502 1134 potest,
521 1051 565 1109 ¹in
587 1049 714 1114 hostem
736 1051 855 1112 veniat.
897 1051 953 1111 Illi
973 1052 1052 1114 vero
1072 1053 1129 1134 qui
1154 1053 1307 1117 dimidios

161 1157 288 1198 mansos
307 1133 449 1210 hahent,
478 1131 626 1214 quinque
648 1142 776 1194 sextum
796 1155 988 1216 praeparare
1010 1135 1140 1195 faciant.
1183 1137 1230 1196 Et.
1247 1138 1306 1220 qui

162 1218 209 1282 sic
223 1237 348 1314 pauper
363 1218 517 1278 inventus
530 1215 705 1298 lucritxqui
721 1237 781 1277 nec
798 1215 959 1298 mancipia
979 1237 1040 1276 nec
1058 1219 1222 1302 propriam
1235 1243 1307 1304 pos·

162 1321 341 1362 sessionem
358 1309 518 1360 terrarum
545 1297 681 1375 haheat,
702 1307 809 1360 tamen
834 1297 869 1359 in
885 1297 991 1381 pretio
1010 1300 1140 1362 valente
1156 1301 1304 1384 quinque

161 1383 299 1459 solidos,
331 1382 479 1466 quinque
502 1390 628 1442 sextum
649 1390 865 1464 praeparent;
890 1390 928 1442 et
950 1381 1006 1441 uhi
1035 1381 1121 1459 duo,
1151 1384 1305 1462 tertium,

162 1467 203 1528 de
221 1465 288 1526 illis
309 1465 366 1547 qui
387 1465 538 1547 parvulas
566 1463 784 1545 possessiones
812 1463 851 1524 de
875 1472 961 1524 terra
990 1463 1109 1526 hahere
1139 1466 1304 1542 videntur.

161 1549 211 1610 Et*
229 1547 407 1630 unicuique
430 1569 470 1608 ex
492 1546 568 1629 ipsis
588 1545 646 1628 qui
670 1546 703 1604 in
729 1545 821 1606 hoste
844 1555 1003 1628 pergunt,
1025 1547 1104 1607 fiant
1128 1547 1305 1610 coniectati

161 1630 264 1691 solidi
287 1631 433 1713 quinque
455 1631 473 1690 al
494 1627 721 1710 suprascriptis
740 1629 990 1710 pauperioribus
1010 1629 1067 1711 qui
1088 1631 1303 1715 nullam'pos-

162 1711 336 1774 sessionem
350 1711 470 1774 habere
488 1711 644 1772 videntur
656 1711 802 1770 interra.
831 1711 875 1772 Et
886 1733 945 1796 pro
962 1711 1023 1774 hae
1041 1713 1302 1776 consideratione

162 1795 275 1856 nullus
292 1817 387 1856 suum
408 1793 579 1856 Seniorem
600 1793 751 1853 dimittat.

244 1928 303 1987 III.
348 1928 469 1996 Omnes
490 1925 600 2007 itaque
622 1923 734 1994 fideles
757 1926 858 1994 nostri
877 1919 1065 2008 (laphanai,¹
1095 1949 1168 1996 curn
1190 1947 1303 1990 eorum

159 2010 345 2080 hominibus
365 2017 398 2080 et
421 2029 533 2084 carra,
565 2006 633 2077 siue
661 2008 774 2084 dona,¹
795 2009 955 2090 quantuni
972 2007 1090 2080 melius
1110 2031 1301 2091 praeparare

158 2093 349 2177 potuerint,
372 2091 412 2151 ad
434 2090 622 2152 condictum
647 2090 803 2172 placitum
829 2090 972 2152 veniant.
1014 2091 1056 2150 Et
1076 2091 1302 2174 unusquisque

159 2177 332 2238 Missorum
351 2183 535 2239 nostrorum
552 2195 611 2254 per
632 2173 759 2254 singula
776 2173 955 2235 ministeria
974 2173 1180 2234 considerare
1205 2175 1304 2236 faciat

159 2282 262 2320 unum
285 2259 325 2318 de
343 2255 497 2319 Vassallis
524 2255 663 2331 nostris,
687 2264 718 2315 et
739 2255 919 2338 praecipiat
942 2255 981 2316 (le
1005 2255 1106 2328 uerho
1132 2267 1242 2324 nestro
1265 2264 1303 2316 ut

160 2365 235 2404 cum
253 2341 311 2400 illa
329 2339 454 2400 minore
472 2359 571 2397 manu
584 2347 616 2398 et
630 2359 720 2398 carra
734 2338 773 2398 de
788 2337 925 2420 singulis
941 2338 1144 2399 comitatibus
1157 2339 1302 2416 veniant,

161 2435 261 2500 eteos
299 2433 346 2484 ost
360 2444 417 2482 nos
432 2420 565 2504 pacifice
587 2420 747 2497 adducat,
771 2421 816 2494 ita
834 2431 871 2484 ut
887 2420 971 2488 nihil
983 2419 1301 2498 exinde-remaneat,

161 2517 194 2567 ct
217 2447 380 2576 mellente
405 2525 514 2564 mense
543 2503 687 2584 Augusto
716 2502 757 2562 ad
784 2501 936 2564 Rhenum
962 2502 1036 2564 sint.
1077 2503 1163 2564 Haec
1192 2514 1302 2564 autem

161 2588 335 2649 constituta
350 2587 500 2646 volumus
519 2595 554 2644 ut
578 2587 751 2660 observent
771 2605 881 2664 ornnes
898 2585 1115 2666 generaliter,
1137 2586 1302 2672 praesenti

162 2693 265 2748 anno,
284 2669 340 2752 qui
357 2670 442 2728 ultra
456 2671 636 2749 Sequanam
657 2690 861 2730 commanere
880 2669 1042 2730 videntur.
1123 2667 1127 2676 '
1155 2672 1157 2678 ’
1337 2673 1341 2684 “

243 2801 300 2865 IV.
344 2801 503 2864 Volumus
525 2807 623 2880 atquc
646 2799 793 2860 iuhemus
812 2808 848 2859 ut
865 2799 1007 2868 Comites
1027 2800 1130 2861 nostri
1139 2809 1303 2885 ,propter

161 2885 370 2948 uenationem
393 2891 425 2944 et
446 2882 508 2942 alia
533 2881 624 2958 ioca,
651 2881 771 2962 placita
797 2901 865 2942 sua·
881 2905 947 2954 non
972 2882 1134 2948 dimittant
1149 2929 1167 2961 ‚,
1181 2905 1241 2948 nec
1264 2905 1304 2945 ea

161 2967 286 3032 minuta
304 2965 425 3026 faciant
432 2990 440 3035 ;
465 2964 519 3032 sed
535 2963 575 3024 ad
594 2965 780 3045 exemplum
797 2965 885 3045 quod
903 2987 960 3026 nos
979 2965 1132 3027 cumillis
1148 2966 1303 3048 placitare

162 3053 321 3126 solemus,
345 3047 391 3109 sic
416 3057 448 3122 et
475 3045 625 3106 illi-cum
649 3047 714 3107 suis
738 3046 891 3108 subiectis
915 3047 1092 3130 placitent,
1115 3045 1304 3112 etiustitias

160 3134 311 3203 saciant3.
325 3141 358 3192 et
376 3130 416 3192 de
442 3129 579 3211 singulis
599 3129 749 3210 capitulis
768 3151 852 3210 quae
868 3129 914 3190 eis
932 3129 1149 3212 praecipimus
1169 3153 1229 3212 per
1251 3154 1303 3193 se-

108 3205 110 3214 i
161 3217 313 3300 metipsos
338 3212 544 3280 considerare
566 3213 730 3283 studeant;
754 3220 789 3272 ut
806 3211 889 3271 nihil
906 3213 1184 3294 praetermittatur
1196 3215 1243 3278 ah.
1257 3213 1304 3274 eis

161 3322 246 3382 quae
271 3300 325 3360 vel
351 3297 436 3360 iufra
454 3295 590 3380 patriam
614 3295 666 3356 vel
689 3295 774 3356 foras
794 3295 931 3378 patriam
952 3295 985 3354 in
1001 3294 1097 3370 hoste,
1114 3297 1304 3367 faciendum

160 3403 373 3465 iniungimus.

243 3497 285 3559 V.
328 3497 363 3558 si
387 3495 532 3576 partibus
547 3494 720 3580 Hispaniae
742 3495 810 3557 sive
836 3495 1006 3558 Avaratiae
1031 3493 1182 3563 solatium
1202 3494 1305 3562 fuerit

151 3581 295 3653 'necesse
313 3579 509 3662 praebendi,
534 3587 615 3640 tunc
641 3577 681 3637 de
700 3578 881 3640 saxonibus
897 3579 1045 3661 quinque
1064 3587 1199 3650 sextum,
1211 3598 1305 3660 prae-

162 3685 275 3748 parare
295 3662 425 3720 saciant.
467 3663 509 3721 Et
532 3660 558 3722 si
578 3659 722 3742 partibus
743 3661 878 3722 Beheim
891 3660 993 3722 fuerit
1010 3682 1141 3722 necesse
1156 3661 1307 3722 solatium

163 3750 274 3821 ferre,
298 3744 362 3803 duo
383 3742 515 3802 tertium
534 3752 740 3826 praeparent.
783 3744 818 3804 si
840 3744 924 3805 verb*
946 3743 1033 3804 circa
1054 3743 1183 3804 Sarabis
1204 3743 1308 3828 patria
1360 3807 1363 3812 ,

165 3825 342 3904 &claranda
360 3827 532 3890 necessitas
545 3825 662 3904 fuerit,
679 3835 759 3887 tunc
779 3848 890 3888 omncs
908 3823 1104 3908 generaliter
1121 3827 1265 3887 veniant.

247 3942 305 4014 VJ.
347 3943 395 4006 De
411 3941 608 4013 Fresonihus
623 3943 773 4018 volumus
795 3953 830 4002 ut
844 3943 987 4016 Gemites
1010 3952 1045 4004 et
1056 3941 1176 4009 Vasalli
1194 3942 1307 4019 nostri,

165 4027 222 4111 qui
236 4023 397 4100 beneficia
411 4023 531 4097 habere
547 4023 720 4102 ridentur,
737 4037 769 4086 et
785 4026 966 4104 caballarii,
985 4044 1096 4096 omnes
1111 4023 1308 4106 generaliter

165 4113 206 4172 ad
227 4107 385 4192 placitum
409 4116 555 4180 nostrum
579 4107 819 4183 uenianthene,
836 4109 1026 4194 praeparati.
1069 4108 1200 4190 Reliqui
1229 4107 1307 4168 verli

164 4191 393 4278 pauperiores,
413 4211 470 4258 sex
488 4189 663 4273 septimum
681 4192 1029 4274 praepararesaciant,
1053 4199 1085 4251 et
1106 4191 1152 4254 sie
1169 4191 1210 4260 ad
1229 4211 1309 4254 cou-

168 4279 291 4342 dictum
306 4273 464 4360 placitum
478 4274 561 4345 hene
581 4274 761 4363 praeparati
783 4275 945 4338 hostiliter
966 4273 1117 4343 ueniant„
