2928 4986
228 283 298 356 tlt
482 299 622 360 acan.
730 303 998 364 cararueaara
1101 307 1166 372 aar.

224 441 492 526 compositionem
508 441 633 504 solvere
644 485 656 514 ,
681 451 714 504 et
729 443 848 506 faidam
889 468 924 508 er
944 461 1183 514 sacramentum
1205 453 1384 533 pacificare

224 527 332 590 iaciat.
374 525 521 603 Quodsi
550 545 613 584 uua
642 545 715 606 pars
744 527 839 590 eiad
863 469 926 590 lioc
944 533 1131 596 consentire
1155 537 1334 616 noluerit,
1356 542 1383 600 id

223 621 288 688 est,
313 617 368 670 aut
386 607 443 670 ille
465 607 523 690 qui
549 607 764 670 homicidium
792 611 971 690 commisit,
995 624 1051 675 aut
1075 615 1102 676 is
1128 620 1189 700 qui
1214 625 1382 704 composi.
1428 663 1429 668 ,

223 695 346 756 tionem
366 690 530 772 suscipere
554 690 671 770 debet,
701 691 799 754 faciat
819 693 913 754 illum
931 695 1044 759 Comes
1062 698 1121 778 qui
1146 702 1177 762 ei
1200 713 1381 766 contumax

221 775 323 840 luerit
343 773 384 836 ad
400 773 614 858 praesentiam
631 783 775 836 nostrum
790 775 922 854 venire,
942 787 978 840 ut
989 802 1065 842 eum
1081 782 1122 844 ad
1143 793 1283 868 tempus
1295 789 1381 870 quod

221 859 315 922 nobis
333 855 495 942 placuerit
515 855 701 920 inexilium
719 859 753 930 i)
773 859 956 938 mittamus,
979 861 1084 924 donee
1107 865 1154 928 ihi
1174 869 1379 951 castigetur,

221 953 258 1005 ut
272 939 390 1006 Comiti
409 961 469 1002 suo
487 939 680 1002 inobediens
699 959 768 1002 esse
793 941 932 1006 ulterius
956 965 1022 1006 nou
1042 947 1186 1028 audeat,
1217 961 1254 1014 ct
1278 955 1379 1014 maius

221 1027 376 1090 damnum
396 1021 473 1084 inde
490 1043 556 1084 noo
571 1021 745 1084 adcrescat

535 1129 599 1192 Uti
613 1143 811 1192 sacramenta
826 1133 966 1196 iuranda
980 1135 1054 1195 sint.

300 1240 388 1302 xlv.
428 1237 491 1298 Ubi
513 1237 692 1320 antiquitus
710 1241 915 1302 consuetudo
936 1239 1000 1302 fuit
1018 1241 1058 1303 de
1081 1241 1241 1310 libertate
1266 1271 1375 1312 sacra.

218 1333 325 1388 menta
341 1320 523 1382 adhramire
537 1323 589 1382 rel
605 1321 731 1398 iurare,
748 1321 794 1381 ibi
811 1323 947 1384 mallum
962 1323 1137 1406 habeatur,
1151 1338 1185 1390 et
1199 1330 1248 1390 ibi
1264 1355 1373 1394 sacra-

218 1415 327 1470 menta
346 1405 497 1466 iurentur
520 1427 527 1464 ε
550 1403 667 1466 mallus
694 1411 800 1464 tamen
828 1426 935 1488 neque
965 1406 998 1466 iu
1024 1406 1174 1472 Ecclesia
1200 1434 1321 1498 neque
1342 1417 1372 1476 in

217 1489 300 1552 atrio
316 1485 387 1548 eius
402 1485 567 1548 habeatur.
589 1485 716 1547 Minora
732 1507 810 1548 vero
826 1489 944 1570 placita
957 1489 1070 1550 Comes
1084 1491 1156 1554 sire
1173 1495 1268 1556 intra
1284 1522 1371 1560 suam

215 1578 424 1657 potestatem,
442 1569 496 1632 uel
511 1568 566 1630 uhi
584 1569 756 1664 impetrare
770 1571 933 1652 potuerit,
951 1571 1076 1635 habeat.
1119 1577 1294 1642 Volumus
1310 1583 1369 1642 uti.
1428 1603 1429 1610 κ

214 1675 280 1740 que
304 1661 341 1712 ut
372 1653 485 1714 domus
511 1651 528 1712 d
556 1653 681 1712 Comate
704 1650 736 1710 in
762 1652 834 1714 loco
858 1653 914 1714 uhi
938 1655 1071 1716 mallum
1099 1666 1217 1720 tenere
1248 1662 1366 1740 debet,

215 1744 438 1812 construatur,
463 1743 499 1794 ut
517 1743 651 1819 propter
668 1733 810 1796 calorem
830 1736 907 1798 solis
927 1745 960 1800 et
981 1737 1126 1822 pluriam
1142 1743 1287 1825 publica
1308 1749 1368 1808 uti.

220 1821 292 1882 litas
310 1839 375 1878 nou
394 1825 568 1878 remaneat.

448 1928 507 1990 De
525 1926 573 1986 lais
594 1927 649 2009 qai
670 1923 710 1986 de
723 1925 820 2009 furto
837 1927 977 1988 accusati
988 1924 1127 2008 saer-im.

296 2035 368 2100 XV.
413 2031 446 2096 Si
466 2031 551 2094 liher
563 2031 660 2096 homo
678 2035 718 2096 de
738 2036 827 2098 furto
844 2043 1009 2097 accusatus
1028 2035 1149 2116 fuerit,
1173 2046 1206 2098 et
1221 2061 1279 2104 res
1294 2067 1366 2127 pro-

212 2117 299 2202 prias
313 2115 485 2192 habuerit,
510 2116 543 2176 in
563 2117 660 2178 mallo
678 2117 719 2178 ad
735 2119 949 2201 praesentiam
968 2118 1101 2180 Comitis
1118 2141 1152 2182 se
1167 2122 1362 2188 adhramiat.

211 2201 297 2264 Etsi
318 2221 449 2262 resnou
470 2199 588 2276 habet,
610 2199 933 2266 fideiussoresdonet
952 2201 1009 2284 qui
1029 2223 1104 2263 eum
1119 2203 1313 2270 adhramire
1335 2221 1364 2272 et

213 2285 247 2345 iu
268 2283 426 2368 placitum
442 2281 559 2344 adduci
574 2283 704 2344 saciant.
747 2285 789 2344 Et
803 2283 901 2344 liceat
921 2283 952 2345 ei
972 2284 1023 2366 pri
1031 2285 1076 2344 ud
1094 2285 1167 2348 vice
1180 2309 1245 2369 per
1258 2313 1362 2352 sacra-

211 2377 359 2430 mentum
380 2385 414 2428 se
435 2363 615 2426 secundum
637 2365 744 2448 legem
774 2366 947 2444 idoneare,
974 2367 1001 2426 si
1022 2369 1176 2450 potuerit.
1221 2371 1267 2433 At
1284 2376 1325 2448 a)
1336 2377 1359 2437 si

212 2449 274 2512 alial
299 2448 369 2512 rice
398 2447 463 2510 duo
491 2447 630 2510 veltres
654 2468 729 2508 eum
751 2447 792 2509 de
820 2449 909 2509 furto
934 2450 1178 2530 accusaverint,
1203 2455 1308 2517 liceat
1329 2459 1357 2520 ei
1426 2459 1428 2542 l

211 2541 325 2596 contra
345 2552 448 2592 unum
466 2551 507 2592 ex
526 2529 578 2592 his
595 2551 670 2590 cum
690 2539 781 2594 scuto
807 2539 840 2592 et
852 2533 936 2594 fuste
957 2533 990 2592 in
1012 2554 1123 2616 campo
1142 2539 1358 2601 contendere.

210 2615 309 2696 Quod
330 2613 356 2676 si
375 2633 488 2676 servus
508 2611 548 2676 de
565 2614 653 2676 furto
669 2621 837 2692 accusatus
853 2613 969 2693 fuerit,
986 2615 1136 2677 dominus
1151 2618 1221 2680 ciras
1240 2643 1303 2703 pro
1320 2645 1356 2683 eo

211 2697 386 2774 emendet,
411 2703 559 2758 anteum
582 2707 782 2758 sacramento
802 2707 951 2774 excuset,
975 2697 1036 2759 nisi
1051 2699 1114 2759 tale
1131 2702 1259 2762 furtum
1276 2727 1355 2788 per-

390 2869 396 2884 ’
442 2885 492 2946 De
513 2881 657 2970 dispectu
675 2887 854 2947 litterarum
870 2885 1111 2948 dominicarum.

208 2789 371 2866 petratum
385 2777 501 2840 habeat
517 2788 650 2864 propter
667 2779 757 2864 quod
770 2777 809 2840 ad
825 2779 1022 2862 supplicium
1034 2781 1117 2842 tradi
1132 2782 1260 2848 debeat.

292 2993 381 3058 XVI.
422 2991 457 3054 si
478 2995 550 3074 quis
572 2993 695 3054 litteras
716 3000 840 3053 nostras
858 2992 1053 3076 dispexerit,
1085 2995 1201 3075 idest,
1227 3008 1354 3064 tracto·

207 3077 289 3138 riam
316 3095 399 3158 quae
422 3085 556 3158 propter
576 3075 689 3138 Missos
709 3074 916 3157 recipiendos
936 3075 1107 3159 dirigitur,
1130 3091 1188 3140 aut
1209 3081 1352 3146 honores

207 3181 290 3242 quos
307 3158 405 3220 hahet
426 3159 566 3236 amittat,
591 3157 695 3218 autin
719 3178 758 3219 eo
777 3160 851 3220 loeo
877 3157 933 3219 ubi
950 3160 1130 3242 praedictos
1145 3165 1261 3226 Missos
1279 3189 1351 3228 sus-

209 3246 318 3324 cipere
336 3240 467 3322 debuit,
484 3240 608 3302 nmdia
620 3240 762 3302 resideat
779 3240 865 3302 etde
881 3241 946 3303 suis
960 3242 1057 3302 rebus
1070 3243 1251 3326 legationes
1269 3248 1350 3310 illuc

205 3323 378 3388 venientes
394 3323 565 3408 suscipiat,
579 3323 749 3406 quousque
763 3322 871 3384 auimo
887 3333 996 3385 nostro
1009 3325 1211 3388 satisfactum·
1221 3329 1350 3392 habeat.

207 3407 274 3488 Qui
295 3427 373 3469 vero
387 3407 556 3490 epistolam
570 3415 711 3467 nostram
724 3427 923 3490 quoeunque
938 3407 1034 3486 modo
1049 3407 1244 3491 dispexerit,
1258 3413 1350 3476 iussu

205 3499 317 3552 nostm
336 3490 378 3550 ad
396 3489 554 3572 palatium
573 3489 704 3566 veniat,
730 3497 762 3550 et
780 3489 870 3550 iuxta
887 3490 1089 3551 voluntatem
1108 3503 1251 3554 nostram
1268 3517 1349 3556 con-

205 3595 319 3656 gruam
333 3572 491 3634 stultitiae
511 3593 587 3634 suae
602 3570 844 3652 castigationem
861 3571 1006 3654 accipiat.
1048 3573 1090 3632 Et
1105 3575 1132 3636 si
1149 3575 1247 3637 homo
1265 3578 1350 3640 liher
1426 3587 1427 3626 ἒ

207 3656 260 3717 rel
277 3655 500 3717 ministerialis
521 3653 657 3716 Comitis
683 3655 745 3714 hoc
763 3653 899 3731 lecerit,
922 3655 1101 3734 honorem,
1128 3660 1350 3740 qualemcun-

204 3759 270 3820 que
296 3738 465 3816 habuerit,
488 3737 557 3800 sive
582 3735 779 3798 heneficium
800 3736 934 3798 amittat.
976 3738 1019 3798 Et
1040 3737 1067 3798 si
1091 3761 1206 3804 servus
1226 3743 1349 3823 fuerit,

206 3821 314 3884 nudus
334 3821 375 3882 ad
391 3821 502 3904 palum
519 3819 672 3904 vapulet,
695 3828 727 3880 et
745 3827 843 3900 caput
858 3819 928 3882 eius
942 3819 1127 3882 tondeatur.

408 3932 469 3992 De
489 3929 615 3990 iniustis
638 3927 770 3989 teloneis
797 3937 827 3985 et
850 3924 1138 3987 consuetudinibus.

286 4035 395 4100 XVII.
437 4037 480 4096 Ut
509 4034 564 4096 ubi
593 4043 737 4116 tempore
768 4031 820 4094 ari
841 4031 943 4092 nostri
966 4031 1085 4092 Domni
1105 4033 1240 4118 Pippini
1265 4059 1348 4100 con-

202 4119 342 4182 suetudo
362 4118 424 4179 suit
448 4117 616 4180 teloneum
641 4117 738 4194 dare,
767 4114 813 4174 ihi
839 4124 871 4176 et
892 4115 925 4174 in
953 4115 1100 4175 futurum
1130 4118 1228 4180 detur
1238 4145 1247 4191 ;
1273 4143 1348 4183 raam

200 4287 213 4338 ‚t
240 4277 272 4338 r')
290 4274 324 4327 al.
340 4291 403 4330 mss.
419 4275 520 4326 exilio.
861 4271 900 4327 lt)
917 4271 950 4325 sl.
971 4289 1016 4325 ans.
1036 4276 1105 4338 Aa,
1123 4273 1173 4328 'Eu
