2952 4988
190 283 266 362 246
423 305 457 362 s.
478 305 566 364 cas.
669 305 925 368 csrnmsnn
1031 313 1093 371 sn.

190 443 290 528 magis
310 443 394 506 liunt
409 443 635 509 inobedientes
651 445 711 532 ipsi
729 471 884 535 pagenses
903 449 1021 513 Comiti
1041 459 1074 514 et
1090 449 1196 515 Missis
1216 449 1336 514 decur⁴

191 527 358 605 rentibus,
372 547 469 610 quam
482 528 576 590 anteri
591 529 738 594 fuissent

272 611 329 672 lx.
370 613 420 672 De
446 611 511 674 illis
535 611 722 677 hominibus
752 613 811 696 qui
839 623 988 697 parentes
1016 635 1147 694 eorum,
1173 622 1332 694 matrem,

191 701 249 756 aut
262 700 485 772 materteram,
506 701 562 755 aut
582 697 782 778 patruelem,
805 704 861 758 aut
877 696 1059 780 quemlihet
1080 697 1120 759 de
1136 719 1194 758 sua
1209 719 1333 780 genea-

191 775 278 873 logia
291 776 447 838 occidunt
465 783 502 837 ut
521 795 582 860 per
602 777 677 840 illos
698 799 764 840 non
789 777 868 840 bant
891 779 1078 864 conquisiti.
1119 781 1204 842 Sunt
1220 789 1254 841 et
1274 779 1333 842 alii

215 879 250 920 us
279 859 320 922 de
346 859 415 941 ipsa
439 858 629 942 genealogia
652 880 717 922 non
749 860 871 923 debent
893 881 962 925 esse
989 861 1162 942 inclinati,
1188 869 1332 928 attamen

190 879 275 1004 dunt
293 949 429 1029 propter
453 940 543 1003 illam
565 941 768 1005 occasionem
784 943 944 1006 inclinati.

572 1117 951 1182 BREVIARIUM

160 1305 165 1316 ,
191 1227 409 1304 Diviisonis
441 1227 703 1302 thesaurorum
727 1230 867 1302 Karoli
890 1227 1031 1320 Magni
1054 1231 1329 1327 Imperatoris,

324 1351 438 1424 ᾳιιαιιι
451 1341 540 1424 post
566 1327 706 1402 obitum
727 1348 848 1402 aanor
859 1325 1054 1401 observari
1077 1333 1198 1404 iussit.

192 1397 240 1517 ln
258 1455 388 1518 nomine
402 1457 533 1520 Domini
554 1458 616 1521 Dei
630 1457 864 1542 omnipotentis
876 1457 998 1535 Patris,
1017 1457 1114 1539 Filii,
1134 1470 1168 1522 et
1186 1459 1330 1544 Spiritds

192 1539 313 1603 Sancti.
354 1539 475 1626 Incipit
490 1541 664 1626 descriptio
676 1549 772 1626 atque
788 1540 905 1604 divisio
919 1543 1101 1624 quaefacta
1119 1545 1198 1606 esti
1211 1543 1331 1626 glorio·

191 1621 316 1685 sissimo
345 1631 441 1703 atque
463 1623 607 1710 piissimo
632 1627 762 1686 Domno
783 1623 922 1700 Karolo‚
943 1623 1139 1708 Imperatore
1164 1625 1329 1708 Angusto,

193 1723 280 1765 anno
307 1701 348 1766 ab
377 1705 598 1770 incarnatione
619 1706 752 1768 Domini
779 1705 881 1768 nostri
904 1705 979 1768 lesu
1002 1706 1123 1768 Christi
1144 1709 1328 1786 DCCCXI,

193 1807 281 1848 anno
301 1787 381 1850 verb
397 1789 490 1871 regni
509 1789 579 1852 eius
593 1790 626 1850 in
646 1789 786 1850 Francia
805 1787 931 1866 XLlll,
949 1797 983 1850 et
1001 1787 1036 1850 in
1054 1789 1149 1850 ltalia
1168 1790 1328 1868 XXXVl,

193 1869 322 1954 imperii
347 1880 456 1932 autem
478 1871 544 1950 Xl,
573 1871 758 1934 indictione
781 1892 844 1954 qua
904 1894 912 1941 ;
939 1891 1037 1954 qnam
1055 1872 1109 1956 piri
1124 1881 1158 1934 et
1171 1871 1329 1956 prudenti

192 1949 451 2016 consideratione
465 1953 572 2018 facere
586 1953 750 2032 decrevit,
772 1963 805 2016 et
820 1953 871 2015 Do
907 1952 962 2014 ino
983 1963 1150 2016 annuente
1171 1954 1326 2038 perfecit,

193 2035 233 2096 de
250 2035 408 2098 thesauris
423 2035 489 2098 suis
501 2045 597 2120 atque
616 2037 756 2120 pecunia
775 2035 905 2118 quaein
919 2034 978 2096 illa
994 2036 1047 2098 die
1065 2037 1099 2097 in
1116 2059 1241 2100 camera
1256 2035 1328 2098 eius

193 2117 326 2180 inventa
343 2127 399 2182 est.
441 2119 478 2180 ln
495 2139 561 2202 qna
575 2117 658 2182 illud
670 2118 845 2204 praecipue
860 2139 1052 2202 praecavere
1066 2119 1187 2200 voluit,
1209 2130 1328 2181 utnon

192 2201 299 2262 solbm
326 2201 606 2287 elcemosynarum
631 2199 784 2286 largitio,
808 2221 893 2284 quae
913 2201 1104 2264 solemniter
1126 2203 1213 2286 apud
1229 2201 1328 2264 Chri-

192 2283 312 2346 stianos
328 2284 368 2345 de
388 2283 641 2366 possessionibus
661 2305 774 2346 eorum
794 2283 919 2366 agitur,
941 2305 1001 2368 pro
1017 2305 1051 2346 se
1066 2285 1197 2368 quoqne
1212 2287 1252 2347 de
1271 2305 1331 2346 sua

192 2366 332 2452 pecunia
343 2367 458 2429 ordine
468 2377 564 2450 atque
579 2367 704 2430 ratione
716 2363 943 2453 perficeretur,
959 2365 1016 2428 sed
1032 2365 1127 2428 etiarn
1140 2378 1177 2429 ut
1191 2365 1331 2428 heredes

193 2447 264 2526 sui,
292 2449 381 2510 omui
403 2449 611 2534 ambiguitate
638 2451 782 2526 remutet,
805 2449 886 2531 quid
903 2449 992 2510 adse
1009 2449 1173 2532 pertinere
1195 2449 1330 2511 deberet

193 2529 322 2614 liquidi)
344 2543 578 2615 cognoscerent
590 2579 599 2612 ,
613 2541 646 2595 et
658 2532 729 2594 sine
748 2532 805 2594 lite
827 2539 925 2613 atque
942 2531 1152 2593 contentione
1171 2553 1228 2594 sua
1241 2531 1330 2590 inter

193 2635 227 2676 se
241 2615 437 2696 competenti
450 2615 623 2698 partitione
638 2614 783 2678 dividere
797 2615 986 2696 potuissent.
1027 2615 1094 2675 Halo
1111 2613 1211 2696 igitur
1223 2614 1330 2674 inten-

194 2695 283 2757 tione
301 2705 398 2778 atque
416 2697 582 2780 proposito
600 2719 729 2760 omnem
749 2697 959 2759 substantiam
977 2705 1073 2780 atque
1088 2695 1331 2780 supellectilem

194 2801 301 2858 snam,
325 2801 408 2860 quae
431 2779 465 2840 in
479 2801 559 2842 auro
575 2791 609 2843 et
623 2789 757 2863 argento
779 2779 978 2863 gemmisque
995 2788 1028 2840 et
1044 2788 1160 2840 ornatu
1179 2778 1269 2862 regio
1294 2777 1328 2836 in

194 2861 251 2922 illa
265 2907 274 2940 ,
290 2870 326 2923 nt
339 2861 461 2924 dictum
477 2871 543 2942 est,
562 2863 616 2926 die
631 2861 665 2922 in
680 2883 806 2925 camera
823 2861 893 2926 eius
906 2859 1048 2924 inveniri
1061 2869 1205 2944 poterat,
1223 2859 1329 2943 primb

219 2943 329 3006 uidem
341 2943 425 3006 trinil
445 2943 605 3007 divisione
622 2943 759 3028 partitus
772 2951 834 3014 est;
858 2943 977 3007 deinde
993 2943 1121 3016 easdem
1134 2953 1240 3026 partes
1256 2940 1330 3004 suh-

194 2965 391 3104 dividendo,
413 3027 453 3088 de
473 3027 597 3090 duabus
617 3025 759 3110 partibus
782 3026 898 3110 viginti
921 3035 954 3088 et
979 3046 1078 3086 unam
1099 3034 1224 3110 partem
1238 3023 1328 3107 lecit,

194 3109 322 3172 tertiam
344 3109 502 3194 integram
527 3109 714 3172 reservavit.
754 3111 796 3170 Et
822 3110 958 3170 duarum
979 3107 1113 3190 quidem
1130 3108 1272 3191 partium
1293 3107 1327 3167 in

196 3191 313 3274 viginti
334 3201 367 3253 et
390 3213 487 3253 unam
506 3201 632 3276 partem
650 3193 733 3256 facta
749 3189 865 3254 divisio
884 3191 941 3252 tali
958 3191 1083 3252 ratione
1104 3191 1269 3269 consistit,
1291 3198 1329 3252 ut

195 3273 273 3358 quia
292 3274 324 3334 in
340 3293 441 3358 regno
460 3275 550 3337 illius
564 3273 830 3358 metropolitanae
847 3273 991 3336 civitates
1004 3273 1118 3356 viginti
1132 3279 1166 3336 et
1182 3296 1245 3334 una
1260 3293 1328 3335 esse

195 3365 376 3420 noscuntur
391 3402 400 3435 ,
432 3377 647 3441 unaquaeque
675 3357 804 3418 illarum
832 3357 973 3442 partium
997 3353 1038 3417 ad
1065 3377 1328 3438 unamquamque

179 3481 181 3488 =
194 3439 399 3522 metropolim
414 3461 474 3524 per
488 3463 601 3502 manus
616 3439 774 3502 heredum
791 3449 825 3502 et
844 3440 1021 3501 amicorum
1036 3461 1169 3500 suorum
1185 3438 1328 3500 eleemo-

194 3547 208 3587 s
233 3543 292 3584 nae
316 3523 446 3584 nomine
463 3523 646 3607 perveniat,
662 3531 695 3584 et
713 3522 984 3606 Archiepisoopus
997 3520 1055 3605 qui
1071 3531 1149 3582 tunc
1164 3519 1327 3582 illiusEc·

194 3547 311 3670 eiesiae
327 3616 435 3668 rector
448 3605 624 3684 extsiterit,
650 3613 774 3688 partem
789 3627 873 3689 quae
895 3607 936 3668 ud
956 3626 1047 3666 suam
1060 3603 1242 3667 Ecclesiam
1256 3604 1329 3665 data

193 3697 242 3752 est
254 3683 452 3772 suscipiens,
465 3710 539 3750 cum
552 3688 618 3750 suis
632 3687 840 3772 suffraganeis
851 3689 1028 3772 partiatur,
1045 3709 1084 3748 eo
1096 3687 1223 3750 scilicet
1232 3685 1329 3748 modo

186 3779 231 3834 'nt
245 3769 339 3832 tertia
361 3793 433 3853 pars
452 3791 528 3833 suae
542 3770 583 3834 sit
596 3770 782 3849 Ecclesiae,
802 3771 884 3834 duae
900 3769 977 3834 rerb
991 3777 1097 3852 partes
1114 3770 1203 3832 inter
1214 3767 1328 3831 suffra-

191 3875 312 3940 ganeos
325 3853 521 3916 dividantur.
562 3855 684 3915 Harum
697 3853 907 3931 divisionum,
921 3873 1005 3936 quae
1021 3873 1061 3914 ex
1075 3851 1200 3914 duahns
1216 3849 1329 3934 primis

191 3935 335 4022 partibus
353 3938 454 3998 sactae
474 3945 567 4015 sunt,
591 3945 624 3998 et
641 3935 735 3998 iuxta
747 3936 1023 4020 metropoleorum
1036 3935 1203 3996 civitatum
1217 3953 1331 3994 nume·

192 4041 266 4083 rum
286 4017 401 4101 viginti
419 4029 451 4081 et
469 4043 533 4082 arna
551 4041 619 4082 esse
639 4027 837 4096 noscuntur,
859 4039 1073 4104 unaquaeque
1088 4018 1128 4080 ab
1150 4017 1252 4078 altera
1274 4037 1328 4078 se·

192 4111 376 4186 questurus,
405 4103 550 4164 semotim
577 4103 611 4162 in
640 4123 699 4164 suo
729 4101 923 4188 repositorio
948 4123 1023 4164 cum
1053 4097 1327 4184 superscriptione

194 4184 333 4246 civitatis
347 4184 388 4245 ad
402 4207 498 4268 quarn
512 4183 706 4269 perferenda
723 4193 789 4264 est,
804 4183 974 4248 recondita
989 4182 1081 4246 iacet.
1098 4185 1235 4264 Nomina
1249 4201 1327 4242 vero

192 4267 465 4349 metropoleorum
474 4268 515 4330 ad
527 4290 606 4352 quas
618 4267 731 4332 eadem
743 4269 948 4352 eleemosyna
959 4267 1027 4335 sire
1037 4265 1164 4352 largitio
1176 4264 1327 4330 iacienda
