2958 4986
297 375 440 435 acea.
543 375 936 435 naouurnsucoauu
1041 371 1104 434 sce.
1216 348 1287 424 139

147 517 220 582 dies
244 515 320 579 dare
340 518 439 580 faciat
461 516 500 579 de
522 539 596 581 cera
618 517 805 597 libras‘lll,
830 518 869 582 de
896 525 1015 601 sapone
1037 511 1176 580 sextaria
1198 513 1289 588 11111,

147 611 182 664 et
207 622 308 684 super
323 601 387 662 boc
405 601 446 662 ad
464 601 671 664 festivitatem
686 601 789 664 sancti
810 601 978 678 Andreae,
1006 596 1195 676 ubicunque
1215 615 1289 656 cum

146 683 274 747 familia
294 693 403 744 nostra
419 683 590 761 fuerimus,
602 747 604 752 ,
616 685 702 746 darre·
715 685 841 747 studeat
858 685 897 748 de
914 703 988 746 cera
1004 679 1102 742 libras
1114 681 1183 756 VI,
1201 678 1291 741 'simi-

136 767 228 848 liter
243 765 407 828 mediante
421 767 673 850 quadragesima.
727 761 728 764 ¹

232 848 304 912 LX.
347 849 561 931 Nequaquam
592 852 633 912 de
665 849 903 933 potentioribus
934 847 1122 911 hominibus
1151 842 1291 907 maiores

149 933 240 1012 fiant,
266 928 325 994 sed
342 933 381 994 de
397 933 616 996 mediocribus
634 929 692 1016 qui
715 933 827 994 fideles
850 934 924 994 sint.

233 1013 322 1078 LXI.
357 1018 399 1076 Ut
424 1016 651 1099 unusquisque
673 1017 778 1079 iudex·
796 1016 928 1096 quaudo
949 1015 1099 1080 servierit
1121 1033 1198 1074 suos
1217 1009 1290 1072 bra-

151 1098 219 1162 cios
238 1098 455 1182 adpalatium
474 1099 593 1161 ducere
608 1100 717 1178 faciat,
750 1108 783 1161 et
799 1099 893 1160 simul
912 1100 1047 1162 veniant
1065 1094 1207 1180 magistri
1231 1093 1289 1178 qui

152 1182 310 1245 cervisam
330 1183 449 1244 bonam
472 1181 593 1244 ibidem
619 1187 726 1244 facere
747 1181 896 1244 debeant.

235 1263 343 1327 an.
385 1268 428 1328 Ut
448 1266 676 1350 unusquisque
690 1265 790 1327 iudex
806 1287 867 1350 per
881 1265 1027 1351 singulos
1045 1284 1147 1326 annos
1163 1281 1204 1324 ex
1221 1247 1291 1324 dm-

151 1348 188 1410 ui
205 1346 473 1411 conlaboratione
496 1359 615 1428 nostra,
641 1371 738 1431 quam
757 1371 831 1412 cum
851 1350 959 1412 bubus
975 1369 1058 1434 quos
1072 1344 1208 1410 bubulci
1229 1365 1292 1406 no·

151 1431 368 1510 striservaut,
390 1431 525 1514 quidde
546 1434 664 1496 mansis
683 1433 739 1514 qui
757 1431 988 1505 araridebent‚
1031 1431 1089 1493 uid
1107 1431 1147 1493 de
1171 1425 1292 1510 sogali·
1346 1431 1348 1435 '

150 1515 224 1592 bus,
246 1513 379 1596 quidde
397 1514 513 1593 censis,
535 1515 670 1596 quidde
693 1517 755 1580 fide
769 1517 855 1577 facta
867 1524 915 1596 y)
935 1515 989 1578 vel
1007 1453 1117 1592 dreda,
1147 1510 1289 1596 quidde

149 1597 365 1661 feraminibus
393 1598 428 1659 in
451 1597 580 1660 forestis
604 1599 722 1661 nostris
749 1599 818 1662 sine
848 1609 958 1661 nostro
989 1597 1145 1681 permisso
1177 1592 1291 1676 captis,

150 1679 233 1764 qnid
253 1679 301 1742 'de
326 1679 463 1743 diversis
485 1682 783 1764 conpositionibus,
807 1681 888 1764 quid
909 1683 949 1743 de
969 1680 1118 1755 molinis,
1143 1677 1226 1760 quid
1249 1676 1291 1738 de

148 1762 334 1843 forestibus,
352 1765 434 1847 quid
450 1764 489 1824 de
505 1766 636 1848 campis,
655 1766 735 1848 quid
749 1765 789 1828 de
804 1765 957 1848 pontibus
974 1766 1027 1828 rel
1046 1761 1193 1838 navibus,
1208 1759 1291 1844 quid

150 1845 192 1910 de
216 1847 328 1909 liberis
350 1845 539 1910 homiuibus
560 1857 592 1910 et
609 1849 756 1910 centenis
798 1847 833 1908 ui
855 1847 999 1948 partibus
1022 1847 1088 1910 lisci
1109 1843 1210 1906 nostri
1237 1843 1292 1906 de·

149 1929 310 2008 serviunt,
330 1930 411 2014 quid
431 1931 470 1992 de
491 1932 651 2008 mercatis,
673 1932 753 2016 quid
774 1871 815 1994 de
835 1933 959 2004 vineis,
984 1930 1065 2014 quid
1086 1929 1125 1990 de
1146 1925 1291 2008 illisqui

149 2011 265 2074 vinum
293 2013 445 2090 solvunt,
473 2014 554 2096 quid
578 2015 618 2077 de
639 2017 737 2092 feno,
764 2013 905 2098 quidde
935 2013 1083 2099 lignariis
1106 2019 1140 2074 et
1161 2007 1290 2085 faculis,

150 2093 233 2240 quid
251 2095 290 2158 de
305 2097 448 2158 axilis'et
462 2097 551 2160 aliud
567 2099 795 2176 materiamen,
823 2098 903 2178 quid
924 2099 964 2162 de
985 2093 1190 2180 proterariis,
1209 2091 1291 2190 quid

176 2199 193 2239 e
210 2178 441 2261 leguminibus,
461 2181 598 2263 quidde
615 2181 708 2247 milio
723 2191 755 2242 et
769 2181 907 2265 panigo,
932 2175 1013 2263 quid
1030 2179 1070 2242 de
1084 2179 1176 2256 lana,
1208 2173 1290 2254 lino,

150 2259 206 2322 rel
226 2283 357 2342 canava,
376 2262 457 2346 quid
475 2264 515 2326 de
533 2265 680 2347 frugibus
695 2264 856 2341 arborum,
875 2264 956 2347 quid
975 2263 1015 2326 de
1041 2259 1179 2324 nucibus
1193 2257 1292 2318 maio-

150 2343 241 2404 ribus
262 2346 315 2406 rel
345 2346 544 2423 minoribus,
577 2347 720 2430 quidde
745 2346 849 2410 insitis
874 2369 914 2408 ex
945 2343 1081 2410 diversis
1110 2341 1289 2418 arboribus,

150 2427 286 2508 quidde
309 2427 413 2491 hortis
423 2475 432 2507 ‚
459 2429 541 2510 quid
558 2430 597 2492 de
621 2431 775 2512 napibus,
805 2429 886 2512 quid
907 2430 947 2492 de
965 2427 1127 2507 wiwariis,
1151 2422 1290 2510 quidde

150 2509 260 2588 coriis,
290 2511 427 2592 quidde
450 2511 605 2594 pellibus,
632 2514 712 2596 quid
736 2515 775 2574 de
795 2513 960 2588 cornibus,
982 2511 1119 2595 quidde
1137 2509 1235 2580 melle
1257 2515 1290 2568 et
1354 2573 1359 2584 Ι

149 2614 237 2668 cera,
252 2593 332 2674 quid
351 2595 391 2658 de
408 2605 571 2682 uncto,et
592 2597 640 2657 sir
657 2597 711 2660 vel
734 2619 867 2680 sapone,
888 2595 975 2679 quid
995 2596 1036 2656 de
1057 2603 1192 2670 morato,
1211 2591 1290 2654 vino

149 2684 244 2737 cocto
262 2677 357 2744 medo
373 2689 406 2740 et
426 2689 527 2758 aceto,
550 2679 630 2762 quid
652 2680 691 2742 de
705 2681 841 2757 cervisa,
863 2679 903 2741 de
928 2679 1007 2740 vino
1028 2697 1126 2754 novo,
1146 2683 1179 2738 et
1196 2683 1291 2738 rete-

140 2781 199 2835 re,
226 2759 265 2822 de
282 2781 411 2822 annona
427 2784 511 2823 nova
530 2772 562 2824 et
579 2773 701 2841 vetere,
721 2763 801 2845 quid
820 2764 860 2825 de
876 2763 977 2848 pullis
998 2771 1030 2823 et
1051 2759 1132 2838 ovis,
1152 2757 1206 2821 rel
1230 2778 1290 2816 an-

148 2839 288 2918 seribus,
310 2841 404 2905 idest
421 2867 526 2924 aucas,
542 2845 623 2927 quid
641 2845 679 2906 de
701 2845 924 2928 piscatoribus,
947 2847 987 2908 de
1013 2842 1131 2920 fabris,
1159 2842 1199 2902 de
1220 2860 1291 2900 scu·

147 2923 245 2986 rariis
261 2925 314 2986 vel
327 2928 499 3004 sutoribus,
517 2930 597 3011 quid
617 2929 657 2990 de
673 2929 790 2990 huticis
808 2940 841 2990 et
866 2929 990 3008 cofinis,
1026 2927 1061 2988 id
1078 2933 1125 2987 est
1150 2923 1299 3006 scriniis,

147 3005 287 3088 quidde
311 3012 539 3090 tornatoribus,
561 3011 614 3074 vel
635 3011 784 3088 sellariis,
801 3012 840 3074 de
863 3011 1019 3087 ferrariis,
1042 3019 1075 3070 et
1092 3005 1226 3085 scrobis,
1256 3005 1291 3066 id

149 3098 199 3150 est
217 3089 311 3150 fossis
334 3093 520 3170 ferrariciis,
540 3093 593 3155 vel
614 3093 685 3156 aliis
704 3097 795 3158 fossis
813 3093 1045 3178 plumbariciis,
1067 3090 1207 3176 quidde
1229 3087 1291 3150 tri·

147 3172 295 3250 batuelis,
309 3174 388 3255 quid
409 3175 448 3238 de
466 3177 609 3260 poledris
626 3185 658 3237 et
672 3175 822 3260 putrellis
839 3177 1015 3240 habuerint
1031 3173 1138 3238 omnia
1152 3171 1291 3256 seposita

148 3253 302 3318 distincta
312 3266 357 3317 et
373 3259 537 3337 ordinata,
568 3261 611 3322 ad
634 3261 835 3322 nativitatem
853 3259 984 3322 Domini
1001 3257 1094 3322 nobis
1111 3265 1226 3318 notum
1246 3255 1292 3314 fa-

147 3337 248 3482 ‘liubi'
270 3347 305 3398 ut
320 3340 403 3402 seire
428 3343 602 3432 valeamus,
622 3342 703 3426 quid
722 3345 775 3406 vel
789 3345 947 3427 quantdm
968 3343 1008 3403 de
1033 3338 1172 3426 singulis
1192 3337 1290 3400 rebus

178 3441 197 3478 a
221 3439 339 3482 eamus.
382 3481 385 3488 ,

231 3503 357 3566 1.Χ111.
400 3506 448 3566 De
469 3505 520 3568 his
537 3507 685 3569 omnibus
699 3508 890 3590 supradictis
904 3525 1109 3590 nequaquam
1127 3501 1290 3564 iudicibus

149 3585 268 3646 nostris
288 3609 437 3668 asperum
459 3590 609 3652 videatur
629 3592 655 3652 si
670 3591 732 3652 hoc
753 3591 969 3674 requirimus,
994 3589 1071 3674 quia
1089 3587 1239 3652 volumus
1253 3594 1292 3646 ut

148 3675 183 3728 et
203 3667 264 3748 ipsi
278 3669 376 3730 simili
393 3673 487 3732 modo
511 3674 693 3735 iunioribus
710 3695 822 3736 eorum
844 3675 952 3736 omnia
970 3674 1090 3755 absque
1110 3668 1181 3730 ulla
1202 3667 1290 3728 indi-

148 3751 303 3832 gnatione
324 3753 492 3834 requirere
509 3757 677 3834 studeant,
707 3765 740 3818 et
757 3759 864 3819 omnia
880 3756 1039 3854 quicquid
1057 3753 1154 3816 homo
1178 3749 1212 3810 in
1231 3750 1291 3811 do-

147 3853 202 3892 mo
222 3855 290 3910 stra,
308 3835 361 3896 vel
384 3836 416 3896 in
439 3837 527 3902 villis
549 3839 613 3902 suis
627 3839 747 3901 habere
766 3839 881 3920 debet,
907 3841 1032 3904 iudices
1051 3835 1153 3898 nostri
1170 3832 1205 3892 in
1225 3832 1291 3896 vil·
1320 3877 1323 3886 .

46 3923 51 3938 ’
147 3913 189 3976 lis
211 3915 329 3977 nostris
349 3917 470 3981 habere
492 3921 640 3984 debeant.

232 3993 351 4060 LXIV⁴
396 4003 437 4061 Ut
466 4025 555 4064 carra
581 4014 687 4068 nostra
715 4025 797 4088 qnae
824 4005 858 4064 in
882 4003 1010 4068 bostem
1033 3970 1180 4100 pergunt
1203 4007 1236 4060 et
1253 4007 1293 4096 ᾗ)

143 4078 315 4166 basternae
341 4083 548 4148 benefactae
570 4088 654 4168 sint,
687 4098 720 4152 et
737 4086 885 4174 operculi
907 4086 993 4152 bene
1015 4094 1081 4152 unt
1101 4105 1177 4152 cum
1194 4103 1292 4148 corus

151 4237 379 4254 m

175 4336 220 4407 7)
238 4331 319 4386 Forte
339 4333 445 4404 legend.
456 4334 567 4408 fracto.
802 4342 833 4405 z)
850 4353 896 4393 ms.
914 4337 998 4393 deest.
