2920 4972
284 337 425 398 sena.
531 337 664 396 neuun
701 304 937 426 Francorum
1002 345 1103 438 stu.
1217 328 1262 402 ³1

248 519 250 524 ,
363 477 403 540 Ut
423 477 589 560 Adsiderti
604 479 777 540 cruciculae
796 481 862 560 igni
879 479 1054 542 traduntur,
1128 533 1132 542 .

184 659 188 664 ἱ
226 580 310 648 th..
342 577 495 650 Similiter
522 585 743 646 constituimus
768 595 805 647 ut
828 585 899 648 illas
930 589 1109 652 cruciculas
1133 593 1156 670 ι)
1186 615 1263 677 quas

142 667 332 732 ddalhertus
363 691 421 754 per
445 667 627 762 petrochiam
648 662 869 752 plantaverat,
912 689 1022 740 omues
1051 671 1125 756 igne
1146 695 1263 739 consu.

142 762 278 817 tuantur.

145 915 151 922 .
253 857 309 937 ,Ut
331 851 446 916 Clerici
464 867 632 917 extraneas
647 857 791 919 mulieres
815 857 902 919 domi
921 880 983 921 uon
998 861 1141 923 debeant.
1241 903 1244 910 -

219 962 313 1024 Vltt.
356 962 511 1024 Similiter
524 961 663 1023 diximus
679 971 714 1023 ut
730 983 836 1044 neque
857 964 1003 1027 Clericus
1028 967 1198 1030 mulierem
1211 969 1265 1030 he·

137 1045 212 1111 beat
229 1047 263 1104 in
283 1047 377 1106 domo
396 1067 472 1121 sua,
495 1065 577 1126 quae
601 1061 677 1106 eum*
701 1045 760 1106 illo
780 1045 919 1126 habitet,
951 1048 1013 1110 uisi
1035 1059 1187 1124 matrem,
1210 1062 1266 1114 aut

138 1150 304 1205 sororem,
327 1125 377 1192 vel
396 1136 524 1209 neptam
543 1148 639 1188 suam.

144 1233 186 1295 Ut
208 1247 362 1294 sacratam
375 1233 529 1313 seminum
551 1234 605 1292 vet
628 1234 837 1318 propinquam
864 1257 954 1297 nemo
983 1257 1114 1299 uxorem
1149 1239 1266 1313 ducat,·

138 1325 239 1400 ireque
259 1337 413 1400 uxorem,
438 1317 503 1375 'viro
531 1317 716 1397 superstite,
748 1316 829 1376 alter
853 1320 1007 1400 accipiat;
1034 1342 1132 1404 neque
1163 1345 1265 1404 uxor,

410 1399 475 1459 viro
498 1399 682 1480 superstite,
706 1397 838 1458 alterum
858 1401 1000 1483 accipiat.

222 1501 284 1564 IX.
326 1503 482 1564 Similiter
494 1499 715 1564 constituimus
730 1511 767 1561 ut
781 1503 891 1564 nullus
908 1504 1008 1568 laicus
1024 1507 1120 1571 homo
1134 1513 1204 1573 Deo
1220 1535 1266 1575 sa·

139 1595 260 1648 oratam
291 1587 443 1660 feminam
483 1585 522 1646 ad
543 1583 711 1644 mulierem
733 1583 865 1662 habeat,
893 1607 954 1648 uec
978 1611 1065 1650 suam
1079 1605 1267 1676 parentem:

140 1691 201 1729 nec
217 1669 333 1730 marito
349 1669 478 1730 vivente
493 1689 580 1729 suam
599 1665 768 1728 mulierem
791 1667 872 1728 alius
896 1669 1046 1754 accipiat,
1070 1696 1129 1736 nec
1149 1679 1267 1739 mulier

142 1752 273 1814 virente
295 1773 352 1812 suo
368 1751 437 1812 viro
454 1749 551 1810 alium
569 1749 721 1830 accipiat3
743 1749 819 1832 qnia
834 1750 965 1814 maritus
986 1756 1156 1817 mulierem
1177 1781 1266 1821 suam

141 1855 206 1894 non
226 1833 323 1894 debet
337 1834 513 1910 dimittere,
536 1841 670 1913 excepto
687 1853 782 1893 causa
798 1833 1019 1897 fornicationis
1036 1837 1246 1922 deprehensa.

339 1941 388 2000 De
410 1937 689 2018 transgressoribus
710 1938 822 1997 horum
852 1941 1069 2022 capitulorum.

221 2043 262 2107 X.
306 2046 340 2108 Si
362 2045 435 2129 quis
459 2053 570 2106 eontra
589 2043 651 2103 hoc
677 2041 860 2122 decretum,
882 2046 970 2127 quod
1000 2069 1087 2117 mn.
1114 2051 1266 2138 Episcopi

138 2147 213 2188 cum
227 2127 298 2189 aliis
315 2127 537 2190 Sacerdotibus
552 2125 602 2187 vel
617 2125 715 2186 servis
737 2125 810 2201 Dei,
828 2148 891 2187 uua
911 2149 984 2188 cum
1001 2150 1160 2194 consensu
1169 2137 1266 2196 Prin-

138 2211 223 2294 cipis
245 2210 377 2292 Pippini
405 2209 458 2272 vel
481 2209 678 2291 Optimetum
700 2209 897 2268 Francorum
929 2212 1065 2273 consilio
1087 2216 1266 2280 constitue-

101 2295 104 2300 ’
135 2295 230 2372 runt,
247 2291 430 2374 'transgredi
451 2293 504 2353 vel
522 2293 626 2373 legem
641 2289 819 2371 irrumpere
840 2293 1000 2368 voluerit,
1029 2295 1082 2355 vel
1105 2295 1265 2380 despexe-

135 2376 198 2452 rit,
220 2374 412 2436 iudicandus
433 2375 473 2434 sit
490 2373 527 2434 ah
545 2374 612 2456 ipso
625 2372 788 2452 Principe,
809 2374 862 2433 vel
874 2374 1040 2456 Episcopis
1061 2378 1114 2440 vel
1129 2380 1264 2442 Comiti-

134 2457 216 2534 bus,
239 2467 273 2518 et
284 2465 453 2539 componat
467 2455 644 2518 seeundum
663 2455 750 2536 quod
771 2455 804 2512 in
820 2456 890 2537 lege
908 2458 1142 2540 scriptumest,
1166 2485 1261 2527 unus·

136 2539 275 2623 quisque
299 2539 389 2599 iuxta
408 2540 555 2600 ordinem
568 2557 670 2601 suum.
711 2538 753 2597 Et
766 2535 793 2596 si
814 2535 892 2599 haec
913 2540 1019 2600 omnia
1037 2541 1262 2608 observaveri-

133 2643 223 2698 mus,
246 2641 327 2702 quae
342 2621 489 2704 superius
505 2619 621 2702 scripta
640 2628 727 2696 sunt,
747 2617 866 2680 Christi
891 2621 1141 2687 misericordiam
1163 2628 1259 2692 iuve-

132 2703 206 2766 nire
235 2702 411 2784 poterimus
428 2703 462 2762 in
488 2703 597 2766 secula
615 2701 806 2765 seculorum.
847 2701 946 2768 lass.

232 2783 369 2867 Signum
382 2785 519 2848 illustris
538 2785 600 2847 viri
617 2786 755 2860 Prrrnu,
778 2782 908 2846 Maioris
926 2786 1047 2852 domus.

302 2868 436 2950 Signum
454 2872 606 2929 Rsnnoui.

301 2947 435 3032 Signum
454 2949 614 3010 Aaronem.

299 3030 434 3114 Signum
452 3033 664 3100 Hruutcsutu.

383 3212 704 3276 PlPPINi
766 3213 1020 3276 REGIS.

291 3347 632 3442 Capitulis
689 3346 1100 3434 Synodalia.

132 3492 304 3588 Capitale
324 3495 406 3563 data
425 3496 520 3585 apud
535 3493 765 3564 Vermeriam
779 3491 962 3606 IJaJutium
979 3496 1130 3586 regium,
1159 3499 1256 3569 circa

258 3617 391 3663 aunum
410 3594 545 3664 Christi
566 3591 762 3680 DCCLII,
785 3615 827 3658 -rn
853 3591 959 3681 plena
977 3593 1133 3686 Synodo.

430 3739 572 3798 lrnsx
602 3738 960 3830 Csurrrnunosuu.

131 3899 162 3978 ‚¹·
246 3902 437 3981 econiugiis
459 3903 493 3960 ia
520 3901 612 3960 tertio
640 3910 671 3959 et
769 3895 849 3980 filio
883 3897 1006 3958 carnale
1039 3907 1256 3966 commercium

195 3993 309 4064 quarto
323 3983 434 4062 gradu.
780 3979 894 4038 habuit.

135 4084 163 4122 2.
193 4065 243 4156 De
265 4085 301 4124 eo
316 4069 372 4146 qui
387 4065 456 4126 crim
472 4066 584 4141 uxoris
598 4063 747 4124 suae-3.
780 4057 875 4143 Quod
908 4061 1048 4123 relictam
1075 4063 1257 4128 Sacerdotis

133 4183 369 4198 ψ

170 4249 196 4318 i)
217 4251 251 4302 al.
269 4249 318 4309 ms.
340 4250 479 4316 crurilim.
