2958 4986
206 259 278 360 188
434 280 470 336 s.
488 279 576 336 cna.
681 277 959 338 carnutium.
1041 281 1106 339 aot.

203 443 277 486 rum
296 419 461 505 pertinere
483 422 641 484 deberent
656 421 697 484 ad
716 423 807 486 illam
821 423 980 498 colonam,
1001 443 1042 482 an
1058 421 1098 483 ad
1112 420 1217 484 illum.
1261 423 1346 484 Con·

203 507 310 569 sidera
328 503 416 566 enim
437 505 463 566 si
483 505 635 589 proprius
655 527 768 568 servus
788 515 861 566 tuas
886 505 1020 567 alterius
1048 507 1211 589 propriam
1228 505 1346 566 -ancil-

203 590 268 649 lam
283 585 344 649 sibi
357 587 540 665 sociaverit,
560 597 615 649 aut
629 589 761 650 alterius
773 610 886 651 servus
903 587 1054 671 proprius
1075 597 1165 650 tuam
1180 590 1345 673 propriam

204 669 358 734 ancillam
377 671 418 732 ad
440 691 576 732 uxorem
597 672 769 755 acceperit,
791 672 832 734 ad
848 691 946 755 quem
967 691 1008 732 ex
1020 671 1112 732 vobis
1132 694 1247 734 eorum
1268 693 1345 755 pru·

204 753 325 816 creatio
344 753 509 835 pertinere
531 755 664 830 debeat,
685 765 718 816 et
738 755 846 818 taliter
869 755 908 816 de
932 753 1000 814 istis
1013 755 1082 826 fac;
1109 755 1188 837 quia
1211 763 1346 816 nonest

203 835 341 922 amplitls
355 836 418 898 uisi
438 837 570 898 liberet
587 859 708 900 servus.

285 920 326 980 ll.
367 921 417 980 De
438 920 583 982 secundo
598 921 686 982 unde
708 943 760 982 me
780 920 997 1004 interrogasti,
1018 921 1047 982 si
1063 922 1178 984 Comes
1196 922 1238 984 de
1256 923 1344 982 noti·
1451 993 1452 996 Ἴ

204 999 250 1062 tia
265 1001 408 1063 solidum
428 1025 531 1064 unum
553 1003 701 1084 accipere
722 1005 866 1083 deberet,
893 1014 925 1066 et
948 1004 1093 1066 Scabinii
1115 1005 1182 1068 sive
1202 1005 1345 1066 Cancel-

204 1084 317 1162 larius‚
341 1084 414 1181 lege
432 1085 607 1147 Romanam
627 1089 763 1169 Legenu
786 1096 819 1149 et
840 1088 925 1150 sicut
946 1087 990 1148 ibi
1011 1087 1197 1165 inveneris,
1222 1087 1344 1150 exinde

201 1167 311 1228 facias.
354 1169 519 1228 Stantem
542 1168 583 1228 ad
606 1168 745 1230 Salicem
764 1169 908 1252 pertinet
930 1172 1067 1252 Legem,
1087 1181 1119 1232 et
1142 1172 1188 1232 ibi
1210 1170 1346 1231 minime

204 1250 365 1332 repereris
392 1251 473 1332 quid
497 1251 616 1314 exinde
651 1253 758 1314 facere
785 1253 919 1332 debeas,
948 1253 989 1314 ad
1010 1254 1167 1338 placitum
1197 1263 1346 1315 nostrum

205 1333 356 1416 generale
374 1333 493 1395 exinde
514 1335 714 1418 interrogare
738 1335 847 1398 facias.

285 1417 344 1476 Ill.
387 1417 625 1478 Continebatur
650 1419 771 1502 quippe
789 1419 823 1478 in
846 1419 944 1482 tertio
967 1421 1128 1504 capitulo,
1153 1419 1194 1482 de
1214 1418 1267 1480 bis
1285 1419 1347 1500 qui

202 1519 263 1582 per
281 1499 377 1560 falsos
400 1507 497 1561 testes
519 1500 702 1562 libertatem
717 1513 983 1584 consequuntur,
1009 1503 1090 1586 qnid
1109 1525 1149 1566 ex
1165 1503 1216 1564 his
1235 1503 1347 1562 facere

205 1583 342 1644 deberes
369 1581 585 1666 interrogasti.
626 1584 692 1648 Nos
718 1604 795 1648 vero
815 1586 938 1668 ubique
962 1586 1054 1648 robis
1069 1585 1294 1670 praecepimus
1310 1593 1348 1644 ut

204 1685 412 1748 nequaquam
436 1687 510 1728 cum
534 1667 616 1728 falso
636 1667 822 1730 testimonio
850 1669 938 1731 ullus
965 1691 999 1732 sc
1023 1669 1161 1730 liberare
1186 1668 1349 1751 potuisset

204 1747 245 1810 de
265 1747 409 1810 servitio.
451 1749 494 1810 Et
508 1749 536 1812 si
552 1749 732 1812 secundbm
749 1753 830 1833 legis
850 1753 1001 1814 ordinem
1020 1773 1053 1813 se
1072 1751 1211 1814 liberare
1227 1760 1348 1832 potue-

202 1830 260 1906 rit,
282 1829 367 1892 liber
381 1842 579 1914 permaneat.
620 1832 654 1894 si
673 1855 751 1898 vero
776 1857 850 1895 cum
869 1835 958 1897 falsis
972 1834 1118 1913 testibus,
1137 1854 1348 1915 nequaquam

205 1913 256 1974 illi
277 1915 468 1977 consentias.

286 1997 344 2062 IV.
387 1999 427 2059 ln
453 2009 570 2080 quarto
593 2021 731 2083 namque
757 1999 900 2084 capitulo
924 1999 1110 2063 declarabat
1141 2001 1181 2062 de
1210 1997 1262 2058 bis
1286 1996 1347 2078 qui

203 2078 308 2164 primii
332 2100 395 2142 nec
421 2082 583 2161 secunda,
614 2104 675 2145 nec
700 2085 797 2146 tertia
825 2083 898 2146 rice
921 2083 1060 2144 manniti
1081 2085 1116 2158 b)
1138 2083 1179 2143 ad
1204 2089 1348 2143 vestram

203 2163 421 2247 praesentiam
448 2164 563 2228 venire
584 2167 712 2228 nolunt.
762 2165 920 2229 Similiter
948 2166 990 2227 dc
1019 2166 1096 2250 ipsis
1118 2163 1347 2250 praecepimus

204 2245 286 2328 quid
302 2267 343 2308 ex
356 2245 408 2310 his
426 2247 534 2311 facere
552 2248 697 2311 deberet.

287 2330 328 2392 V.
372 2331 409 2392 ln
428 2332 547 2413 quinto
569 2342 677 2394 antem
697 2331 841 2416 capitulo
866 2330 1070 2394 referebatur
1097 2332 1137 2393 de
1160 2327 1342 2414 Episcopis,

202 2411 401 2493 Abbatibus,
430 2416 485 2477 vel
511 2416 648 2478 caeteris
674 2415 790 2477 uostris
820 2415 1006 2476 hominibus
1036 2414 1094 2496 qui
1120 2413 1162 2474 ad
1184 2412 1344 2495 placitum

202 2505 348 2558 restrum
374 2497 489 2562 venire
516 2499 780 2582 contempserint.
830 2499 909 2560 Illos
927 2519 1006 2559 vero
1030 2519 1090 2580 per
1113 2496 1258 2556 bannum
1288 2517 1348 2555 no-

202 2587 305 2640 strum
325 2579 366 2642 ad
385 2581 543 2663 placitum
563 2591 707 2644 vestrum
724 2581 862 2643 bannire
879 2579 1013 2642 faciatis.
1054 2581 1097 2640 Et
1117 2578 1174 2662 qui
1189 2587 1268 2638 tunc
1286 2599 1346 2639 ve-

204 2661 276 2722 nire
300 2663 565 2746 contempserint,
586 2686 700 2726 eorum
723 2665 854 2726 nomina
876 2664 1026 2725 adnotata
1048 2663 1088 2723 ad
1108 2660 1263 2748 placitum
1287 2683 1347 2720 no·

204 2752 308 2807 strum
323 2746 476 2827 generale
495 2747 589 2808 nobis
610 2758 842 2830 repraesentes.

286 2829 344 2892 Vl.
385 2829 423 2888 ln
451 2839 542 2890 sexto
562 2839 670 2891 autem
689 2830 832 2913 capitulo
854 2830 1011 2912 scriptum
1031 2837 1102 2890 erat
1124 2827 1164 2888 de
1188 2825 1345 2909 pontibus

204 2910 348 2994 antiquis
362 2911 556 2989 constitutis,
579 2913 633 2973 vel
652 2912 693 2974 de
713 2912 889 2986 inlicitisi)
909 2911 1056 2974 teloneis.
1099 2910 1192 2971 Unde
1214 2909 1343 2992 praeci-

203 2992 309 3075 pimus
333 3002 370 3054 nt
395 2994 583 3076 ubicunque
610 2995 745 3078 antiqua
770 2995 972 3057 consuetudo
993 2993 1058 3054 fuit
1075 2995 1243 3054 teloneum
1262 2993 1344 3054 acci-

203 3075 328 3156 piendi,
351 3075 519 3139 teloneum
536 3076 717 3160 legitimum
737 3078 907 3162 accipiant.
947 3078 1028 3137 Nam
1047 3086 1081 3138 et
1099 3075 1162 3136 hoc
1178 3076 1272 3136 antea
1287 3097 1344 3139 vo·

203 3157 254 3220 bis
269 3181 324 3220 ore
344 3160 479 3242 proprio
504 3160 717 3240 iniunximus,
733 3171 765 3222 et
781 3181 987 3242 nequaquam
1006 3158 1224 3222 intellexistis.

288 3243 361 3306 Vll.
403 3243 441 3304 In
454 3244 590 3327 septimo
605 3254 714 3305 autern
731 3243 885 3340 capitulo,
909 3242 967 3304 ubi
987 3241 1189 3304 referebatur
1203 3237 1344 3322 qualiter
1451 3289 1452 3302 .

204 3334 278 3407 post
298 3325 448 3408 querelas
472 3327 678 3388 dominorum
697 3347 782 3388 seru
804 3347 917 3388 eorum
936 3325 1060 3387 chartas
1087 3323 1279 3398 ostendant,
1311 3331 1344 3382 et
1451 3317 1452 3354 l

204 3409 267 3490 ipsi
287 3409 374 3472 servi
397 3409 415 3468 ia
437 3409 603 3472 Scabineis
625 3410 785 3471 sententia
814 3411 945 3492 accepti
973 3429 1024 3469 eas
1045 3429 1136 3470 veras
1163 3427 1231 3466 esse
1253 3425 1344 3464 com·
1451 3413 1452 3464 3

202 3491 340 3574 probare
363 3491 518 3572 debeaut;
541 3514 747 3574 nequaquam
767 3491 830 3552 hoc
851 3493 1003 3554 volumus
1016 3491 1105 3572 quod
1120 3510 1234 3550 servus
1253 3509 1345 3548 suam
1451 3493 1452 3510 ¹

204 3573 350 3636 chartam
381 3575 546 3658 propriam
574 3576 710 3658 probare
741 3575 871 3636 debeat:
900 3575 958 3636 scd
987 3573 1137 3634 dominns
1158 3571 1215 3652 qui
1237 3569 1345 3653 ipsum
1451 3611 1452 3616 κ

204 3657 493 3802 sersipmdquacrit,
516 3659 597 3742 ipse,
625 3659 652 3719 si
669 3657 831 3742 potuerit,
861 3657 962 3742 ipsam
983 3655 1126 3716 chartam
1148 3655 1261 3716 falsam
1285 3654 1344 3714 de-

206 3761 264 3824 pre
292 3763 331 3802 en
358 3750 397 3800 at.

287 3825 376 3888 tht.
418 3824 456 3883 In
470 3835 584 3886 octavo
606 3823 748 3906 capitulo
770 3822 974 3884 referebatur
989 3821 1028 3882 dc
1050 3821 1151 3883 servis
1173 3818 1230 3902 qui
1253 3819 1345 3878 fran-

204 3927 256 3970 cas
277 3907 415 3968 feminas
436 3907 621 3990 accipiunt,
655 3915 688 3967 et
709 3907 819 3990 posted
838 3906 971 3966 illorum
997 3904 1120 3964 domini
1145 3903 1191 3966 eis
1218 3901 1346 3962 chartus

201 3991 329 4052 faciunt
347 4011 385 4050 eo
400 3998 526 4066 tenore,
549 3999 586 4050 ut
604 3989 631 4050 si
651 3989 760 4072 aliqua
780 3988 961 4072 procreatio
977 3985 1119 4048 filiorum
1134 3997 1189 4047 aut
1204 3985 1347 4045 filiarum

204 4094 246 4136 ex
268 4073 345 4156 ipsis
369 4081 440 4133 orta
459 4073 577 4151 fuerit,
607 4072 704 4136 liberi
730 4068 957 4160 permaneant;
993 4079 1025 4132 et
1058 4069 1224 4150 nesciunt,
1260 4069 1348 4131 sicut

213 4209 448 4226 W

190 4304 192 4308 .
239 4254 271 4318 h)
291 4253 323 4304 ul.
350 4271 396 4307 ms.
416 4252 559 4308 admoniti.
858 4247 1146 4317 enecuissent
