2920 4972
186 320 235 394 12
380 337 523 394 acea.
631 335 887 392 carirnaaani
996 338 1056 398 595.

268 472 327 562 IX.
370 477 404 538 Si
430 477 503 558 quis
522 477 697 540 cuiuslibet
714 478 754 538 de
778 477 1014 558 potentioribus
1033 479 1150 554 servis,
1180 477 1236 560 qui
1259 501 1319 564 per

183 565 310 628 diverse
326 559 502 644 possident,
527 561 565 622 de
588 563 723 624 crimine
749 560 887 620 habetur
913 571 1089 642 suspectus,
1121 563 1252 624 domino
1270 583 1319 624 se·

183 645 302 710 cretius
316 665 389 704 cum
411 643 547 704 testibus
566 647 766 720 condicatur,
791 653 825 704 ut
846 644 929 702 intra
944 645 1057 726 viginti
1080 655 1191 706 tractes
1213 643 1318 726 ipsum

183 739 256 790 aute
274 727 416 788 iudicem
434 725 549 787 debeat
572 737 788 809 praesentare.
831 727 927 802 Quod
950 728 974 788 si
996 727 1028 786 in
1058 736 1211 788 statutum
1233 737 1318 790 tem-

177 835 239 896 pus
252 810 474 872 interludente
494 812 648 872 conludio
663 833 726 870 non
744 809 868 885 fecerit,
893 809 1041 870 dominus
1056 819 1155 871 status
1173 809 1223 870 sui
1242 811 1318 872 iux-

180 894 362 956 trimodum
383 892 497 974 culpae
515 893 601 954 inter
619 893 748 954 fredum
767 888 799 952 et
822 893 943 952 l'aidum
956 901 1004 965 x)
1025 893 1295 974 compensabitur.

262 978 301 1037 X.
345 974 379 1036 Si
399 997 510 1036 servus
535 987 608 1038 ante
629 977 829 1037 admonitum
853 976 1019 1034 dominnm
1036 975 1193 1052 defuerit,
1227 976 1317 1058 oapi-

178 1061 243 1122 tale
265 1058 416 1120 domiuus
437 1059 593 1136 restituat,
616 1069 647 1121 et
661 1060 700 1120 de
725 1064 819 1120 servo
845 1058 942 1118 faciat
960 1060 1154 1130 ccssionem;
1184 1067 1220 1118 ut
1241 1081 1316 1120 cum

180 1144 333 1208 iuventus
354 1139 465 1218 fuerit,
488 1142 583 1203 detur
605 1143 638 1201 in
661 1141 846 1203 vindictam.

261 1224 321 1290 XI.
365 1225 399 1284 si
413 1223 485 1304 quis
511 1225 638 1286 occulte
655 1223 694 1286 de
709 1246 744 1285 re
768 1225 827 1285 sibi
850 1225 953 1283 furata
975 1246 993 1282 a
1013 1221 1163 1305 quolibet
1189 1223 1314 1284 latrone

181 1307 449 1391 compositionem
471 1309 652 1390 acceperit,
688 1318 824 1390 utraque
855 1306 988 1368 latronis
1016 1306 1111 1389 culpa
1133 1307 1312 1376 subiaceat3

180 1393 236 1455 fur
255 1401 362 1452 tamen
383 1389 484 1450 iudici
507 1399 738 1473 praesentetur.

262 1473 341 1536 XII.
384 1475 429 1532 Ut
451 1473 607 1535 continuo
633 1473 768 1554 capitale
798 1474 827 1533 ei
851 1473 908 1556 qui
929 1470 1109 1554 perdiderit
1136 1472 1313 1532 reformare

131 1627 134 1634 .
178 1558 321 1634 festinet,
344 1565 377 1618 et
393 1555 551 1616 latronem
574 1558 748 1639 perquirat.
791 1559 897 1634 Quem
910 1551 983 1617 siin
1000 1563 1102 1616 truste
1120 1554 1315 1636 perimone-

179 1642 234 1718 rit,
255 1641 462 1702 medietate'm
481 1639 542 1700 sihi
559 1639 705 1701 vindicet
727 1639 781 1700 vel
798 1641 985 1714 delaturam.
1028 1637 1062 1698 si
1084 1637 1185 1698 fuerit
1206 1637 1245 1698 de
1263 1638 1313 1698 l'a-

180 1725 300 1786 cultate
319 1721 472 1799 latronis,
494 1731 526 1783 et
547 1722 604 1804 qui
621 1723 773 1782 damnum
799 1722 954 1806 pertulit,
983 1719 1146 1782 sarciatur.
1187 1721 1269 1780 Nam
1285 1719 1312 1780 si

177 1828 377 1890 persequens
394 1805 553 1865 latronem
576 1805 718 1888 ceperit,
739 1806 897 1888 integram
911 1804 973 1866 'sibi
993 1802 1258 1884 compositionem
1273 1802 1313 1862 si·

180 1891 246 1950 mul
273 1899 305 1950 et
327 1887 541 1966 solutIonem,
563 1888 616 1950 vel
637 1888 794 1972 quicquid
816 1888 976 1970 dispendii
992 1887 1107 1965 suerit,
1130 1884 1310 1954 revocavit3

173 1974 295 2034 'fredus
316 1983 423 2033 tamen
448 1970 560 2048 iudici,
582 1971 616 2030 iu
636 1972 728 2032 cuius
744 1993 824 2055 pago
849 1966 908 2048 est,
929 1980 1121 2032 reservetur.

261 2055 354 2121 XIII.
395 2053 514 2114 Nullus
528 2053 698 2131 latronem,
721 2055 772 2115 vel
786 2053 964 2136 quemlibet
988 2051 1205 2134 culpabilem,
1227 2049 1311 2112 sicut

179 2139 310 2204 summis
333 2136 503 2218 Episcopis
529 2135 692 2214 convenit,
719 2137 758 2198 de
780 2137 862 2197 atrio
886 2136 1051 2196 Ecclesiae
1074 2132 1199 2196 trahere
1215 2155 1308 2218 prac-

177 2231 291 2286 sumat.
334 2219 429 2298 Quod
446 2219 473 2280 si
488 2229 564 2280 sunt
586 2219 750 2280 Ecclesiae
774 2219 891 2302 quibus
916 2219 994 2279 atria
1012 2219 1120 2280 clausa
1146 2239 1211 2278 non
1233 2217 1308 2290 sint,

178 2306 217 2366 als
238 2315 374 2384 utraque
396 2310 486 2386 parte
507 2302 664 2385 parietum
680 2312 785 2365 terrac
807 2301 945 2386 spatium
969 2302 1122 2386 arpennis
1145 2322 1205 2384 pro
1228 2297 1309 2360 atrio
1374 2365 1376 2368 ,

179 2389 381 2452 observetur.

261 2469 350 2535 XIV.
391 2468 508 2530 Nullus
535 2467 726 2549 confugiens
750 2467 829 2529 foris
851 2476 925 2530 ante
956 2466 1041 2528 dieta
1065 2468 1135 2529 loca
1156 2488 1215 2550 pro
1237 2487 1312 2550 ope·

165 2576 288 2620 ,rarum
310 2552 486 2634 cupiditate
505 2574 538 2614 se
559 2552 645 2612 dicat
671 2552 771 2611 exire.
813 2551 910 2628 Quod
935 2550 959 2610 si
983 2550 1139 2629 fecerint,
1169 2562 1201 2612 et
1226 2547 1310 2633 capti

175 2637 302 2699 fuerint
325 2635 365 2696 ad
381 2635 515 2717 dignum
537 2634 596 2698 sihi
619 2633 813 2716 supplicium
829 2633 1097 2694 condemnentur.

258 2717 333 2784 XV.
378 2718 476 2795 Quod
497 2717 523 2778 si
546 2717 719 2778 cuiuslibet
735 2738 844 2778 servus
862 2717 1013 2776 deserens
1029 2740 1123 2778 suum
1144 2715 1312 2778 dominum

179 2803 219 2864 ad
233 2802 394 2864 Ecclesias
412 2801 606 2884 confugerit,
629 2811 661 2862 ct
676 2800 719 2860 ihi
739 2799 888 2878 primitus
910 2799 1060 2861 dominus
1082 2801 1153 2861 eius
1170 2801 1310 2860 advene-

177 2886 241 2959 rit,
265 2883 451 2962 (contentio
477 2894 648 2946 excusatur
657 2908 665 2955 ;
687 2881 842 2944 reddatur
858 2883 999 2962 furtum,
1030 2895 1066 2944 ut
1082 2905 1116 2946 se
1144 2883 1184 2944 de
1204 2880 1311 2966 pretio

178 2969 380 3046 redimaty).

213 3175 249 3238 x)
269 3174 303 3223 al.
331 3189 378 3224 ms.
389 3172 508 3244 fredum
525 3171 683 3245 etsoedum.
771 3171 914 3232 tediatur,
929 3173 1086 3224 centenarii
1103 3173 1178 3224 inter
1194 3189 1312 3224 eommu-

209 3243 247 3312 χ)
266 3243 411 3310 Bignonins
425 3244 455 3295 iu
471 3245 556 3296 veteri
568 3242 669 3295 Codice
680 3259 722 3296 se·
771 3261 819 3295 nes
840 3244 1002 3312 provincias
1028 3243 1170 3294 licentiam
1189 3242 1312 3296 habeant

267 3313 382 3384 quentia
401 3314 521 3377 invenit,
543 3314 617 3382 pade
637 3332 719 3383 appa·
771 3313 894 3364 latrones
915 3313 1045 3383 persequi
1062 3312 1104 3364 vel
1125 3314 1240 3383 vestigia
1264 3332 1312 3365 as-

265 3393 316 3446 ret,
338 3400 396 3454 cap.
410 3385 481 3438 XII.
499 3385 561 3438 heic
581 3384 718 3437 transferri
766 3385 879 3452 signata
904 3383 1011 3433 minare
1041 3393 1067 3434 et
1093 3383 1123 3433 in
1150 3395 1235 3435 truste
1254 3399 1311 3454 qna

268 3454 377 3506 dehere.
769 3451 916 3514 defecerit,
936 3454 1009 3502 sicut
1027 3450 1128 3504 dictum
1149 3465 1204 3514 est,
1225 3469 1311 3504 causa

302 3525 425 3575 Omnium
459 3542 550 3576 rerum
577 3526 719 3578 excusatio
769 3534 932 3586 remaneat,¹
951 3523 1034 3572 itant
1052 3524 1312 3592 continuocapita·

268 3593 404 3646 reddatur
427 3593 548 3652 furiarum
575 3609 625 3646 aut
643 3598 669 3646 si
686 3594 719 3647 de
769 3593 794 3644 le
813 3596 840 3645 ei
862 3593 911 3662 qui
923 3591 1078 3662 perdiderit
1095 3593 1309 3664 ›peratramfra-

263 3666 382 3736 pretium
408 3663 517 3715 damino
545 3665 718 3734 reformetur.
769 3666 848 3724 tinet‚
862 3676 887 3715 et
901 3663 1036 3714 latronem
1046 3666 1193 3732 perquirat
1202 3684 1212 3730 ;
1231 3675 1333 3730 qriem'

264 3737 306 3786 De
317 3735 467 3808 fiscalibus
502 3746 532 3786 ut
557 3747 655 3786 contra
672 3733 719 3785 do·
767 3735 841 3786 siin
860 3746 945 3788 truste
969 3735 1158 3803 perinvenerit
1179 3733 1312 3786 medieta·

264 3807 367 3857 minum
386 3806 539 3874 censrcimus
554 3823 606 3874 pro
625 3818 719 3857 tenore
767 3818 818 3858 tem
836 3804 890 3854 sibi
909 3803 1048 3864 vindieat,
1072 3816 1126 3856 etc.

263 3878 342 3946 pacis
359 3876 500 3934 iubentus,
527 3887 557 3925 at
582 3876 612 3925 in
634 3887 719 3928 ueste
804 3874 906 3927 Eadem
925 3873 996 3937 sere,
1024 3883 1055 3926 ut
1074 3873 1201 3925 Baluzius
1219 3881 1309 3937 notat,

268 3946 718 4013 electicentenariiponnnturpro
770 3945 901 3999 Pithoeus
921 3963 954 3997 ex
973 3945 1093 4014 quodam
1119 3944 1221 3996 Codice
1240 3943 1312 3995 anti-

266 4035 382 4088 qucrum
394 4015 457 4087 fide
479 4029 562 4084 atque
582 4017 720 4067 sollicitu—
769 4034 835 4086 quo,
857 4015 960 4066 calamo
981 4014 1096 4067 addidit.

265 4087 330 4139 dine
346 4104 404 4155 pax
419 4084 565 4156 praedicta
583 4098 719 4142 seruetur.
773 4141 777 4148 ‚
803 4087 844 4137 De
854 4083 1004 4156 fiscalibus
1019 4099 1050 4138 ut
1067 4097 1166 4138 contra
1185 4081 1311 4136 dominus

264 4158 387 4229 Ecquid
410 4157 581 4225 propitiante
607 4155 718 4206 domino
768 4159 921 4208 certauimus
944 4174 996 4224 pro
1023 4173 1115 4206 amore
1132 4155 1210 4224 pacis
1236 4154 1312 4204 iude·

267 4231 342 4278 inter
360 4243 408 4276 uns
434 4227 631 4276 Germanitatis
653 4225 720 4278 elra-
767 4243 825 4277 mus
844 4227 924 4278 utin
943 4237 1028 4277 truste
1047 4225 1128 4277 electi
1148 4223 1312 4276 Centenarii

268 4299 337 4348 ritas
354 4294 509 4367 indisrupte
528 4297 642 4348 viriculo
659 4313 719 4349 cus·
764 4293 1206 4369 porrarrtu1·‚perquorumfidem
1227 4307 1311 4364 atque
