2928 4986
155 287 231 362 400
370 305 513 366 acue.
620 305 878 364 caerruaeau
983 305 1045 392 est.
1146 255 1148 260 Ι

155 455 283 512 nostroe
300 455 398 530 atque
412 447 482 508 Deo
501 445 673 509 amabilem
711 445 847 534 apulum
864 455 1012 510 nostrum
1024 469 1100 512 cnm
1119 449 1208 514 omni
1223 451 1308 513 sal»-

153 529 297 594 iectione
317 549 401 612 quae
423 529 508 611 patri
526 529 543 590 ai
558 529 634 592 liliis
648 540 680 592 et
688 469 886 614 Imperatori
903 551 940 592 ae
957 531 1039 614 Regi
1053 531 1072 594 d
1088 527 1157 596 auis
1171 535 1309 616 populis

153 613 338 676 exhibetur.
359 613 402 674 Et
421 612 448 674 si
463 612 582 696 aliquis
599 635 641 675 ex
657 613 708 676 his
720 613 824 675 tribus
838 613 914 676 tiliis
931 615 1050 677 nostris
1063 637 1125 698 per
1147 616 1309 679 maiorem

154 695 393 771 obedientiam,
406 693 447 755 ad
465 693 584 758 bonam
602 695 803 759 voluntatem
830 695 980 780 inprimis
993 699 1066 760 Deo
1077 697 1309 781 vomnipotenti

152 801 190 842 ac
204 787 313 862 postea
332 777 425 840 nobis
442 777 572 920 placere
587 779 744 862 cupiens,
765 797 892 842 morum
904 779 1065 864 probitate
1082 784 1309 862 promeruerit

152 872 190 924 ut
208 861 239 923 ei
262 860 417 922 maiorem
468 881 603 924 onorem
625 883 662 924 ac
690 870 883 945 potestatem
905 863 1057 924 conferre
1078 864 1243 940 delectet,
1270 877 1309 927 et

151 944 216 1007 boc
234 943 385 1007 volumus
402 952 440 1005 ut
460 943 494 1014 io
520 953 774 1006 nostrasmaneat
788 953 945 1028 potestate
968 943 1073 1006 atilli
1092 945 1132 1007 de
1150 947 1308 1028 portione

152 1026 260 1090 l'ratris
282 1026 332 1090 sui
348 1025 406 1110 qui
422 1048 488 1088 aon
505 1027 634 1110 placere
653 1029 818 1091 curaverit
834 1037 868 1090 et
880 1047 1023 1110 regnum,
1035 1035 1069 1090 et
1085 1025 1247 1091 bonorem
1265 1052 1308 1093 ac

151 1117 344 1194 potestatem
365 1129 556 1194 augeamus,
583 1119 616 1173 et
639 1109 734 1172 illum
754 1111 855 1174 talem
881 1110 1056 1176 efficiamus
1076 1110 1221 1196 qualiter
1243 1113 1306 1178 illc

151 1192 293 1278 propriis
310 1192 434 1256 meritis
453 1192 572 1276 dignus
595 1191 784 1256 ostenderit.

235 1309 325 1373 xlv.
367 1307 436 1370 Hoc
455 1318 618 1393 postremo
634 1307 843 1373 statuendum
861 1311 955 1375 nobis
974 1310 1122 1388 videtur,
1146 1315 1186 1370 ut
1205 1310 1307 1394 quic-

152 1391 235 1476 quid
259 1391 367 1454 adhac
388 1392 428 1454 de
446 1391 545 1454 rebus
567 1403 602 1456 et
618 1393 892 1457 conventionibus
910 1415 994 1480 quae
1014 1395 1055 1456 ad
1068 1393 1252 1476 profectam
1270 1404 1307 1458 et

152 1475 329 1538 utilitatem
348 1497 462 1538 eorum
486 1476 694 1560 pertineant,
717 1475 769 1538 lais
791 1476 909 1540 nostris
932 1478 1071 1541 decretis
1089 1483 1188 1558 atque
1204 1497 1306 1561 prae-

152 1559 255 1642 ceptis
282 1557 525 1638 addiderimus,
558 1557 709 1622 volamus
738 1560 785 1623 sic
819 1560 1034 1644 ipraedictis
1060 1557 1191 1622 dilectis
1225 1559 1306 1622 liliis

152 1641 272 1704 nostris
291 1637 482 1704 observetur
505 1653 604 1725 atque
626 1643 829 1706 custodiatur
844 1645 929 1705 sicut
950 1663 989 1705 ea
1008 1638 1145 1727 quaein
1165 1637 1215 1704 bis
1237 1643 1303 1704 iam

151 1733 268 1821 statuta
298 1731 397 1808 atque
418 1723 580 1810 descripta
605 1735 682 1788 sunt
709 1724 873 1790 custodire
899 1735 932 1788 et
955 1743 1148 1792 conservare
1169 1723 1304 1808 praeci-

152 1814 505 1986 Pmlullilsdquitupiam
526 1897 626 1954 totam
642 1888 730 1954 inter
742 1889 884 1976 Ligerim
905 1898 937 1954 et
955 1889 1139 1974 Sequanam
1157 1896 1192 1954 et
1213 1891 1302 1952 ultra

151 1975 336 2056 Sequanam
351 1994 441 2056 pagis
464 1971 625 2052 XXVIII,
646 1973 681 2036 id
700 1983 773 2052 eat,
792 1973 980 2054 CatalonIs,
994 1973 1205 2055 Meltianum,
1226 1976 1302 2037 Am·

55 2089 58 2096 ·
150 2054 292 2134 biensis,
316 2064 350 2116 et
371 2055 530 2118 Ponticus
550 2078 654 2140 usquc
671 2057 713 2118 ad
727 2078 824 2118 mare.

235 2137 287 2200 Ad
310 2137 533 2216 baiuvariam,
559 2136 749 2224 Toringiam
771 2148 888 2219 totam,
902 2135 1104 2223 'Ilipuarios,
1133 2131 1300 2215 dtrarios,

152 2221 333 2298 saxoniae,
357 2221 504 2298 Frisiae‚
524 2219 697 2300 Ardcnna,
718 2221 897 2301 numanis,
917 2222 976 2292 Bru
1000 2228 1128 2298 menta,
1148 2219 1299 2280 Fraude-

78 2341 85 2356 ·
151 2325 226 2383 res,
247 2303 469 2387 Mempiscoa,
488 2305 692 2383 Memaceni,
716 2306 837 2382 Amen,
863 2242 1068 2380 Amabam,
1087 2299 1300 2379 Adertcasis,

153 2385 420 2466 Tervuaaensis‚
449 2386 615 2466 Bolcusis,
632 2387 868 2467 'Quantovico‚
889 2383 1147 2463 Camalocensis,
1172 2384 1301 2448 Virdo-

151 2470 322 2532 madensis.
1142 2519 1145 2525 .

233 2553 284 2616 Ad
304 2551 505 2614 Alamaniam
521 2560 623 2614 totam
639 2551 881 2637 Burgundiam,
904 2560 1039 2636 excepto
1053 2548 1142 2634 quod
1155 2545 1301 2634 Pippiao
1332 2573 1333 2576 ¹

152 2635 263 2697 datum
283 2645 349 2714 est,
382 2645 481 2697 totam
502 2635 791 2715 Provinciam,.et
818 2645 918 2697 totam
942 2635 1090 2714 Gatiam,
1112 2641 1146 2696 et
1170 2633 1210 2692 de
1239 2633 1300 2693 ista

150 2719 258 2782 media
274 2718 414 2780 Francia
432 2718 621 2798 Warensis,
645 2721 696 2780 Ua
720 2719 824 2790 ensis,
845 2717 1044 2798 Castrensis,
1058 2715 1206 2782 Potiano.
1238 2715 1302 2776 Re·

150 2799 334 2886 megeasis,
349 2801 596 2882 Laudunensis‚
616 2741 780 2882 Massilia,
802 2801 967 2866 Treveris

228 2977 416 3053 Betucius
440 2979 512 3052 boc
537 2977 620 3052 loco
646 2981 807 3053 inseruit
831 2983 994 3078 quinque
1017 2979 1211 3054 Ludovici
1240 2981 1302 3050 Pii

151 3083 323 3176 capitula
348 3104 395 3152 era
418 3078 509 3173 lege
523 3079 870 3174 Langobardorum
904 3093 1093 3176 excerpto.
1143 3079 1227 3150 Nos
1252 3105 1301 3148 ea

151 3183 346 3252 omisimus
358 3233 369 3269 ‚
402 3182 494 3276 quio
524 3183 633 3274 infra
667 3181 708 3256 iu
732 3181 897 3256 editione
919 3181 1033 3255 lautus
1063 3178 1166 3274 Legi
1201 3180 1299 3249 iusto

149 3307 219 3352 suo
246 3283 378 3354 ordine
403 3283 647 3354 invenientur.
952 3281 954 3288 ’

186 3541 223 3600 s)
242 3535 276 3585 ln
295 3531 337 3585 his
356 3549 428 3604 qaae
443 3541 597 3602 sequuntur
612 3530 700 3584 malta
820 3531 922 3594 brana,
943 3537 973 3584 et
989 3536 1096 3652 reperta
1107 3545 1221 3602 quoqne
1235 3537 1303 3582 suat

220 3602 382 3656 hauddubie
399 3604 498 3656 menda
518 3611 598 3664 auat,
613 3600 701 3654 multa
821 3601 850 3655 in
876 3601 961 3654 veteri
986 3618 1014 3654 ac
1036 3601 1088 3654 eda
1114 3617 1170 3673 qua
1188 3615 1236 3651 aas
1257 3602 1301 3650 usi

222 3675 328 3726 mutila.
365 3674 439 3756 Quia
459 3681 551 3725 tamen
571 3672 701 3726 Pithoeus
819 3689 930 3735 sumus,
954 3670 1110 3742 putavimus
1129 3669 1304 3738 praetermit-

222 3762 255 3810 ea
265 3743 372 3800 invenit
383 3762 413 3798 ιιι
428 3743 609 3802 vetustissima
616 3759 701 3798 mem·
819 3740 904 3797 tenda
921 3758 979 3798 acu
996 3757 1063 3796 cue.
1098 3739 1240 3794 Bcluaiaa.
