2928 4986
591 81 601 112 t

207 297 282 375 ³58
439 315 475 372 a
495 311 583 374 cas.
688 309 945 375 causamme
1050 311 1113 372 aa

207 479 281 522 enm
303 453 511 542 promisistis,
533 461 566 518 et
584 449 676 518 vobis
697 455 916 534 iniunximus,
935 453 972 518 io
993 453 1147 537 congruis
1170 452 1268 532 locis,
1290 455 1350 522 uhi

207 540 350 604 necdum
369 539 552 623 perfectum
574 545 640 614 est,
662 537 703 602 ad
723 539 901 606 multorum
922 537 1095 604 utilitatem
1115 545 1149 600 et
1164 538 1352 622 profectum

206 623 331 689 lvohis
353 619 498 684 ordinari
518 639 584 682 nou
607 619 825 706 negligantur.

269 729 320 792 Dc
347 727 563 792 admonitione
592 723 638 788 od
657 725 795 870 Capones
820 746 882 811 pm
909 725 1045 789 adlitote
1072 739 1200 790 sanctu
1221 727 1286 810 Dei

721 811 864 872 cclesias.

288 891 346 959 Vl.
388 891 490 958 Vobis
517 909 596 954 vero
617 891 800 956 Comitibus
823 891 979 970 dicimos,
1010 911 1133 976 rosque
1156 914 1346 954 commone·

206 999 289 1056 snus,
310 973 389 1060 qnia
402 977 444 1038 ad
457 982 600 1038 vestrum
616 972 833 1036 ministerium
849 973 988 1038 maxims
1008 977 1170 1059 pertinet,
1192 985 1229 1036 at
1247 996 1346 1038 rere-

205 1061 345 1124 rentiam
364 1066 397 1122 et
417 1057 578 1122 honorem
592 1065 721 1120 sanctae
739 1057 802 1122 Dei
821 1057 987 1122 Ecclesiae
1006 1057 1198 1136 exhibeatis,
1217 1068 1345 1120 etcum

205 1140 377 1229 Episcopis
407 1141 523 1204 vestris
546 1136 757 1202 concorditer
780 1140 916 1219 vivatis,
946 1149 980 1202 et
1003 1139 1050 1203 eis
1077 1140 1278 1202 adiutorium
1305 1143 1346 1210 ad

205 1248 301 1296 suum
323 1222 541 1286 ministerium
559 1221 781 1306 peragendum
800 1222 1001 1320 praebeatis,
1026 1230 1060 1284 et
1080 1231 1118 1283 ut
1140 1245 1199 1289 vos
1223 1224 1286 1308 ipsi
1309 1225 1345 1291 in

205 1307 396 1371 ministeriis
415 1306 530 1370 vestris
571 1325 661 1367 acem
679 1313 713 1366 et
733 1303 888 1368 iustitiam
904 1304 1045 1382 faciatis,
1075 1314 1108 1367 et
1124 1327 1213 1402 quas
1236 1315 1346 1374 nostra

204 1389 379 1458 auctoritas
397 1387 529 1474 publice
547 1325 620 1450 heri
641 1385 799 1468 decernit,
820 1397 857 1450 ut
876 1387 911 1448 in
932 1388 1049 1452 vestris
1069 1388 1260 1451 ministeriis
1273 1399 1343 1452 stn-

205 1473 296 1539 diost
313 1471 526 1558 perficiantur
539 1469 705 1534 studeatis.
744 1470 888 1534 Proinde
904 1491 1071 1534 monemus
1088 1480 1227 1536 vestram
1243 1471 1347 1538 bdeli-

203 1565 304 1620 tatem
325 1563 362 1616 ut
380 1575 537 1618 memores
556 1551 627 1616 sitis
644 1551 721 1614 fidei
742 1553 835 1616 nobis
855 1553 1047 1636 promissae,
1069 1564 1103 1616 et
1119 1553 1153 1616 in
1168 1563 1260 1638 parte
1280 1555 1344 1615 mi·

205 1638 334 1704 nisterii
352 1637 454 1701 nostri
478 1636 570 1700 vobis
589 1635 768 1713 commissi,
797 1636 832 1698 in
853 1656 932 1720 pace
949 1636 1077 1700 scilicet
1097 1644 1130 1697 et
1152 1635 1276 1702 iustitia
1294 1639 1345 1698 fa,

206 1721 342 1802 cienda,
363 1721 573 1804 vosmetipsos
586 1739 695 1780 coram
712 1720 786 1780 Deo
799 1728 833 1781 ct
852 1740 961 1782 coram
975 1717 1162 1782 hominibus
1181 1721 1264 1782 tales
1285 1741 1344 1781 ex-

204 1803 363 1882 hibeatis,
384 1810 473 1866 utet
499 1801 601 1864 nostri
629 1802 700 1863 veri
724 1801 889 1865 adiutores
911 1810 944 1866 et
966 1801 1080 1884 populi
1099 1811 1345 1866 conservatores

205 1887 290 1954 iusti
307 1884 373 1950 dici
394 1894 428 1950 et
444 1885 554 1949 vocari
568 1883 714 1968 possitis3
737 1891 770 1946 et
789 1885 881 1946 nulla
895 1883 1061 1967 quaelibet
1076 1905 1182 1964 causa,
1205 1893 1262 1945 aut
1275 1907 1345 1944 mu-

206 1991 323 2034 nerum
336 1990 411 2032 acce
436 1967 494 2046 tio,
517 1977 573 2030 aut
588 1965 730 2028 amicitia
746 1965 932 2044 cuiuslibet,
955 1965 1008 2030 vel
1029 1967 1139 2028 odium
1161 1977 1217 2028 aut
1234 1967 1344 2044 timor,

204 2052 258 2116 rel
281 2051 382 2136 gratia
456 2059 539 2114 statu
555 2047 761 2114 rectitudinis
774 2070 831 2114 vos
844 2049 976 2112 deviare
999 2050 1173 2133 compellat
1193 2050 1276 2130 quin
1296 2049 1344 2108 in„

205 2145 256 2198 ter
277 2134 463 2220 proximum
482 2143 516 2196 et
533 2131 717 2218 proximum
739 2152 866 2216 semper
884 2131 967 2196 iuste
990 2131 1149 2194 indicetis.
1190 2132 1342 2216 Pupillo-
1450 2151 1451 2180 a

205 2237 278 2280 rum
303 2237 381 2282 vero
402 2225 435 2280 et
456 2216 628 2280 viduarum
651 2223 684 2276 et
707 2223 910 2278 caeterorum
929 2236 1108 2298 pauperum
1129 2214 1292 2276 adiutores
1311 2225 1345 2274 et

205 2301 406 2378 defensores,
432 2309 466 2362 et
482 2307 609 2364 sanctae
625 2297 790 2360 Ecclesiae
808 2297 860 2358 vel
879 2319 1047 2361 servorum
1064 2297 1154 2359 illius
1169 2295 1342 2358 bonorato-
1450 2311 1451 2332 ¹

204 2403 268 2461 res,
291 2382 381 2447 iuxta
397 2391 535 2444 vestram
550 2379 795 2480 possibilitatem
810 2379 891 2444 sitis.
933 2379 1010 2442 lllos
1026 2381 1156 2466 quoque
1174 2380 1232 2462 qai
1244 2389 1342 2440 teme-

206 2467 302 2530 ritate
322 2473 356 2532 ct
375 2464 532 2530 violentia
554 2486 588 2526 m
610 2463 705 2524 furtis
725 2472 758 2525 et
774 2463 953 2526 latrociniis
966 2463 1035 2524 sive
1052 2462 1174 2547 rapinis
1195 2482 1340 2523 comma-

206 2569 280 2609 nem
298 2567 409 2630 pacem
428 2547 542 2630 populi
557 2546 746 2632 perturbare
762 2545 954 2624 moliuntur,
976 2553 1084 2606 vestro
1101 2544 1208 2607 studio
1226 2554 1258 2606 et
1274 2566 1343 2608 cor«

205 2629 371 2707 rectione,
395 2629 481 2692 sicut
501 2631 613 2707 decet,
645 2628 850 2710 compescite.
898 2627 986 2692 Etsi
1006 2627 1116 2710 aliqua
1140 2649 1278 2710 persona
1307 2627 1341 2686 in

206 2713 318 2796 aliquo
336 2712 427 2776 vohis
450 2712 682 2794 impedimento
699 2711 801 2773 fuerit
815 2710 895 2792 quin
913 2733 951 2774 ea
971 2730 1055 2793 qaae
1079 2709 1217 2772 dicimus
1232 2713 1342 2772 l’acere

208 2817 274 2858 non
297 2794 448 2873 valeatis,
476 2795 570 2858 nobis
592 2795 633 2856 ad
659 2803 786 2876 tempus
811 2793 895 2864 illud
926 2803 1039 2854 notum
1062 2792 1136 2869 fiat,
1173 2802 1209 2853 ut
1234 2793 1342 2854 nostri

207 2877 396 2944 auctoritate
421 2877 525 2942 adiuti
545 2875 761 2940 ministerium
779 2885 924 2941 restrum
942 2875 1040 2961 digne
1068 2875 1246 2960 adimplere
1265 2897 1345 2959 pos·

205 2962 286 3026 sitis.

206 3067 256 3131 De
283 3066 498 3133 admonitione
530 3067 577 3130 ad
600 3068 699 3130 laicos
726 3085 789 3152 pro
817 3067 936 3128 bonore
969 3063 1182 3127 ecclesiastico
1211 3081 1342 3124 comem

714 3147 831 3210 vando.
1449 3191 1450 3202 ,

289 3233 362 3298 Vll.
403 3233 526 3296 Omnes
543 3254 622 3295 vero
642 3233 741 3294 laicos
762 3251 929 3292 monemus
950 3238 987 3291 ut
1003 3227 1162 3290 honorem
1178 3225 1343 3289 eeclesias·
1449 3221 1450 3236 ¹

206 3318 308 3380 ticum
326 3325 540 3394 conservent,
562 3325 595 3378 et
615 3317 745 3398 dignam
768 3312 1013 3376 venerationem
1035 3310 1205 3394 Episcopis
1226 3320 1259 3371 et
1279 3311 1341 3371 Dei

207 3399 433 3464 Sacerdotibus
450 3399 636 3476 exhibeant,
657 3394 744 3459 etad
762 3417 873 3458 eorum
888 3395 1162 3482 praedicationem
1183 3414 1256 3454 cum
1275 3393 1342 3453 suis

208 3481 325 3554 devote
346 3491 537 3560 occurrant,
567 3489 601 3543 et
620 3481 743 3543 ieiunia
764 3479 802 3539 ab
826 3478 893 3540 illis
912 3477 1128 3540 communiter
1146 3476 1268 3536 indicta
1287 3495 1343 3535 re..

207 3574 363 3629 verenter
382 3565 565 3642 observent,
588 3573 621 3626 et
637 3583 712 3626 snos
733 3561 904 3623 observare
920 3561 1058 3622 doceant
1080 3567 1113 3632 et
1133 3558 1342 3641 compellant.

206 3651 250 3712 Et
263 3659 301 3711 ut
321 3647 415 3709 etiam
434 3648 504 3710 dies
524 3647 716 3724 dominicus,
733 3645 816 3706 sicut
831 3643 935 3718 decet,
951 3651 984 3704 et
999 3641 1180 3704 honoretur
1200 3647 1233 3700 et
1251 3640 1341 3701 cola=

207 3745 261 3795 tur
279 3751 391 3796 omnes
416 3731 574 3794 studeant
624 3731 667 3792 Et
692 3738 728 3790 ut
750 3727 885 3789 liberius
907 3726 979 3787 fieri
1004 3725 1117 3808 possit,
1147 3731 1288 3784 mercata
1310 3733 1343 3783 et

206 3817 325 3962 placita
346 3815 363 3874 1
384 3813 576 3891 comitibus,
603 3815 689 3876 sicut
707 3830 801 3895 saepe
823 3809 1022 3872 admonitum
1035 3809 1108 3886 fnit,
1129 3805 1189 3866 illo
1204 3803 1342 3889 dispro-

233 3899 393 3964 ibeantan.

207 4009 265 4078 De
294 4005 509 4070 adnmstitione
539 4003 586 4068 od
603 4003 741 4068 Abbates
769 4016 801 4064 et
828 4001 942 4064 Loicos
970 4021 1036 4085 prof
1059 3997 1264 4064 Monasteriis
1298 4017 1342 4067 ss:

488 4090 588 4168 regali
614 4089 760 4166 largitate
792 4087 854 4149 sibi
874 4084 1058 4146 commissis.
1448 4087 1449 4100 ¹

244 4229 247 4238 ,
289 4173 377 4242 ι11111.
419 4169 595 4236 Abbatibus
613 4169 745 4253 quoqne
766 4179 798 4231 ct
817 4167 921 4230 Laicis
943 4165 1127 4250 specialiter
1142 4161 1289 4225 iuhemus
1306 4171 1342 4222 ut

207 4257 242 4326 iu
259 4254 460 4324 monasteriis
484 4275 568 4346 quae
586 4275 626 4326 es
650 4262 759 4322 nostra
778 4251 923 4338 largitate
944 4247 1082 4331 habent,
1104 4249 1345 4337 Episcoporusn
1448 4303 1449 4358 ἐ
