2920 4972
284 357 427 432 acan.
518 361 939 434 ‘arcun-amaccura,
995 370 1104 430 ¹mr.
1229 347 1286 428 'tt

152 513 316 598 cientibus
334 512 519 596 quodcum
541 522 642 575 matra
658 517 690 574 et
715 509 782 584 iilia
804 509 996 590 mansisset„
1014 507 1160 574 habeant·
1189 514 1288 592 viros.

151 595 234 665 Nam
254 597 281 659 si
297 597 331 656 i'n
351 583 498 656 notitiam
510 594 641 656 illarum
654 593 783 658 venerit
796 592 859 654 hoc
875 579 992 672 scelus,
1006 594 1170 656 dimittant
1189 599 1289 658 mari-

153 695 202 744 tos
228 690 262 742 et
288 688 384 761 agant
401 677 646 762 poenitentiam,
666 685 699 738 et
715 675 846 737 illarum
864 675 971 740 mariti
993 677 1187 760 posteriores
1203 681 1287 743 acci-

144 766 252 850 piant·
264 761 428 826 mulieres.
733 791 737 798 ·
997 831 999 838 Α
1045 795 1048 802 ·
1158 787 1161 792 ’
1185 781 1188 793 ·

154 849 204 910 De
219 869 255 908 eo
269 847 325 930 qni
336 866 407 904 cum
414 865 477 904 nnc
485 860 631 905 sororum
639 841 832 912 moechatus,
846 839 977 902 alteram
986 843 1020 902 in
1027 861 1165 904 'umorem
1181 841 1288 908 darie.

145 997 150 1022 ‹
237 953 310 1016 XV.
353 949 510 1012 Similiter
530 958 563 1010 et
585 949 625 1010 dc
651 947 775 1010 duabus
796 945 971 1026 sororibus,
991 946 1050 1030 qui
1071 969 1147 1010 cum
1164 971 1230 1010 uua
1254 950 1306 1012 in.

159 1034 325 1100 adulterio
344 1032 472 1110 mansit,
496 1041 528 1094 et
550 1031 685 1093 alteram
709 1031 744 1092 in
769 1027 902 1113 publico
922 1051 997 1091 acce
1022 1031 1058 1110 it,
1085 1047 1152 1094 non
1174 1031 1291 1096 haheat

149 1119 329 1181 mulierem
357 1136 461 1198 usq-ue
487 1115 522 1174 in
548 1114 636 1176 diem
659 1113 791 1184 mortis;
827 1053 1079 1176 scillacium
1103 1133 1241 1194 sorores,
1262 1117 1292 1178 si

145 1201 356 1275 nescierunt,
379 1198 521 1258 habeant
535 1197 675 1258 maritos.
716 1196 801 1258 Etsi
820 1195 855 1256 in
876 1193 1025 1258 notitiam
1042 1195 1088 1260 eis
1107 1198 1209 1276 venitv
1234 1220 1293 1260 su·-

154 1285 322 1370 periorem
338 1283 475 1342 formam
495 1289 636 1342 servent.
1210 1281 1213 1288 ’

156 1400 197 1461 Si
211 1401 380 1480 coniugam
399 1397 482 1458 alter
494 1395 535 1457 sit
557 1395 713 1480 leprosas,
728 1407 835 1482 potest
849 1394 932 1456 aiter
949 1408 1020 1455 cnm
1036 1392 1123 1457 iliius
1138 1411 1293 1460 consensu

535 1477 627 1539 alind
645 1479 727 1538 inire
753 1479 939 1558 coniugium.
1277 1476 1280 1498 ¹

240 1563 328 1628 XVI.
371 1561 405 1624 Si
419 1561 471 1626 vir
484 1561 630 1646 leprosus
651 1559 823 1622 mulierem
839 1557 955 1620 habeat
977 1579 1096 1638 sanam,
1115 1557 1144 1625 si
1166 1563 1239 1626 vult
1261 1565 1294 1628 ei

155 1647 282 1710 *donare
313 1655 527 1706 commeatum
550 1653 587 1704 ut
607 1643 742 1727 accipiat
769 1645 887 1721 viratu,
911 1641 979 1726 ipsa
1000 1641 1132 1724 femma,
1155 1646 1183 1710 si
1209 1647 1292 1727 ruit,

157 1724 307 1812 accipiat.
349 1728 508 1790 Similiter
530 1735 562 1789 et
583 1726 643 1790 vir.

202 1843 339 1929 Quando
355 1861 442 1904 uxor
458 1853 550 1922 negat
569 1841 630 1902 sibi
634 1839 741 1922 fnisse
755 1861 825 1920 cnm
837 1841 951 1902 marito
967 1845 1199 1920 commercium,
1222 1856 1254 1909 et

440 1927 576 1986 maritas
602 1929 713 1984 coittro
725 1919 831 2003 fnisse
849 1917 1011 2006 aeifirnmt.

242 2010 347 2073 XVII.
388 2008 423 2070 Si
443 2009 516 2090 quis
532 2005 656 2089 accepit
675 2006 857 2084 mulierem,
876 2014 908 2066 et
927 2005 1041 2066 habuit
1063 2006 1163 2091 ipsam
1183 2009 1296 2096 aliquo

156 2093 319 2175 tempore,
339 2101 374 2153 et
394 2091 462 2174 ipsa
475 2090 596 2152 femina
613 2085 692 2150 dicit
710 2089 799 2172 quod
818 2109 884 2148 non
904 2088 1070 2150 mansisset
1092 2107 1167 2152 cam
1191 2090 1239 2172 ea,
1263 2103 1298 2156 et

158 2177 219 2236 ille
240 2174 292 2236 vir
311 2174 392 2236 dicit
412 2173 501 2256 quod
529 2173 576 2234 sic
605 2172 695 2250 fecit,
722 2173 757 2232 iu
772 2171 917 2234 «veritate
947 2169 1012 2232 viri
1033 2173 1197 2252 consistat,
1218 2177 1298 2258 quia

158 2264 260 2340 caput
279 2264 328 2318 est
342 2255 499 2318 mulieris.
540 2258 591 2316 De
612 2254 750 2316 muliere
769 2275 853 2336 quae
871 2251 950 2314 dicit
971 2253 1060 2336 qnod
1078 2254 1131 2317 vir
1155 2279 1234 2321 suus
1264 2259 1297 2320 ci

159 2339 392 2402 commercium
415 2337 560 2402 maritale
579 2358 646 2397 non
674 2335 827 2414 reddidit,
843 2333 1002 2418 Georgius
1020 2339 1193 2402 consensit.

85 2529 88 2536 Ι
163 2434 165 2444 ¹
206 2455 272 2539 Qui
282 2466 416 2540 propter
433 2453 615 2513 inimicitias
633 2453 666 2513 in
682 2451 778 2511 aliam
802 2453 973 2531 regionem,
992 2449 1125 2514 dimissi
1138 2475 1255 2529 tenore,

81 2539 86 2548 '
328 2557 348 2578 ··
505 2533 607 2616 sagit,
634 2534 727 2594 aliam
758 2533 947 2594 conducat.

150 2664 154 2674 .
199 2617 203 2624 ’
245 2617 366 2683 XVIII.
408 2617 444 2680 Si
463 2617 520 2700 qni
539 2615 958 2700 proptervfaidam·'fngiunt
979 2613 1013 2677 in
1031 2617 1132 2679 ‘aliam
1149 2620 1297 2704 patriam,

158 2714 196 2765 ct
213 2701 382 2764 dimittunt
399 2721 516 2762 uxores
542 2721 625 2778 suas,
645 2719 705 2760 nec
723 2699 774 2759 illi
792 2698 856 2762 viri
882 2719 943 2763 nec
964 2699 1039 2762 illae
1057 2701 1197 2766 feminae
1218 2704 1300 2765 acciu

160 2788 256 2870 piant
270 2784 467 2867 coniugium.
510 2782 669 2864 Georgius
683 2781 855 2842 consensit.
957 2827 964 2842 .

630 2898 679 2958 De
701 2897 837 2958 incestis.

247 3006 333 3068 xlx.
376 3005 410 3068 Si
439 3002 536 3068 homo
554 3005 713 3074 incestum
739 3001 934 3082 commiserit
963 3007 1003 3068 de
1031 3015 1220 3088 matresua,
1245 3014 1303 3068 ant

146 3110 241 3152 'cnm
256 3089 392 3149 matrina
407 3111 463 3150 sua
481 3091 521 3151 dc
535 3089 626 3149 fonte
639 3097 671 3148 et
686 3087 930 3150 confirmatione
949 3111 1018 3166 sua,
1036 3097 1091 3149 aut
1108 3111 1183 3153 oum
1197 3100 1299 3156 matre

164 3181 199 3232 et
219 3169 297 3248 filia,
317 3180 371 3232 aut
385 3193 460 3232 oum
483 3171 606 3233 duabus
629 3170 802 3247 sororibus,
817 3178 872 3230 aut
890 3193 965 3232 oum
985 3172 1092 3252 fratris
1107 3173 1160 3234 val
1179 3175 1300 3235 sororis

163 3253 245 3331 filia,
274 3263 329 3314 aut
356 3263 464 3336 nepta,
487 3262 543 3314 aut
568 3275 643 3314 cnm
674 3252 865 3328 consobrina
892 3253 945 3316 vel
970 3253 1111 3332 sobrina,
1143 3266 1199 3332 aut
1225 3277 1302 3317 cum

163 3337 264 3396 amita
287 3336 341 3398 vel
356 3345 539 3413 matertera,
554 3337 593 3398 de
608 3337 660 3398 his
674 3335 862 3398 criminibus
881 3335 1054 3418 pecuniam
1068 3358 1157 3398 suam
1175 3339 1299 3421 perdat,
1373 3328 1377 3337 ’

145 3419 193 3487 ,si
213 3418 322 3480 habet.
340 3419 383 3486 Et
400 3418 427 3480 si
441 3439 475 3480 se
494 3419 667 3480 emendare
689 3417 968 3496 nolue1·it‚nullus
984 3439 1059 3491 eum
1076 3421 1222 3503 recipiat,
1240 3441 1301 3480 nec

147 3501 278 3580 ,cibum
295 3499 447 3562 eidonet.
471 3502 554 3564 Etsi
577 3499 702 3579 fecerit,
731 3501 895 3582 sexaginta
924 3500 1043 3561 solidos
1067 3504 1195 3564 Domno
1220 3502 1302 3584 Regi
1408 3509 1411 3514 “

164 3589 457 3666 compunctusque
476 3585 553 3645 dum
574 3605 606 3646 se
626 3585 694 3666 ipse
713 3583 810 3644 homo
832 3583 1019 3647 correxerit.
1061 3584 1105 3644 Et
1123 3585 1150 3645 si
1167 3585 1302 3666 pecuni-

164 3689 219 3726 am
240 3687 307 3726 non
327 3665 434 3744 habet,
450 3667 596 3727 mittatur
610 3667 644 3726 iu
667 3687 832 3727 carcerem
850 3665 1020 3746 usquead
1040 3664 1301 3727 satisfactionem.

144 3742 152 3762 '⁴
164 3744 203 3808 si
228 3769 339 3810 servus
362 3756 416 3808 aut
437 3739 572 3830 libertus
584 3759 648 3830 est,
668 3749 843 3832 vapuletur
863 3745 965 3832 plagis
982 3746 1101 3824 maltis.
1143 3749 1185 3808 Et
1200 3747 1227 3810 si
1242 3749 1302 3822 do-

163 3829 276 3890 minus
301 3851 377 3892 suns
397 3829 581 3914 permiserit
596 3829 732 3916 amplias
746 3827 780 3890 iu
797 3821 861 3890 talc
875 3829 980 3890 scelus
1004 3829 1130 3906 cadere,
1151 3829 1218 3912 ipse
1242 3830 1301 3891 do·

164 3912 276 3974 minus
290 3913 371 3996 Regi
390 3914 556 3997 sexaginta
571 3913 691 3976 solidos
715 3921 894 3996 componat.
980 3992 990 4001 ..
1026 3993 1030 4000 ,
1073 3991 1076 3998 .

521 4031 571 4090 De
586 4028 804 4090 ecclesiasticis
820 4028 911 4088 viris.
959 4101 961 4108 Α

167 4199 174 4209 q
250 4133 321 4194 XX.
362 4135 412 4194 De
431 4134 662 4215 ecclesiasticis
680 4155 772 4212 vero,
793 4132 820 4196 si
841 4133 927 4193 bona
950 4154 1088 4216 persona
1111 4129 1305 4214 fucritper-

167 4212 225 4276 dat
236 4213 398 4279 honorem
416 4237 520 4280 suum.
562 4217 705 4280 Minores
719 4237 798 4280 varo
813 4217 1023 4302 vapulentur,
1042 4214 1122 4278 etin
1139 4235 1303 4278 carcerem

167 4299 348 4362 mittantur.
