2958 4986
194 289 264 366 186
446 307 591 369 ((1111.
699 311 958 370 caerretanus
1056 314 1120 374 soa
1183 352 1189 366 ,

190 451 356 515 Siciliam
375 449 467 515 Deua
488 447 620 512 adiuuet
641 464 671 514 et
687 451 797 516 Sancti
814 473 948 540 quorum
968 456 1047 516 istae
1069 455 1222 541 reliquiae
1244 471 1337 532 sunt,

193 536 410 598 alacritatem
430 533 528 596 dicat.
734 620 780 682 XI

273 697 403 764 Lxxll.
445 697 480 760 Si
502 717 554 760 res
576 698 739 763 intertiata
756 703 844 767 farto
864 703 969 765 ablata
988 703 1100 783 luerit,
1121 703 1220 766 liceat
1234 703 1266 766 ei
1283 728 1336 766 su·

190 805 250 870 per
279 803 379 866 quem
408 801 461 844 res
489 780 653 844 intertiata
676 785 794 865 fuerit,
830 795 1031 848 sacramento
1051 809 1085 850 se
1106 808 1263 850 excusare
1293 789 1337 851 de

191 869 280 928 iurto
300 864 391 948 quod
406 885 468 928 uec
489 885 565 926 suae
589 865 767 932 voluntatis
791 878 846 930 aut
867 868 1085 934 conscientiae
1106 871 1222 935 suisset
1242 872 1338 955 quod

191 951 334 1014 ablutum
353 957 413 1028 est,
435 956 490 1010 aut
509 957 635 1012 tantum
654 950 724 1014 sins
746 951 864 1014 damno
887 953 1045 1016 restituat.

271 1115 322 1179 De
340 1113 473 1177 homine
490 1113 549 1198 qui
570 1115 819 1199 comprehendit
841 1141 979 1182 servum.
1021 1119 1120 1182 Iussit
1148 1139 1224 1182 eum
1245 1119 1340 1180 occi-

192 1199 270 1263 dere
284 1198 430 1261 dominos
442 1219 517 1260 suos
533 1197 614 1261 duos
633 1199 784 1278 inientes,
805 1225 907 1264 uuum
929 1201 987 1286 qui
1002 1202 1117 1264 habuit
1137 1214 1258 1266 uorem
1277 1225 1341 1262 au-

193 1305 263 1360 nos,
286 1282 388 1342 alium
408 1281 465 1364 qni
481 1281 596 1344 babuit
611 1282 773 1345 undecim.
816 1286 866 1348 Ad
883 1296 1065 1348 extremum
1079 1285 1174 1346 illum
1192 1307 1339 1362 servum,

192 1375 364 1511 postquam
382 1363 529 1426 dominos
546 1387 620 1428 suos
641 1365 715 1427 illos
733 1389 852 1450 pueros
867 1369 998 1446 occidit,
1024 1369 1059 1428 in
1081 1369 1209 1432 foveam
1229 1390 1340 1454 quau·

218 1471 268 1508 am
289 1447 438 1532 proiecit.
478 1449 521 1509 Et
543 1447 722 1511 indicatum
744 1459 792 1514 est
815 1461 853 1512 ut
877 1451 974 1514 illum
997 1449 1054 1534 qui
1086 1473 1205 1514 novem
1234 1473 1341 1512 aursos

192 1529 318 1608 babuit,
347 1529 524 1613 weregildo
544 1541 734 1616 componut;
766 1533 866 1597 alium
882 1555 960 1595 vero
983 1533 1041 1617 qui
1065 1533 1219 1595 undecim
1235 1556 1341 1594 annos

193 1612 319 1693 babuit,
342 1613 536 1697 dupliciter;
567 1635 715 1694 servum,
745 1637 844 1700 quem
860 1617 1070 1696 mordricum,
1091 1617 1285 1702 tripliciter;
1307 1627 1347 1678 et

194 1697 339 1760 bannum
356 1705 503 1759 nostrum
521 1696 685 1760 adomnia
699 1695 757 1782 f).

369 1901 636 1968 CAPITULARE
657 1903 855 1984 anruu
875 1903 976 1968 Anni
996 1903 1170 1968 Decem.

198 2013 282 2088 Alia
306 2015 465 2108 capitida
488 2017 653 2088 addenda
677 2027 783 2104 suut,
817 2039 862 2086 ea
893 2041 986 2112 quas
1010 2038 1130 2112 nuper
1154 2017 1279 2088 audita
1306 2027 1345 2088 st

567 2126 756 2217 comperta
779 2117 968 2188 habemus.

220 2268 299 2352 CaP·
331 2267 356 2329 ¹·
398 2231 467 2354 De
485 2292 622 2356 Clericis
642 2303 675 2356 et
694 2291 800 2355 Laicis
819 2292 881 2376 qui
906 2292 1044 2358 chrisma
1068 2293 1109 2356 ad
1129 2293 1273 2376 aliquam
1289 2292 1345 2352 ni-

199 2379 363 2440 mietatem
384 2375 462 2438 dant
478 2385 510 2437 et
529 2377 703 2460 accipiunt.
751 2377 785 2438 si
810 2375 883 2460 quis
901 2377 1074 2463 Presbyter
1093 2387 1149 2438 aut
1171 2377 1339 2439 Diaconos

200 2463 276 2524 dare
303 2469 359 2520 aut
388 2460 534 2542 accipere
555 2459 824 2544 praesumpserit,
856 2460 990 2542 gradum
1020 2459 1152 2522 amittat.
1208 2459 1337 2520 Caeteri

200 2543 323 2608 Clerici
349 2545 394 2619 (et
416 2544 591 2606 Nonnanes
610 2551 640 2624 g)
668 2543 874 2626 disciplinam
900 2545 1104 2627 corporalem
1137 2551 1170 2606 et
1200 2541 1337 2603 carceris

200 2625 379 2692 custodiam
395 2625 586 2688 sustineant.
629 2625 715 2688 Laici
736 2625 794 2708 qui
816 2627 1013 2711 acceperint,
1035 2635 1090 2688 aut
1112 2624 1212 2688 alicui
1236 2623 1340 2686 dede-

201 2712 279 2790 rint,
302 2731 434 2770 mauum
453 2709 603 2791 perdant.

279 2793 321 2855 11.
365 2795 414 2853 De
433 2791 564 2874 negotio
583 2812 681 2876 super
699 2791 807 2854 omnia
822 2790 1090 2876 praecipiendum
1106 2799 1209 2860 estut
1227 2788 1349 2850 nullus

199 2875 316 2938 audeat
335 2874 369 2938 iu
392 2883 486 2936 nocte
507 2876 673 2956 negotiare
699 2877 733 2935 in
755 2897 830 2936 vasu
853 2896 951 2936 aurea
978 2885 1010 2938 et
1033 2885 1198 2957 argentea,
1220 2871 1344 2932 manci·

197 2959 269 3044 pia,
301 2980 458 3042 gemmas,
486 2957 645 3036 caballos,
675 2958 836 3037 animalia,
867 2967 1003 3040 excepto
1023 2957 1213 3020 vivandaet
1231 2955 1341 3031 fodro,

198 3041 288 3126 quod
302 3043 366 3104 iter
384 3039 553 3126 agentibus
572 3043 752 3104 necessaria
776 3049 869 3122 sunt,
901 3041 1012 3104 saa-in
1030 3041 1083 3104 die
1103 3060 1212 3102 eorum
1232 3037 1343 3098 omni-

197 3125 259 3189 bus
274 3135 307 3186 et
328 3147 437 3187 coram
455 3123 589 3186 testibus
613 3124 838 3207 unusquisque
859 3145 953 3186 suum
972 3123 1140 3206 negotium
1158 3127 1320 3184 exerceat.

280 3209 336 3270 111.
378 3206 516 3289 Reliqua
531 3207 672 3290 capitula
691 3225 781 3290 quae*
794 3207 829 3266 in
844 3205 1005 3268 anteriore
1025 3203 1203 3290 Capitulari
1221 3203 1344 3285 scripta

198 3302 286 3371 sunt,
310 3299 376 3352 tum
396 3291 436 3352 de
451 3291 695 3356 venundatione
718 3312 886 3367 annonae,
916 3299 949 3350 et
971 3290 1013 3351 de
1035 3289 1172 3372 reliquis
1198 3284 1344 3362 iustitiis,

199 3375 285 3438 etde
301 3373 537 3436 restauratione
555 3373 794 3450 Ecclesiam,
825 3371 866 3434 et¹
878 3373 918 3435 de
939 3395 1034 3456 pace,
1065 3382 1098 3436 et
1124 3371 1163 3433 de
1183 3367 1345 3453 fugitivis,

199 3467 232 3522 et
256 3459 296 3522 de
317 3457 455 3543 singulis
478 3456 664 3542 quibusque
686 3455 807 3535 causis,
829 3455 937 3518 omnia
958 3457 1001 3518 itu
1020 3456 1243 3519 observentur.
1290 3457 1306 3480 ·’

545 3563 629 3626 Heic
649 3563 765 3625 desunt
786 3566 891 3648 capito
914 3577 996 3628 octo.

281 3647 351 3710 ΧΠ.
391 3646 522 3710 Nemini
542 3647 789 3728 liceatservum
814 3669 910 3708 suum
927 3655 1061 3732 propter
1084 3645 1237 3714 damnum
1262 3645 1280 3708 ia
1308 3665 1345 3705 se

201 3730 379 3804 dimittere;
412 3731 469 3792 sed
489 3731 579 3793 iuxta
600 3730 791 3814 qualitatem
808 3732 922 3814 culpae
938 3731 1089 3793 dominus
1111 3728 1181 3788 eius
1195 3748 1255 3808 pro
1273 3729 1346 3808 ipso

200 3837 296 3878 servo
313 3815 526 3900 respondeat,
557 3825 613 3876 aut
630 3823 802 3898 componat
822 3813 982 3896 quicquid
1003 3813 1061 3874 ille
1077 3811 1156 3872 facit
1178 3831 1281 3891 usque
1306 3811 1347 3870 ad

201 3919 299 3983 super
312 3895 588 3982 plenam‘leudem
602 3897 697 3960 liberi
711 3897 861 3960 bominis.
895 3895 1063 3980 Quicquid
1078 3915 1175 3980 super
1192 3892 1254 3956 hec
1270 3897 1348 3959 iue-

202 3981 257 4062 111,
279 3979 498 4066 iuregauditio
519 4002 588 4044 esse
606 3982 749 4045 ridetur.
810 4064 819 4074 ,
1095 3988 1097 3992 ‘

208 4127 456 4144 m

236 4207 274 4278 f)
307 4207 398 4277 Caput
424 4204 498 4260 istud
528 4222 583 4257 non
615 4214 691 4260 extat
720 4205 750 4258 in
833 4211 872 4278 g)
895 4205 1002 4259 Desunt
1022 4205 1100 4258 11111.
1121 4221 1167 4258 ms.

292 4275 389 4343 eodd„
408 4295 476 4351 quos
486 4276 612 4330 baluzius
623 4277 749 4348 inspexit.
