2952 4988
294 365 335 427 a.
354 361 443 422 aaa.
554 363 695 425 nacon
713 335 954 426 rmnconuu
1057 361 1121 428 aot.
1238 347 1359 458 199.

499 507 548 568 De
573 506 764 570 ordinandis
785 507 995 586 Presbyter-is.
1103 565 1107 572 ,
1250 571 1254 579 ,

179 660 183 667 ,
217 587 277 652 1v.
321 589 365 652 Ut
381 589 608 675 unusquisque
632 591 813 676 Episcopus
830 591 865 656 in
880 587 1105 676 suapuroebii
1129 585 1312 661 secundiori

161 669 353 739 canonicam
378 671 617 750 institutionem
635 675 845 759 Presbyteros
866 673 1011 737 ordinari
1027 675 1134 738 faciat
1234 753 1238 760 .

390 781 440 842 De
460 783 652 861 ingressum
678 783 878 848 Monasteria
899 781 1089 864 puellarum.
1121 855 1124 860 Δ
1186 785 1189 834 ἱ

244 855 286 926 V.
328 863 372 926 Ut
395 864 508 925 nullus
536 865 569 924 iu
599 866 796 927 Mouasteria
824 865 1010 950 puellarum
1033 864 1086 925 rel
1113 863 1306 932 ancillarum

161 944 227 1008 Dei
249 944 371 1008 intrare
384 957 587 1028 praesumat5
612 971 673 1012 nec
692 950 878 1034 Presbyter,
893 969 955 1010 nec
967 947 1214 1024 Diaconus,neo
1226 951 1308 1010 Sub-

162 1028 332 1106 diaconus,
347 1029 399 1090 vel
418 1029 578 1108 Clericus,
603 1042 659 1094 aut
682 1032 811 1111 Laicus,
835 1032 899 1094 nisi
921 1040 1047 1092 tantum
1069 1031 1308 1114 Presbyterad

134 1109 291 1200 ,missam
324 1111 550 1174 celebrandam
574 1125 718 1198 tempore
748 1126 945 1204 opportuno,
976 1111 1190 1194 ingrediatur,
1221 1103 1307 1175 salvat

160 1193 356 1256 necessitate
383 1196 572 1258 Monasterii
596 1198 778 1260 secundum
794 1197 985 1261 canonicam
1007 1194 1257 1274 institutionem,
1274 1205 1307 1264 et
1347 1270 1348 1274 Ἰ

160 1277 252 1337 iuxta
279 1277 369 1358 quod
394 1277 573 1360 Episcopus
603 1281 704 1364 ipsius
731 1282 904 1364 parochiae
934 1279 1056 1342 ibidem
1095 1277 1306 1342 ordinaverit.

160 1359 337 1444 Presbyter
361 1369 467 1420 autem
482 1363 760 1432 missacelebratla
778 1366 885 1427 statim
901 1370 1006 1425 exeat.
1253 1383 1262 1394 ’

167 1441 210 1503 Ut
229 1444 264 1503 in
272 1442 477 1504 Mouastcriis
493 1449 671 1528 puellarum
685 1469 739 1508 eae
754 1449 856 1510 solum
872 1445 1009 1528 infantes
1029 1447 1211 1506 nutriantur
1219 1456 1303 1528 quae

456 1549 489 1587 uz
512 1549 548 1590 eo
563 1531 633 1592 loco
646 1545 909 1614 perseveraturae
928 1541 1010 1588 stant.
1204 1562 1209 1611 3
1231 1551 1240 1603 ς

243 1608 301 1671 VI.
344 1608 543 1692 Quicunque
559 1613 658 1679 filiam
675 1635 775 1690 suam,
800 1622 856 1673 aut
881 1621 1022 1694 neptam,
1049 1621 1104 1670 aut
1124 1613 1310 1694 parentem,

160 1693 232 1752 Deo
250 1691 467 1774 omnipotenti
488 1693 602 1757 offerre
622 1697 775 1773 voluerit,
797 1696 965 1760 licentiam
989 1692 1114 1755 habeat.
1158 1694 1215 1754 Sin
1241 1717 1300 1754 uu·

159 1781 227 1858 tem
242 1775 330 1834 domi
347 1775 488 1838 infantes
510 1799 583 1840 suos
601 1779 735 1856 nutriat,
753 1789 785 1839 et
801 1801 866 1843 non
885 1777 980 1838 aliam
1004 1777 1090 1837 infru
1109 1777 1304 1859 Monasteria
1376 1815 1378 1822 =

70 1873 72 1878 ·
159 1857 288 1917 mittere
299 1859 469 1920 nutriendi
480 1864 574 1924 causat
583 1869 777 1944 praesumat,
789 1862 850 1922 nisi
860 1882 943 1942 quae
960 1860 992 1920 in
1005 1859 1154 1941 ipsoloco
1166 1857 1304 1923 firmiter

158 1937 194 2012 iu
217 1939 278 2000 Dei
292 1941 426 2002 servitio
439 1963 611 2023 persovere
627 1944 780 2022 voluerit,
803 1945 854 2005 vel
868 1944 1049 2006 seeundum
1067 1943 1213 2020 instituta
1224 1963 1301 2006 san-

86 2045 88 2050 ·
158 2030 286 2083 ctorum
307 2025 442 2084 Petrum
456 2047 514 2086 seu
531 2028 720 2090 canonicum
746 2027 981 2088 auctoritatem.

246 2105 441 2167 Utmascuta'
461 2110 496 2168 in
513 2111 723 2172 Monasteriz's
737 2112 925 2194 puellarum
944 2117 1006 2170 non
1026 2109 1218 2168 nutriantur.

241 2189 332 2251 VIII.
375 2190 520 2252 Omnino
554 2193 764 2278 prohibemus
782 2202 819 2253 ut
842 2193 955 2254 nullus
980 2191 1158 2272 musculum
1185 2189 1312 2266 lilium,

158 2279 216 2331 aut
231 2281 396 2353 nepotem,
420 2275 470 2334 vei
493 2287 661 2356 parentem
675 2277 780 2353 suum,
796 2277 830 2342 in
845 2274 1043 2336 Monasterio
1062 2275 1246 2357 puellarum
1260 2271 1302 2336 ad

156 2353 371 2499 nptriendupln
386 2359 612 2423 commendare
633 2368 827 2444 praesumat,
841 2379 901 2422 nec
917 2358 1089 2444 quisquam
1103 2357 1208 2426 ullum
1229 2379 1301 2418 sus-

157 2451 268 2519 cipere
294 2459 335 2497 au
360 2447 420 2499 eat.

261 2542 304 2606 Ut
326 2565 415 2606 arma
433 2548 466 2606 in
481 2546 688 2608 Monasteriis
702 2549 882 2632 puellarum
904 2569 967 2609 non
985 2546 1195 2631 deponantur.

198 2627 290 2716 VIII.
331 2630 374 2688 Ut
396 2629 509 2690 nullus
528 2653 566 2691 ex
591 2631 737 2692 clericali
762 2629 902 2708 Ordine,
925 2629 1115 2694 Sacerdotes
1134 2630 1299 2710 videlicet,

155 2717 213 2768 aut
240 2708 296 2769 alii
315 2709 448 2788 Clerici,
465 2733 573 2793 neque
596 2714 723 2790 Laieus,
741 2713 883 2775 bruneus
903 2723 958 2775 aut
979 2735 1066 2773 arma
1083 2712 1168 2774 infra
1181 2716 1298 2776 Mona-

155 2791 253 2852 steria
274 2794 461 2876 puellarum
477 2796 702 2858 commendare
725 2805 942 2878 praesumant,
960 2819 1022 2871 nee
1037 2796 1208 2878 quisquam
1220 2795 1306 2870 recia

152 2895 233 2959 pere
251 2875 378 2956 audeat,
394 2887 536 2968 =ercepto
557 2879 584 2942 si
605 2878 637 2938 in
657 2879 871 2970 eleemosyna,
892 2881 1001 2942 dutum
1024 2879 1133 2952 fuerit.
1187 2916 1192 2920 ι
1295 2883 1298 2892 '

375 3031 587 3108 carnum
627 3031 743 3118 uara
784 3033 1080 3134 pausaturus.
1146 3032 1191 3118 ³(
1328 3021 1330 3026 ’

152 3111 361 3232 Admonere
378 3193 434 3233 vos
451 3171 559 3254 cupio,
581 3173 696 3232 fratres
723 3180 755 3232 et
771 3170 867 3234 filioli
887 3173 963 3248 mei,
983 3184 1019 3234 ut
1038 3174 1097 3236 iste
1120 3195 1222 3258 pauca
1238 3183 1310 3236 roa-2

152 3254 270 3339 pitula,
287 3275 370 3335 quae
390 3253 469 3316 hinc
488 3255 607 3335 scriptu
622 3263 710 3331 sunt,
728 3253 886 3316 intentius
912 3255 1060 3320 audiatis.

237 3338 264 3396 Ι.
308 3337 471 3416 Inprimis,
490 3347 527 3398 ut
543 3337 699 3401 Sacerdos
718 3335 783 3398 Dei·
797 3337 905 3398 divina
922 3338 1080 3422 scripturi
1105 3338 1219 3402 doctus
1244 3337 1310 3414 sit,-
1390 3347 1391 3352 ’

156 3430 190 3480 et
205 3418 308 3480 fidem
318 3417 488 3490 Trinitatis
502 3429 592 3482 recte
610 3419 730 3498 credat,
751 3426 784 3480 et
804 3419 884 3482 ulios
900 3420 1025 3500 doceat,
1057 3431 1091 3486 et
1109 3443 1204 3486 suum
1233 3419 1310 3481 affia

156 3502 244 3564 oium
260 3501 345 3563 bene
365 3503 466 3584 possit
486 3503 632 3588 implere.
732 3502 735 3510 ’

237 3585 281 3644 ΙΙ.
300 3622 309 3636 ι
324 3585 368 3644 Ut
388 3595 492 3646 toturn
514 3583 703 3669 psalterium
718 3587 905 3650 memoriter
918 3594 1036 3648 teneat.

238 3667 297 3726 III.
340 3669 383 3727 Ut
396 3669 601 3752 signaculum
616 3677 649 3730 et
670 3669 895 3754 baptisterium
911 3670 1099 3732 memoriter
1118 3677 1238 3732 teneat.
1285 3710 1287 3719 ,

237 3748 294 3810 lv.
337 3752 378 3810 Ut
404 3751 443 3813 de
464 3753 642 3816 canonibus
671 3755 784 3818 doctus
810 3751 863 3830 sit,
887 3759 920 3812 et
946 3773 1041 3814 suum
1061 3752 1298 3838 poenitentiale

154 3831 240 3892 benc
257 3833 346 3893 sciat.
616 3901 618 3908 ,
938 3871 940 3878 x

246 3915 287 3974 V.
330 3918 373 3976 Ut
388 3927 521 3978 cantum
541 3927 574 3979 et
590 3930 776 4000 compotum
805 3916 894 3982 sciat.
921 3967 923 3972 ,
1015 3965 1020 3974 .
1186 3950 1189 3956 ·

237 3996 293 4058 vt.
336 4001 378 4059 Ut
397 4001 508 4068 nullus
526 4001 684 4063 Sacerdos
706 4003 842 4064 feminas
867 4021 977 4062 secum
993 3999 1138 4062 habitare
1162 4000 1304 4084 permit,⁴

153 4086 210 4155 tat,
230 4091 367 4164 excepto
384 4093 497 4160 matre,
518 4099 640 4163 sorore,
662 4086 713 4145 rel
740 4085 846 4146 amite.
1207 4129 1210 4136 .
1235 4124 1237 4128 ·
1263 4133 1280 4158 Δ,
1294 4129 1311 4169 «ι.

237 4163 309 4224 Vll.
354 4169 397 4226 Ut
415 4165 600 4250 Presbyteri
622 4166 819 4230 intabernis
839 4164 951 4227 bibere
972 4187 1038 4226 uon
1060 4175 1276 4248 praesumunt.
1301 4214 1308 4238 ,.

237 4246 327 4308 v111.
368 4251 410 4310 Ut
429 4249 540 4396 ”nlius
555 4249 720 4311 avaritiam
734 4259 876 4312 sectetur
883 4273 891 4319 ;
913 4269 979 4310 nou
996 4249 1038 4312 sit
1049 4249 1219 4334 superbus,
1232 4271 1298 4312 non

154 4324 321 4408 ebriosus,
336 4350 402 4392 nou
419 4332 496 4397 vino
512 4339 619 4414 entus,
638 4354 698 4398 nec
715 4333 949 4398 somnolentus.
1057 4401 1059 4408 ,
