2952 4988
214 253 291 344 258
447 285 482 344 a.
504 283 592 348 cnr.
703 285 963 347 carisomus
1067 280 1132 340 us

584 427 635 492 Dc
652 449 732 516 pace
753 442 785 490 et
806 426 989 492 concordia.

297 531 358 598 IX.
400 538 442 600 Ut
456 555 519 681 pax
539 535 580 598 sit
597 544 632 600 et
646 536 821 600 concordia
841 536 928 599 inter
945 534 1123 620 Episcopus
1143 539 1177 594 et
1199 526 1369 608 Comites,

213 627 246 684 ct
266 619 411 704 reliquos
428 622 452 682 C
470 619 585 699 ericos,
604 628 637 682 ct
652 619 829 682 Monachos
851 629 884 680 et
902 619 1027 682 Lsicos.
1094 657 1099 696 ,

321 727 364 792 Ut
383 729 520 792 Comites
541 727 709 814 Episcopis
733 727 896 800 obediant,
914 741 946 790 et
968 725 1106 788 iustitias
1114 720 1254 806 saciant.

294 833 337 898 X.
380 837 424 898 Iit
443 833 586 898 Comites
615 843 648 896 ct
673 833 812 912 Iudices,
834 854 893 896 seu
914 832 1062 916 reliquus
1089 829 1244 914 popqus,
1278 827 1366 890 ohe-

212 917 339 983 dientes
352 918 418 980 sint
437 917 612 1002 Episcopo,
631 927 666 980 ct
681 916 824 980 invicem
844 917 1051 978 consentiant
1076 914 1117 976 ad
1145 911 1285 976 iustitias
1309 912 1365 972 fa-

211 1001 355 1080 ciendas,
370 1010 404 1062 et
417 1021 551 1063 munera
569 1021 628 1084 pro
645 1001 769 1062 iudicio
790 1021 856 1062 non
870 998 1041 1082 accipiant,
1057 1019 1118 1060 nec
1135 998 1232 1058 falsos
1246 1003 1364 1058 testes.

337 1107 379 1170 Ut
397 1121 536 1194 tempore
546 1105 650 1192 samis
670 1108 883 1191 unusquisque
897 1127 970 1168 suos
991 1105 1078 1166 alere
1097 1104 1236 1166 studeat.

294 1211 356 1276 XI.
399 1215 442 1276 Ut
463 1211 689 1296 unusquisqne
708 1220 841 1294 propter
861 1211 1004 1294 inopiam
1017 1212 1110 1274 lamis
1126 1233 1201 1274 suos
1219 1211 1364 1274 familia·

209 1317 262 1360 res
277 1305 310 1360 et
330 1297 373 1360 ad
392 1317 427 1360 sc
443 1295 646 1380 pertinentes
662 1295 844 1379 gnbernare
867 1295 1028 1358 studeant.

215 1427 258 1492 llt
277 1427 439 1516 Episcopo
460 1429 553 1492 licem
573 1427 614 1490 de
640 1429 788 1490 tlscsauro
809 1425 972 1488 Ecclesiae
991 1429 1185 1514 pauperibus
1215 1449 1359 1510 erogare.

292 1534 372 1598 XII.
415 1537 457 1598 Ut
472 1535 652 1618 unicnique
668 1533 907 1618 Episcoporum
933 1532 1032 1596 liceat
1058 1534 1098 1597 de
1114 1534 1273 1599 thesauro
1290 1540 1360 1602 Ec-

209 1618 541 1766 plppliateespsisppueribus
557 1639 689 1702 erogare
701 1618 742 1680 ad
759 1615 994 1680 nutrimentum
1006 1618 1188 1681 secundum
1203 1641 1360 1700 canones,

460 1807 503 1872 Ut
522 1810 607 1870 iusta
628 1809 692 1868 sint
714 1804 862 1892 pondera
882 1819 914 1868 et
941 1827 1114 1870 mensurae.

214 1997 221 2012 ·
264 1911 389 2060 ‘XIII
433 1913 476 1978 Ut
491 1915 638 2002 pondera
660 1913 714 1976 vei
737 1933 906 1974 mensurae
922 1913 1043 1997 ubique
1061 1916 1210 1998 aequalia
1234 1917 1300 1980 sint
1323 1928 1360 1982 et

211 2019 262 2061 sus
277 2021 304 2059 a.

277 2113 320 2178 Ut
340 2113 541 2200 praedicatio
564 2111 690 2176 assidue
699 2111 782 2197 fiat,
806 2113 894 2176 stab
915 2113 1059 2176 omuibus
1079 2115 1285 2195 intelligatur.

294 2219 387 2284 XIV.
428 2223 478 2282 De
498 2219 604 2282 officio
624 2217 885 2304 praedicationis,
903 2229 938 2280 ut
955 2220 1046 2281 iuxta
1065 2222 1155 2303 qnod
1177 2222 1261 2286 bene
1278 2224 1357 2286 vnl-

211 2303 295 2390 garis
319 2303 462 2388 populus
491 2303 675 2388 intelligere
697 2303 814 2385 possit,
842 2303 968 2366 assidue
985 2303 1048 2364 fiat.

385 2410 434 2471 Dc
457 2411 506 2470 liis
527 2429 607 2494 quae
624 2407 786 2472 dominico
806 2407 859 2468 die
872 2407 960 2494 ficri
973 2431 1036 2470 non
1054 2407 1178 2472 debent.

292 2515 367 2580 XV.
409 2516 457 2576 Ne
474 2515 644 2578 dominicis
662 2515 777 2578 diebus
792 2524 968 2577 mercatum
986 2515 1050 2594 fiat,
1061 2537 1169 2600 neque
1184 2519 1356 2598 placitum

211 2611 244 2664 et
259 2611 296 2662 ut
313 2599 364 2662 his
388 2597 503 2660 diebus
526 2621 620 2662 nemo
635 2597 676 2660 ad
690 2621 830 2681 poenam
847 2599 900 2660 reI
918 2599 959 2662 ad
977 2608 1115 2662 mortem
1137 2601 1312 2676 iudicetur;
1325 2615 1360 2668 et
1446 2589 1447 2636 I

212 2685 252 2748 de
270 2681 424 2767 operibus
448 2683 602 2744 cavendis
629 2691 885 2743 ammoneantur.
1270 2687 1273 2692 ’
1440 2725 1445 2864 ἶ

426 2789 469 2850 Ut
484 2789 638 2875 Episcopi
660 2791 829 2874 parochias
844 2809 917 2848 suas
945 2791 1149 2853 circumeant.

296 2895 389 2962 XVI.
431 2897 474 2956 Ut
488 2896 714 2978 unusquisque
729 2896 910 2979 Episcopus
925 2895 1058 2959 interim
1072 2897 1249 2962 circumeat
1263 2923 1359 2984 paro-

209 2983 318 3046 chiam
340 3001 430 3041 suam
453 2979 601 3048 docendo
621 2989 654 3039 et
668 2979 895 3056 ammonendo,
919 2989 951 3040 et
970 3001 1119 3064 quaeque
1141 2991 1218 3043 sunt
1239 3006 1359 3048 ncces-

212 3066 295 3128 saria
314 3063 486 3124 emendare
501 3061 638 3123 studeat.
678 3063 723 3124 Et
739 3061 764 3122 si
781 3062 862 3146 quid
884 3063 1057 3126 emendare
1084 3053 1286 3148 nequiverit,¹
1316 3070 1358 3131 nd

212 3147 416 3234 praedictum
431 3144 586 3229 placitum
600 3143 751 3229 proferat.

464 3251 507 3312 Ut
530 3251 668 3312 clarisona
690 3251 746 3312 sub
773 3249 878 3330 sigillo
901 3251 1109 3313 custodiatur.

296 3358 406 3424 XVII.
449 3361 494 3419 Ut
507 3357 691 3441 Presbyteri
709 3357 769 3418 sub
790 3357 898 3440 sigillo
923 3361 1107 3421 custodiant
1135 3360 1286 3440 chrisma,
1326 3374 1358 3424 et

215 3446 299 3508 nuIIi
315 3443 375 3504 sub
390 3449 560 3526 praetextu
576 3440 754 3502 medicinae
773 3441 825 3501 veI
843 3440 994 3504 maleficii
1010 3443 1129 3506 donare
1142 3457 1357 3528 praesumant.

216 3527 359 3609 Quodsi
379 3525 530 3602 fecerint,
550 3524 677 3584 honore
698 3523 880 3606 priventur.

458 3653 503 3716 Ut
521 3667 669 3739 parentes
683 3666 713 3714 et
731 3655 853 3737 patrini
862 3654 960 3738 filios
977 3656 1120 3719 doceant.

301 3761 431 3826 XVIII.
473 3762 522 3822 De
541 3760 604 3821 fide
623 3759 846 3842 unusquisqne
865 3769 1040 3844 compater,
1057 3765 1285 3847 adparentes,
1305 3772 1355 3832 veI

218 3845 359 3932 proximi
378 3845 462 3905 filios
485 3864 559 3904 suos
580 3842 741 3926 spiritales
763 3841 922 3904 catholice
940 3845 1113 3926 instruant,
1132 3849 1175 3910 ita
1199 3859 1357 3913 uteorum

219 3935 290 3994 Deo
317 3929 512 3991 ratiocinare
538 3926 686 3988 debeant.

430 4035 473 4098 Ut
492 4033 645 4096 Ecclesiis
659 4035 797 4118 antiquis
818 4054 874 4094 suo
886 4036 961 4094 iura
975 4049 1149 4097 seruentur.

302 4142 397 4224 XIX.
440 4147 483 4204 Ut
497 4142 661 4205 Ecclesiae
682 4141 862 4224 antiquitus
875 4142 1067 4204 constitutae
1079 4165 1140 4206 nec
1156 4137 1283 4209 decImii
1300 4171 1356 4210 nec

216 4229 284 4290 alii
296 4227 367 4290 ulls
382 4226 582 4310 possessione
602 4224 786 4308 prirentur,
804 4225 848 4288 ita
864 4233 899 4287 ut
912 4225 1006 4292 noris
1018 4227 1355 4297 tritanturEcclesiis.
