2958 4986
213 286 285 368 178
446 301 590 364 acan.
698 301 957 366 castratam
1059 305 1122 364 soa.

212 449 325 530 luerit,
338 446 472 532 triginta
485 447 598 508 solidis
618 445 791 530 culpabilis
805 448 979 510 indicetur.
1001 447 1036 508 Si
1052 471 1112 508 nec
1122 444 1299 509 adtentiam
1309 448 1361 510 ia·

212 535 422 622 quisitionem
444 531 629 592 consentire
648 531 838 608 volucrite),
848 531 1006 614 quicquid
1016 553 1090 592 rcus
1103 531 1257 592 darnnum
1270 533 1361 592 lece·-

211 621 268 698 rit,
288 625 392 680 totum
404 613 460 676 ille
472 613 615 696 quicum
629 613 715 674 infra
730 613 965 676 immunitatem
979 617 1110 691 retinet,
1129 635 1189 674 nec
1205 616 1360 691 reddere,

213 703 298 780 vult,
316 700 444 763 solvere
470 705 614 792 cogatur.
654 697 696 758 Et
715 696 782 793 ipse
810 699 927 760 Comes
952 697 1090 760 veniens
1111 697 1276 758 licentiam
1302 697 1363 756 laa-

213 787 288 850 beat
309 783 415 868 ipsum
436 778 602 842 hommem
624 779 710 840 infra
730 780 966 842 immunitatem
989 781 1183 864 quaerendi,
1219 781 1363 840 ubicun-

214 889 279 954 que
297 888 372 929 eum
391 862 541 924 invenire
559 861 713 948 potuerit.
755 863 789 924 Si
805 872 913 925 autem
931 865 1038 925 statim
1059 863 1092 924 in
1113 863 1215 946 prima
1242 864 1362 946 inqui-

214 947 388 1031 sitiones)
408 945 528 1008 Comiti
543 967 735 1030 responsum
752 945 852 1007 fuerit
871 947 962 1030 quod
987 966 1064 1007 reus
1091 945 1177 1008 infra
1202 945 1361 1016 immuni·
1456 1003 1457 1008 ,

214 1029 313 1098 tatem
338 1029 472 1114 quidem
486 1027 611 1106 fuisset,
634 1029 692 1090 sed
707 1029 783 1112 fugi
798 1028 907 1112 lapsus
920 1031 972 1106 sit,
989 1029 1096 1090 statim
1113 1031 1211 1107 (iuret
1228 1031 1287 1112 qui
1304 1031 1361 1092 lo-

216 1139 291 1184 cum
309 1111 463 1198 Episcopi
484 1113 537 1174 vel
554 1111 687 1174 Abbatis
703 1113 849 1174 tenuerit
861 1123 904 1194 g)
926 1111 1013 1194 qnod
1032 1113 1100 1196 ipse
1127 1134 1202 1174 cum
1229 1113 1270 1174 ad
1293 1113 1362 1172 ius-

214 1200 321 1264 titiam
337 1193 514 1258 cuiuslibet
528 1193 762 1257 disfaciendam
779 1195 893 1278 fugere
916 1217 983 1257 nou
1004 1196 1145 1274 fecisset,
1165 1207 1199 1258 et
1215 1195 1256 1258 sit
1273 1197 1302 1258 ei
1323 1197 1361 1254 in

215 1285 279 1348 hoc
296 1281 503 1344 satisfactum.
545 1277 580 1341 si
600 1287 708 1339 autem
724 1277 857 1340 intranti
877 1277 910 1338 in
932 1279 1033 1362 ipsam
1048 1279 1363 1340 immunitatemco-

216 1365 288 1429 miti
316 1363 456 1427 collecti
479 1381 579 1422 mann
604 1359 759 1444 quislibet
787 1361 939 1422 resistere
964 1362 1151 1440 tentaverit,
1175 1361 1293 1424 Comes
1317 1362 1363 1422 ad

215 1452 337 1546 Regem
356 1445 410 1508 vel
430 1442 619 1528 Principem
643 1443 779 1522 deferat,
798 1443 910 1528 ibique
927 1443 1105 1516 iudicatum
1128 1453 1164 1506 ut
1191 1444 1276 1506 sient
1300 1443 1365 1507 iile

241 1553 276 1594 ur
297 1526 500 1590 immunitate
517 1527 672 1588 damnum
692 1527 784 1604 lecit,
815 1531 995 1602 (sexcentos
1015 1529 1137 1591 solidos
1160 1547 1362 1610 componere

217 1555 332 1677 debuit
348 1613 394 1690 b),
416 1609 461 1672 ita
478 1608 536 1692 qui
552 1607 670 1672 Comiti
689 1609 827 1672 collecti
843 1631 940 1672 mana
961 1610 1112 1676 resistere
1132 1629 1363 1696 praesumpse-

217 1698 272 1778 rit,
294 1692 456 1760 sexcentis
480 1691 593 1756 solidis
607 1690 779 1776 culpabilis
800 1692 976 1756 iudicetur.

536 1797 588 1860 De
616 1796 767 1881 confugio
789 1797 835 1860 ad
863 1797 1050 1862 Ecclesiam.

299 1908 362 1970 m.
403 1905 437 1970 si
454 1903 529 2002 quio
548 1903 589 1965 nd
605 1903 786 1967 Ecclesiam
806 1905 998 1988 confugiam
1015 1905 1141 1984 lecerit,
1156 1903 1241 1967 intra
1260 1905 1364 1990 ipsius
1458 1897 1459 1906 ¹

220 1993 302 2056 stria
315 1990 519 2067 iJEcclcarae
533 1987 780 2071 pacemhabeat,
794 2009 855 2049 nec
873 1988 1093 2051 siteinecesse
1108 1987 1287 2051 Ecclesiam
1307 1989 1364 2052 in-

220 2077 324 2162 gredi,
339 2084 372 2136 et
392 2072 506 2133 nullus
525 2091 601 2130 eum
615 2070 693 2132 inde
713 2093 774 2154 per
793 2071 860 2136 rim
877 2071 1061 2132 abstrahere
1080 2083 1278 2154 praesumam
1304 2074 1365 2134 sed

220 2161 320 2223 licent
342 2157 373 2218 ei
387 2152 536 2218 confiteri
552 2154 642 2234 quod
658 2155 747 2232 fecit,
762 2165 794 2216 ct
813 2153 891 2216 inde
915 2175 975 2236 per
989 2175 1103 2214 manus
1119 2156 1280 2216 bonorum
1300 2155 1365 2216 bo-

220 2243 347 2305 minum
363 2241 404 2302 ad
424 2235 659 2300 discussionem
678 2236 713 2298 in
731 2238 900 2322 publicum
918 2237 952 2312 k)
966 2238 1172 2320 producatur.

223 2351 281 2415 De
300 2369 337 2412 eo
352 2346 408 2430 qui
423 2345 457 2406 in
471 2341 592 2405 iudicio
613 2343 729 2404 iniuste
750 2343 888 2427 aliquem
902 2357 1015 2404 contre
1035 2344 1134 2404 elium
1157 2341 1367 2407 altercantem

577 2424 732 2486 adiuvere
751 2428 1013 2510 praesumpserit.

308 2536 368 2598 IV.
409 2533 445 2598 si
494 2530 728 2596 uishominem
753 2530 788 2591 in
819 2531 942 2593 iudicio
973 2531 1094 2595 iniuste
1120 2542 1233 2595 contro
1264 2533 1367 2595 alium

227 2619 439 2682 altercantem
452 2556 606 2678 adinrare
620 2635 681 2696 per
693 2614 813 2674 malum
833 2613 1003 2696 ingenium
1025 2616 1287 2700 praesumpserit,
1317 2627 1368 2680 at-

126 2721 130 2734 ·
226 2699 385 2786 quoinde
403 2719 511 2761 coram
526 2697 692 2758 lodicibus
707 2699 760 2759 vel
778 2697 903 2758 Gemite
919 2697 1104 2780 increpatus
1121 2699 1233 2776 fucrit,
1254 2711 1286 2762 et
1307 2719 1369 2764 ne-

226 2805 303 2869 gare
319 2803 384 2843 non
402 2781 556 2866 potuerit,
583 2779 773 2864 qaindecim
792 2779 903 2842 solidis
917 2781 1090 2864 culpabilis
1112 2781 1287 2845 iudicetur.
1312 2769 1319 2790 ‘

229 2893 280 2956 De
300 2913 336 2956 eo
351 2892 408 2976 qui
423 2887 465 2949 de
482 2887 629 2949 libertate
653 2909 711 2947 sua
739 2887 959 2970 interpellatus
993 2888 1131 2972 aliquem
1161 2887 1204 2952 de
1232 2892 1370 2978 propin-

632 2971 702 3054 quis
720 2971 786 3028 sitis
804 2968 970 3031 occiderit.

315 3079 356 3143 V.
397 3075 432 3138 Si
449 3073 523 3159 quis
539 3073 578 3136 de
603 3075 751 3137 libertate
764 3095 821 3136 sua
836 3073 936 3136 fuerit
949 3071 1186 3160 interpellatus,
1208 3087 1242 3140 et
1255 3079 1375 3145 timens

232 3185 275 3227 ne
294 3163 328 3223 in
343 3160 513 3224 servitium
539 3157 642 3236 cadat,
660 3158 802 3239 aliquem
822 3156 861 3217 de
879 3158 1071 3241 propinquis
1090 3160 1169 3240 suis,
1197 3183 1375 3247 perquem

231 3268 267 3312 sc
281 3246 316 3306 in
331 3241 501 3306 servitium
521 3263 671 3302 casurum
694 3241 810 3301 timens
832 3239 999 3318 occiderit,
1029 3241 1063 3305 id
1088 3252 1148 3320 est,
1168 3255 1294 3330 patrem
1320 3260 1377 3311 aur

234 3337 380 3404 matrem,
398 3325 538 3402 amitam,
560 3324 761 3398 matruelem,
780 3320 989 3384 avunculum.
1017 3324 1072 3387 vel
1101 3329 1281 3410 quamlibet
1310 3330 1377 3394 bn-

236 3409 377 3474 iusmodi
396 3407 644 3491 propinquitatis
674 3426 856 3489 personam,
893 3405 961 3487 ipse
992 3407 1051 3487 qni
1076 3406 1140 3470 hoc
1165 3422 1378 3496 perpeti-ave.

236 3496 282 3560 rit
298 3491 467 3568 moriatur,
489 3490 617 3572 agnatio
634 3489 703 3550 eins
718 3498 750 3549 et
777 3488 1041 3568 consanguinitas
1060 3489 1094 3551 in
1112 3493 1304 3556 servitutem
1330 3517 1380 3557 oa·

238 3578 304 3639 dat.
345 3574 432 3638 Etsi
455 3572 624 3656 negaverit
641 3593 674 3632 se
696 3572 791 3631 illum
805 3569 960 3632 occidisse
976 3572 1014 3648 l),
1030 3572 1071 3636 ad
1095 3595 1212 3639 novem
1231 3599 1380 3645 vomere,

240 3659 361 3745 ignitos
377 3655 499 3719 iudicio
519 3657 582 3718 Dei
604 3653 837 3718 examinandus
854 3654 995 3716 accedat.

281 3996 313 4056 e)
329 3987 364 4040 al.
382 4005 441 4042 mss.
462 3989 591 4041 nutrierit.
875 3985 905 4051 ἰ)
919 3983 954 4038 al.
972 4001 1031 4039 ruas.
1051 3988 1081 4040 in
1095 3990 1170 4043 atrio
1190 3993 1285 4063 ipsius.

273 4060 318 4134 s)
335 4059 370 4111 al.
389 4075 435 4111 ms.
454 4059 637 4132 inquestione.
875 4057 908 4121 t)
926 4055 961 4108 al.
980 4074 1039 4109 mss.
1058 4060 1089 4110 in
1115 4062 1248 4132 publico,·
1266 4069 1386 4136 publice.

304 4129 487 4185 inescatis
505 4129 540 4180 al.
557 4146 620 4182 mss,
874 4125 954 4193 Oai.
971 4144 1030 4182 msa
1050 4129 1171 4184 addant:
1200 4137 1243 4188 vat
1271 4139 1389 4194 abscon.

282 4146 445 4323 {laddum
456 4200 513 4254 DC.
529 4197 628 4254 solidis
645 4198 792 4270 culpabilis
911 4195 990 4252 disee.

320 4285 351 4324 iu
371 4281 467 4326 1001ᾶῆ
