2920 4972
318 331 354 390 A.
363 321 451 394 eitra

557 331 695 394 REGUM
715 333 955 400 FRANCORUM
1060 343 1121 409 709.
1262 337 1309 408 53

477 463 997 546 ιιιοιιΜιᾰιι

530 595 749 692 capitulare
770 601 960 694 primum;

201 720 377 812 Datum,
405 729 446 792 ut
470 720 629 810 ridetur,
657 723 725 793 sub
751 727 830 830 sios
856 731 962 822 regni
983 731 1148 826 exordis,
1166 756 1262 810 enno

535 845 673 921 Christi
695 847 943 924 DCCLXIX.

483 991 628 1054 lrnex
671 991 1029 1071 Castrunosou.
1120 1027 1121 1038 ¹

179 1184 206 1226 ¹·
225 1141 282 1244 U
277 1199 290 1248 t
303 1185 389 1248 serui
403 1183 466 1244 Dei
479 1184 514 1244 in
524 1184 643 1244 bostem
655 1202 719 1244 non

255 1279 403 1354 pergant,
421 1267 485 1328 nisi
504 1265 555 1325 itti
579 1267 635 1350 qui
662 1287 719 1326 ne-

184 1391 191 1404 ·
260 1351 393 1412 cessarii
409 1361 481 1414 sunt
505 1361 639 1434 propter
664 1348 719 1410 di-

259 1435 370 1494 vinum
387 1432 604 1494 ministerium.

175 1587 206 1628 2.
248 1567 296 1628 Ne
305 1563 493 1625 Sacerdotes
498 1560 720 1644 fundantsan·

258 1651 383 1729 guinem
399 1647 650 1708 Christianorum
666 1647 722 1708 oei

258 1750 463 1816 paganorum.

139 1873 140 1882 ι
175 1841 209 1902 5.-
255 1837 297 1899 Ut
328 1839 415 1916 serui
446 1835 510 1896 Dei
536 1837 721 1898 uenationes
747 1913 749 1919 k

242 1951 250 1982 ·.
262 1943 325 1982 non
345 1931 523 1982 exerceant.

177 2039 209 2115 4.
252 2038 301 2096 De
325 2035 493 2120 Episcopis
514 2034 724 2111 etPresbyte·

263 2122 308 2179 ris
324 2120 453 2198 ignotis,
477 2114 634 2198 quomodb
661 2116 722 2176 ad·

247 2203 427 2260 'mittantur
448 2201 494 2260 ad
514 2201 724 2260 ministerium

182 2309 189 2321 ·
264 2284 517 2346 ecclesiasticum.

180 2420 210 2482 5.
253 2414 302 2475 De
316 2415 539 2484 Sacerdotibus
554 2415 609 2500 qui
616 2415 725 2499 plures

266 2519 384 2560 umores
405 2499 579 2560 habuerint.

179 2630 211 2692 6.
249 2631 300 2692 ‘Ut
324 2636 534 2718 unnsquisque
551 2629 726 2716 Episcopus

187 2735 192 2742 ·
262 2714 434 2800 provideat
453 2719 487 2776 iu
500 2737 558 2776 sua
573 2713 727 2798 parocbia

265 2820 303 2858 ue
318 2801 456 2884 populus
483 2809 555 2878 agat
573 2795 727 2881 paganias

184 2905 188 2910 ·
266 2890 321 2942 out
337 2883 589 2972 superstitiones.

184 3034 212 3094 7.
260 3013 302 3075 Ut
312 3016 498 3100 parochiam
519 3031 607 3072 suam
625 3011 729 3088 singu-

267 3099 307 3157 lis
316 3099 407 3158 annis
421 3091 730 3178 unusquisqueEpis-

270 3201 366 3265 copus
387 3183 570 3240 circumeat.

184 3313 214 3377 8·
262 3309 305 3370 Ut
340 3309 527 3390 Presbyteri
562 3305 730 3390 Episcopis

268 3395 334 3455 suis
362 3393 494 3454 subiecti
519 3392 594 3462 siut,
631 3400 661 3447 et
696 3399 731 3445 ut
764 3410 767 3418 Δ

271 3475 539 3561 Quadragesimae
591 3485 729 3566 tempore

852 1110 931 1172 siam
945 1108 1233 1260 iufrobparocbiam
1245 1120 1312 1182 sine

853 1211 1006 1258 consensu
1050 1203 1179 1288 piscopi
1193 1203 1252 1264 sui.

775 1317 820 1360 to.
847 1299 889 1362 Ut
897 1301 1089 1368 Sacerdotes
1106 1329 1250 1390 magnam
1263 1330 1315 1372 cu-

854 1405 921 1444 ram
929 1387 1065 1449 babeant
1076 1389 1116 1450 cle
1128 1393 1268 1465 incestis,
1284 1406 1316 1454 et

851 1465 989 1552 infirmis
1017 1483 1048 1532 et
1072 1477 1315 1557 poenitentibus.

774 1595 820 1635 ιι.
842 1575 891 1637 De
918 1579 1036 1641 ieiunio
1067 1595 1204 1664 quatuor
1234 1596 1313 1646 tem·

850 1681 973 1739 porum

776 1785 820 1825 12.
848 1765 890 1827 Ut
906 1767 1003 1830 bisin
1018 1791 1100 1833 anno
1120 1773 1167 1839 aci
1186 1775 1316 1840 mallum

854 1870 960 1910 omues
976 1856 1116 1916 veniant.
1209 1847 1218 1878 ³

776 1955 822 2018 ιδ.
848 1955 890 2019 Ut
925 1959 1029 2019 nuilus
1072 1963 1236 2046 neglegens
1276 1970 1318 2028 sit

852 2042 979 2182 piuando
989 2065 1049 2128 pro
1066 2047 1148 2128 Rege
1160 2048 1216 2110 uel
1259 2049 1318 2110 de·

879 2124 936 2185 bus
954 2128 1019 2186 suis
1039 2129 1196 2190 orandum
1247 2135 1317 2194 erit.

776 2233 822 2308 rb.
849 2228 892 2292 Ut
911 2229 1081 2308 Sacerdos,
1103 2239 1167 2296 nisi
1187 2240 1221 2298 iu
1239 2237 1318 2300 locis

855 2320 1058 2391 consecratis,
1096 2320 1230 2382 Missum
1254 2343 1319 2383 nou

855 2397 1002 2460 celebret.

779 2507 825 2572 15.
848 2507 1148 2572 DeSacerdotibus
1176 2515 1232 2590 oui
1258 2515 1319 2574 mi·

858 2593 1023 2654 misterium
1039 2615 1129 2654 suum
1146 2593 1320 2682 adimplere

857 2696 920 2736 non
935 2675 1055 2738 ualent.

781 2779 826 2843 16.
853 2781 895 2842 Ut
909 2781 1067 2844 Sacerdos
1094 2783 1150 2867 qui
1176 2781 1321 2844 admoni-

860 2867 978 2926 tionem
998 2865 1152 2949 Episcopi
1170 2867 1220 2924 sui
1246 2887 1322 2928 con-

860 2951 1033 3032 tempserit,
1053 2947 1240 3032 deponatur.

783 3075 828 3134 ¹7·
858 3052 900 3113 Ut
932 3055 1038 3113 nullus
1077 3053 1185 3114 Iudex
1224 3075 1323 3136 neque

860 3135 1087 3212 Presbyterum
1111 3155 1211 3218 neque
1242 3137 1324 3196 Dia-

824 3231 826 3234 “
860 3240 974 3280 conum
1000 3233 1056 3280 aut
1079 3219 1236 3278 Clericum
1257 3223 1324 3282 siue

862 3323 1013 3362 consensu
1028 3303 1188 3386 Episcopi
1195 3304 1245 3361 sui
1255 3303 1325 3370 dis,-

863 3386 989 3462 tringat.

785 3491 831 3568 ι8.Ι
857 3489 898 3550 Ut
911 3490 1016 3549 nuilus
1027 3487 1257 3576 Episcoporum
1274 3493 1328 3553 vel

183 3602 187 3609 -
269 3559 426 3620 rationem
438 3557 607 3617 ministerii
622 3574 671 3612 sur
687 3553 732 3611 eis

271 3640 419 3702 reddant.

180 3769 217 3834 ²9.
260 3751 308 3810 Ne
332 3749 447 3832 aliquis
471 3747 605 3830 accipiat
620 3739 734 3802 Eccle-

865 3573 1054 3632 seculorium
1075 3574 1207 3633 alterius
1227 3578 1328 3636 cuius-

865 3673 959 3734 quam
987 3676 1036 3716 res
1062 3658 1199 3716 retinere
1230 3679 1327 3741 prae-

867 3750 977 3797 sumat.

290 3867 454 3926 lscrrrurr
475 3877 703 3924 sorrrscrrrrs
725 3856 885 3916 Csrrrum
908 3877 946 3915 rr
969 3875 1076 3915 eonon
1099 3875 1228 3916 serres.

193 3953 235 4035 Ui
248 3976 335 4034 serui
341 3973 404 4032 Dei
420 3989 518 4053 neque
528 3969 692 4028 inbostem
699 3973 845 4048 pergant,
861 3971 960 4046 neque
979 3973 1170 4021 armaturam
1182 3965 1331 4060 baiulent

272 4090 297 4149 1.
338 4071 491 4162 Karolus‚
509 4082 609 4166 gratiis
626 4077 688 4142 Dei
706 4081 776 4140 Rex
801 4078 963 4163 regnique
986 4078 1190 4138 Francorum
1212 4089 1331 4152 rector,

190 4182 222 4234 et
239 4171 375 4232 devotus
392 4178 520 4231 sanctae
535 4165 701 4226 Ecclesiae
719 4162 892 4246 Defensor,
917 4171 1012 4243 atque
1029 4160 1157 4222 adiutor
1177 4161 1210 4220 in
1231 4161 1333 4222 omni-

188 4253 460 4340 busapostolicae
481 4248 584 4314 Sedis.
638 4249 774 4340 Hortatu
797 4244 942 4306 omnium
966 4243 1111 4336 fidelium
1138 4253 1333 4326 nostrorum,
