2920 4972
190 252 240 330 40
422 269 459 329 s.
475 253 567 326 'can
674 267 932 328 csrlrusams
1036 270 1100 330 ru.

189 410 367 476 Monachus
387 419 479 474 extra
498 411 730 476 monasterinm
747 411 837 475 saise
858 411 1007 474 debeant.
1050 412 1150 494 Qabd
1166 414 1194 476 si
1216 411 1336 493 aliqua
1423 480 1425 497 Ι

189 498 224 557 iu
246 495 389 578 aliquem
403 497 529 578 lapsum
543 495 710 574 ceciderit,
730 495 816 556 iufra
834 497 1067 558 monasterium
1081 517 1139 580 per
1153 495 1338 560 consilium

189 578 342 662 Episcopi
363 579 598 660 poenitentiam
613 590 694 661 agat.
744 581 786 640 Et
808 577 834 639 si
860 600 991 640 necesse
1011 589 1059 641 est
1077 581 1118 642 de
1139 601 1252 641 earum
1267 597 1337 638 ne-

191 661 337 724 cessitate
355 662 396 724 ad
417 664 581 722 Domuum
601 663 723 744 Regem
746 661 799 724 vel
825 661 866 722 ad
887 663 1048 744 synodum
1067 663 1193 746 aliquid
1209 682 1337 744 sugge-

173 743 275 821 ¹rere,
294 765 407 806 earum
424 744 606 826 Praepositi
624 747 676 806 vel
692 745 781 808 Missi
797 744 861 806 boc
878 744 1019 808 debeant
1034 747 1152 806 facere.
1194 747 1238 807 Et
1252 765 1338 827 quu-

191 829 237 890 lia
257 850 393 890 munera
418 828 458 890 ad
480 829 635 912 palatium
664 828 741 890 dare
764 826 948 905 volueriut,
981 849 1042 912 per
1066 829 1180 892 Missos
1199 849 1272 890 suos
1294 846 1336 886 en
1427 819 1428 862 ³

189 911 343 993 dirigant.
382 913 425 972 Et
445 909 472 972 si
494 911 604 993 aliqua
623 911 910 973 monasteriasunt
935 933 1019 992 quae
1042 933 1155 974 earum
1180 910 1337 972 ordinem

187 1004 323 1080 prupter
337 1003 558 1078 paupertatem
574 994 753 1077 adimplere
770 1013 837 1055 non
855 1004 1008 1074 possunt,
1036 993 1100 1056 boc
1117 994 1174 1054 ille
1192 993 1336 1075 Episco-

188 1081 251 1162 pus
272 1077 312 1138 de
331 1077 466 1140 veritate
486 1077 684 1158 praevideat,
706 1087 739 1139 et
756 1077 819 1138 boc
840 1079 969 1138 Domuo
981 1078 1065 1160 Regi
1084 1078 1277 1151 innotescat,
1296 1085 1337 1136 ut

191 1163 226 1223 in
251 1181 310 1222 sua
330 1159 536 1243 eleemosyna
553 1159 621 1228 boc,
642 1161 815 1222 emendare
839 1160 946 1222 faciat.
986 1162 1029 1222 Et
1046 1161 1073 1222 si
1089 1161 1170 1222 tales
1191 1159 1336 1221 feminae

190 1244 315 1308 velatae
338 1243 550 1325 adpraesens
571 1243 693 1304 ibidem
708 1251 922 1327 congregatae
944 1243 1163 1306 inveniuntur
1176 1263 1261 1325 quae
1282 1263 1337 1302 re·

191 1323 349 1410 gulariter
375 1325 486 1386 vivere
508 1346 574 1386 uon
592 1325 715 1405 velint,
738 1348 801 1388 nec
821 1327 861 1388 ad
880 1325 944 1388 boc
964 1327 1082 1409 dignae
1101 1335 1178 1388 sunt
1199 1335 1235 1385 ut
1258 1345 1337 1384 cum

191 1408 258 1472 illis
274 1406 346 1468 aliis
362 1406 522 1484 habitent,
543 1409 723 1492 Episcopus
736 1411 789 1472 vel
807 1409 973 1472 Abbatissa
988 1409 1203 1492 praevideant
1222 1409 1335 1468 locam

190 1501 303 1575 aptum
321 1490 378 1552 ubi
397 1491 568 1574 separatim
587 1513 660 1552 cum
679 1493 825 1554 custodia
849 1493 883 1552 in
905 1491 1083 1575 pulsatorio
1111 1491 1257 1552 habitare
1280 1492 1337 1551 de-

190 1575 308 1652 beant,
337 1575 390 1636 vel
411 1574 538 1658 operari
559 1575 706 1638 manibus
726 1576 814 1660 quod
835 1575 901 1658 ipsa
929 1574 1096 1636 Abbatissa
1121 1575 1167 1636 eis
1186 1574 1334 1652 iusserit,

193 1656 327 1720 interim
344 1657 433 1740 qubd
453 1659 606 1744 probatae
625 1657 741 1743 dignae
762 1659 827 1722 sint
851 1667 888 1720 ut
910 1655 945 1718 iu
971 1657 1223 1742 congregatione
1248 1656 1334 1718 reci-

192 1738 341 1826 mmmm

196 1935 202 1946 ι
241 1855 285 1920 Ut
299 1858 461 1956 publicum
482 1859 712 1944 baptisterium,
739 1858 801 1919 nisi
818 1858 905 1916 iussu
923 1856 1089 1942 Episcopi,
1116 1855 1239 1916 nullum
1256 1877 1336 1918 con·

335 1955 493 2003 statuatur.

275 2050 347 2112 VII.
369 2051 411 2110 Ut
427 2051 596 2132 publicum
610 2048 836 2132 baptisterium
855 2048 887 2108 in
911 2048 1002 2132 nulla
1022 2047 1175 2130 parochia
1190 2069 1259 2108 esse
1275 2047 1334 2108 de-

115 2181 116 2186 1
192 2132 277 2210 beat,
300 2131 363 2194 nisi
380 2134 436 2195 ubi
456 2135 635 2218 Episcopus
656 2131 861 2194 constituerit
881 2131 974 2192 cuius
989 2131 1140 2213 parocbia
1166 2140 1222 2192 est.
1264 2130 1336 2191 Nisi

193 2217 319 2277 tantiam
337 2216 362 2276 si
386 2217 558 2280 necessitas
578 2216 726 2278 evenerit
746 2235 804 2297 pro
826 2215 1034 2290 infirmitate,
1063 2223 1118 2274 aut
1141 2233 1200 2296 pro
1222 2213 1334 2294 aliqua

193 2299 403 2376 necessitate,
435 2300 484 2360 illi
505 2300 708 2382 Presbyteri,
737 2321 818 2380 quos
840 2299 1021 2380 Episcopus
1046 2297 1080 2356 in
1100 2319 1156 2358 sua
1180 2295 1335 2376 parocbia

194 2380 410 2458 constituerit,
432 2383 465 2440 in
481 2384 704 2464 qualicunque
723 2382 795 2442 loco
813 2381 979 2456 evenerit,
1010 2379 1177 2440 licentium
1195 2378 1336 2439 habeant

192 2462 392 2546 baptizandi,
416 2474 452 2524 ut
473 2467 606 2530 omuinb
627 2467 697 2528 sine
714 2464 871 2548 baptismo
891 2486 956 2524 non
979 2463 1169 2522 moriuntur.

241 2577 284 2640 Ut
304 2599 411 2640 omnes
436 2580 621 2658 Presbyteri
639 2580 798 2662 Episcopo
823 2581 959 2649 suluint,
987 2598 1043 2636 nec
1066 2579 1133 2636 sine
1157 2576 1244 2635 illius
1269 2577 1337 2636 ius-

212 2666 216 2671 ’
320 2661 408 2722 sione
432 2663 601 2746 baptizent,
627 2685 683 2724 nec
704 2665 821 2724 Missas
833 2661 971 2743 faciant.

280 2769 370 2833 V'IlI.
393 2771 434 2828 Ut
452 2791 563 2832 omnes
582 2772 766 2856 Presbyteri
782 2771 840 2854 qui
857 2770 890 2830 iu
911 2739 1064 2853 parochia
1086 2777 1174 2846 suut,
1199 2766 1258 2829 suh
1275 2789 1339 2849 po-

77 2871 80 2876 ·
114 2885 116 2890 ν
196 2863 310 2914 testate
340 2853 493 2935 Episcopi
521 2875 589 2914 esse
617 2855 773 2932 debeant,
812 2863 844 2915 et
871 2854 911 2914 de
939 2873 1056 2914 eorum
1081 2851 1196 2912 ordine
1224 2851 1337 2912 nullus

196 2938 370 3018 Presbyter
393 2947 583 3017 praesumat,
600 2937 633 2996 in
665 2939 721 2998 illa
747 2936 900 3020 parocbia
927 2933 1108 3018 baptizare,
1142 2955 1203 2994 nec
1227 2933 1339 2995 Missas

198 3020 364 3079 celebrare
390 3019 459 3080 sine
488 3018 631 3080 iussione
651 3021 803 3103 Episcopi
833 3020 866 3079 iu
889 3019 982 3079 cuius
1004 3015 1158 3098 parochia
1185 3027 1241 3078 est.
1296 3018 1339 3077 Et

198 3122 310 3161 omues
331 3101 514 3184 Presbyteri
535 3101 574 3162 ad
594 3103 779 3164 Concilium
801 3101 954 3184 Episcopi
974 3101 1023 3162 sui
1045 3099 1255 3162 conveniunt.
1298 3101 1340 3160 Et

198 3182 225 3242 si
251 3183 313 3242 hoc
344 3187 433 3264 quod
459 3185 606 3265 superias
632 3187 901 3268 comprehensum
931 3194 979 3246 est
1008 3185 1115 3243 facere
1140 3192 1340 3264 contempse-

196 3263 276 3341 rint,
300 3267 480 3326 secundum
500 3267 691 3330 canonicam
710 3268 950 3334 iustitutionem
966 3265 1166 3344 iudicentur,
1188 3273 1253 3325 tam
1276 3264 1338 3349 ipsi

201 3347 299 3428 quiam
321 3348 507 3410 defensores
525 3371 647 3412 eorum.

240 3462 523 3526 Excommunicuri
549 3488 602 3526 eos
626 3470 681 3552 qui
701 3469 833 3528 scientes
862 3487 932 3526 cum
952 3463 1231 3525 excommunicatis
1257 3485 1339 3524 com-

324 3549 494 3608 municant.
539 3550 625 3632 Quae
653 3552 708 3612 lex
725 3552 767 3609 sit
788 3548 1086 3616 eoecommunicutis;
1112 3560 1143 3606 et
1165 3543 1205 3604 de
1220 3547 1261 3604 iis
1283 3547 1338 3630 qui

323 3628 478 3690 aduersus
499 3633 855 3694 excommunicationem
876 3631 1067 3701 reclamant,
1089 3630 1146 3712 vel
1172 3648 1240 3686 eum
1263 3649 1339 3714 par-

323 3711 509 3794 uipendunt.

282 3819 338 3878 lX.
368 3819 401 3878 Si
426 3821 498 3901 quis
517 3822 692 3905 Presbyter
709 3821 749 3880 ab
768 3819 929 3902 Episcopo
947 3817 1139 3900 degradatus
1159 3816 1279 3893 fuerit,
1309 3827 1341 3877 et

200 3899 267 3983 ipse
287 3922 346 3985 per
366 3911 587 3987 contemptum
606 3905 716 3986 posted
737 3898 862 3985 aliquid
881 3903 920 3964 de
944 3922 1003 3962 suo
1026 3901 1136 3962 officio
1155 3901 1223 3962 sine
1250 3919 1339 3960 com-

199 3993 307 4044 meatu
324 3984 432 4045 facere
448 3986 708 4070 praesumpserit,
730 3996 763 4046 et
781 3985 890 4069 posted
913 3985 951 4044 ab
967 3984 1129 4066 Episcopo
1151 4003 1209 4043 suo
1229 4004 1338 4043 corre-

198 4077 274 4150 ptus
291 4075 322 4128 et
341 4070 638 4130 excommunicatus
654 4069 766 4146 fuerit,
788 4069 935 4150 quicum
959 4067 1029 4148 ipso
1051 4065 1339 4126 communicaverit

199 4150 352 4224 scienter,
370 4149 455 4210 sciat
467 4174 500 4212 se
517 4173 584 4214 esse
607 4152 931 4212 excommunicatum.
973 4149 1132 4211 Similiter
1148 4147 1337 4229 quicunque

200 4232 365 4304 Clericus,
389 4243 442 4294 aut
458 4232 571 4318 laicus,
593 4235 645 4301 vel
664 4234 804 4314 femina,
828 4234 987 4298 incestum
1007 4229 1220 4309 commiserit,
1250 4229 1337 4292 stab
1428 4303 1429 4307 Ἰ
