2920 4972
292 303 327 359 A.
347 302 434 360 ciiii.
542 302 678 362 neuun
697 301 936 360 rnnnconuii
1041 297 1103 361 756.
1215 283 1272 371 45,

121 435 400 525 llacliinburg'ios‚
432 452 465 504 'et
490 441 554 506 hoc
577 443 737 507 sustinere
762 443 908 506 noluerit
924 437 1095 526 quoil'ipsi
1121 442 1264 528 legitime

124 525 357 604 iudicaverint,
379 525 406 587 si
420 547 481 610 pro
504 527 573 588 istis
589 527 629 588 ud
651 525 807 624 palatium
830 525 977 604 venerit,
998 526 1182 623 vapuletur.
1223 529 1266 590 Et

120 610 152 672 si
173 610 278 670 maior
296 629 434 692 persone
453 618 512 688 est,
535 609 631 692 Regis
652 629 686 670 in
708 609 841 672 arbitrio
858 609 930 672 crit.
972 609 1055 670 Etsi
1072 609 1267 672 reclamave-

123 692 193 754 rint
214 693 304 774 quiid
321 691 426 774 legem
441 691 488 754 eis
510 713 576 754 non
599 691 813 770 iudicassent,
841 703 920 754 tunc
941 691 1107 754 licentiam
1127 691 1267 752 habeant

124 775 166 837 ad
184 776 341 858 palatium
363 774 476 837 venire
499 798 559 860 pro
583 775 651 858 ipsu
675 797 779 838 causa.
827 775 870 836 Et
903 775 929 836 si
958 775 1043 858 ipsos
1070 775 1265 837 convincere

116 858 294 1001 'potuerint
315 858 405 941 qnod
430 857 538 940 legem
557 859 604 920 eis
629 879 696 920 non
727 855 935 935 iudicassent,
956 857 1136 920 secundnm
1162 858 1267 940 legem

150 962 187 1002 oc
204 942 377 1004 emendare
395 941 500 1002 faciat.
528 942 609 1003 Etsi
628 941 744 1003 Comes
764 949 794 1001 et
809 941 1041 1023 Ruchinburgii
1061 961 1115 1002 eos
1128 941 1267 1002 convin-

123 1045 199 1086 cere
227 1025 396 1106 potuerint
411 1025 501 1105 quod
520 1025 628 1107 legem
646 1023 693 1086 eis
718 1024 925 1101 iudicassent,
954 1034 986 1087 et
1011 1025 1070 1108 ipsi
1090 1023 1154 1084 hoc
1179 1024 1266 1086 reci-

122 1127 201 1190 pere
225 1107 405 1186 noluerint,
423 1116 535 1168 contra
553 1107 638 1191 ipsos
658 1105 830 1168 emendare
850 1107 958 1170 lucini.

142 1222 193 1282 De
213 1223 434 1284 ecclesiasticis
450 1224 532 1284 uiris
547 1225 603 1305 qui
618 1244 651 1283 rc
674 1223 845 1284 reclamare
866 1223 912 1283 ad
927 1223 1083 1308 palatium
1100 1215 1233 1286 ueniunt

205 1331 307 1390 XXX.
350 1329 509 1392 Similiter
529 1330 568 1391 ‹le
585 1327 824 1405 ecclesiasticis,
841 1330 867 1392 si
886 1331 926 1392 nd
936 1329 1101 1414 pelutinm'
1111 1331 1265 1394 venerint

123 1413 302 1474 decorum
322 1435 416 1475 causa
436 1411 498 1474 sibi
516 1413 692 1474 reclamare
719 1433 822 1496 super
840 1433 954 1482 eorum
975 1414 1122 1492 seniore,
1153 1413 1180 1478 si
1205 1437 1265 1478 ve·

123 1487 233 1590 niu'nt,
255 1497 464 1578 vapulentur,
488 1493 551 1556 nisi
568 1497 687 1560 Senior
709 1517 788 1560 suus
807 1516 861 1560 eos
875 1519 936 1580 pro
962 1520 1019 1560 sua
1043 1519 1138 1560 ceusu
1163 1507 1265 1562 muns·

121 1587 256 1640 miserit.

301 1725 707 1790 cAPiruLlRE
757 1727 1077 1808 METENSE,

123 1847 206 1917 cive
237 1845 416 1940 Capitale
441 1849 653 1938 Synodolio
679 1861 769 1942 post
793 1849 984 1938 Syriodum
1020 1847 1064 1918 V
1057 1873 1262 1946 ernensem,

120 1946 216 2014 dota
242 1947 282 2016 in
310 1951 460 2020 civitate
481 1949 655 2037 Meton-ri,
683 1959 723 2018 ut
748 1948 967 2041 quibusdam
985 1949 1151 2039 viderur3
1178 1973 1265 2044 quo-

123 2068 207 2114 rum
227 2045 291 2115 iiic
309 2060 362 2116 est
378 2050 504 2118 titulus
532 2050 573 2118 in
587 2050 703 2117 veteri
721 2049 856 2118 Codice
871 2071 938 2118 me.
949 2047 1081 2120 Sancti
1094 2047 1133 2118 V
1131 2049 1265 2124 incen-

279 2217 283 2223 .
564 2149 610 2217 tii
620 2139 822 2226 ,Metennio
1274 2148 1275 2152 ’

124 2269 317 2363 Incipiunt
340 2271 516 2368 Capitula
532 2273 579 2342 de
609 2273 690 2342 alia
714 2273 866 2362 Synodo
890 2271 958 2342 sub
987 2272 1071 2364 ipso
1089 2267 1263 2344 Domino

481 2396 569 2465 rege
590 2373 755 2467 Pippino
779 2374 907 2465 sacto.

425 2515 965 2580 lnnnxCerirunonuii.

800 2646 879 2694 trem
918 2633 1067 2708 ciuitatis¹
1089 2630 1265 2694 Ecclesium

250 2717 423 2776 eincestis.
493 2747 503 2758 ν
798 2716 998 2800 persolvent,
1024 2717 1106 2794 sicut
1130 2737 1265 2778 consue·

127 2815 154 2854 2.
189 2796 239 2855 De
261 2798 484 2858 ecclesiasticis
500 2799 594 2860 uiris.
802 2797 878 2859 tudo
892 2797 971 2878 fuit.

126 2879 153 2937 5.
188 2879 239 2938 De
262 2881 462 2956 Presbyteris
479 2879 669 2953 etClericiS,
718 2877 748 2942 6.
783 2882 831 2940 De.
847 2881 989 2952 teloneis,
1003 2880 1086 2940 unde
1101 2879 1190 2960 exigi
1201 2899 1265 2940 non

208 2975 242 3020 ut
267 2985 319 3024 eos
333 2963 586 3024 Archidiaconus
599 2983 672 3024 coii-
803 2963 946 3025 debcant.

206 3045 360 3104 vocetnd
376 3046 541 3124 synodum.
722 3065 750 3126 7.
785 3045 834 3105 De
856 3059 991 3106 moneta.

126 3125 156 3201 4.
190 3125 307 3188 Deliis
325 3129 381 3210 qui
403 3149 453 3188 res
479 3127 671 3189 ecclesiasti·
721 3130 752 3192 8.
785 3129 834 3188 De
863 3126 1110 3189 immunitatibus
1136 3145 1266 3188 conser-

208 3231 262 3270 cns
295 3211 394 3271 uerbo
423 3211 544 3272 Domni
579 3211 673 3292 Regis
804 3212 934 3272 condis.

214 3304 331 3352 tenent.
722 3315 752 3376 9.
784 3295 832 3354 De
858 3294 980 3355 iustitia
995 3289 1160 3373 socienda.

125 3371 153 3436 5.
195 3374 239 3435 Ui
267 3375 455 3452 Presbyteri
493 3379 549 3460 qui
583 3380 672 3439 vicos
728 3378 836 3438 io.De
862 3376 1082 3436 ecclesiasticis
1107 3374 1189 3435 uiris
1211 3370 1267 3452 qui

212 3457 268 3516 oei
273 3457 432 3542 Ecclesiae
443 3472 558 3537 tenent,
568 3483 674 3521 ceram
805 3481 837 3520 se
862 3459 1034 3518 reclamare
1048 3457 1093 3517 ad
1109 3453 1266 3541 palatium

205 3538 261 3599 vel
288 3541 368 3600 alios
393 3563 503 3601 census
533 3543 577 3603 ad
604 3565 673 3604 mo·
806 3541 948 3602 ueniunt.

199 3691 202 3698 ι
231 3647 395 3708 lueiritiur
418 3670 646 3711 surunscitirre
669 3651 831 3710 (inritent
852 3667 891 3707 ET
913 3664 1019 3706 EORUM
1043 3665 1167 3705 renue.

130 2695 190 2733 1„

582 3767 631 3826 De
664 3766 803 3824 incestis.

177 3891 180 3896 .
209 3846 233 3905 l.
255 3845 290 3906 si
311 3845 408 3908 liomo
425 3848 585 3912 incestum
600 3847 796 3908 commiserit
812 3845 852 3907 de
868 3845 934 3906 istis
952 3840 1068 3918 causis,
1084 3840 1123 3902 de
1138 3840 1208 3900 Deo
1222 3861 1268 3900 su·

122 3937 222 4006 oratu,
239 3939 295 3988 uut
315 3941 488 3992 commatre
510 3953 579 4008 suu,
597 3939 652 3991 uut
668 3950 744 3991 cum
758 3929 895 3990 mutrinu
910 3924 1057 4010 spirituli
1070 3923 1109 3984 de
1126 3923 1217 3982 fonte
1235 3931 1268 3983 et

122 4011 371 4074 confirmatione
393 4014 559 4096 Episcopi,
580 4023 635 4073 ont
666 4035 741 4075 cum
770 4022 870 4074 matre
899 4021 931 4072 et
952 4006 1029 4084 lilia,
1062 4015 1117 4066 aut
1143 4004 1267 4066 duabus

122 4095 302 4171 sororibus,
319 4105 375 4156 out
399 4119 474 4157 cuin
489 4097 597 4158 fratris
613 4097 691 4175 filiu,
709 4105 764 4156 out
783 4095 902 4158 sororis
919 4093 995 4170 filiu,
1017 4099 1072 4150 aut
1094 4097 1268 4171 nepto‚aut

121 4198 200 4235 cum
216 4177 410 4239 consobrino
431 4189 487 4240 aut
500 4179 643 4259 sobrina,
663 4189 804 4241 anteum
825 4180 919 4238 emita
940 4177 995 4238 vel
1020 4183 1202 4248 matertere,
1227 4169 1267 4234 de

122 4257 174 4320 liis
189 4261 380 4325 criminibus
396 4263 570 4349 pecuniam
593 4287 683 4328 suain
703 4264 829 4348 perd-ut,
852 4263 877 4324 si
906 4260 1023 4331 huhet;
1047 4265 1078 4319 et
1107 4253 1132 4317 si
1161 4275 1268 4315 enien-
