2958 4986
220 375 224 388 ,
289 320 438 378 acan.
544 315 968 376 nnauuraanconun·
1010 321 1107 376 aaa
1218 301 1288 376 153

172 461 367 546 raecipimus
384 468 547 542 quatenus
565 468 730 522 exactores
750 456 952 540 singularum
966 458 1133 522 civitatum
1147 461 1291 525 studium

145 487 291 610 liabeant
304 567 345 605 ne
361 553 434 616 ante
453 541 585 608 finiatur
605 563 722 618 annus,
738 561 835 621 quam
851 543 977 624 plateae
989 552 1021 604 et
1035 543 1163 605 cloacae
1179 566 1291 607 emun-

146 633 278 694 dentur.
320 629 363 690 Et
378 626 441 687 hoc
460 627 686 708 unusquisque
708 625 903 686 Procurator
929 625 1068 688 civitatis
1087 627 1219 708 publice
1241 631 1291 691 'ex

146 723 258 775 nostra
278 709 439 796 imperiali
456 717 546 794 parte
566 706 772 796 admonendo
801 709 990 800 praecipiat,
1020 729 1062 770 ne
1084 712 1293 792 praetermis-

146 819 223 860 sum
244 796 307 855 liat.
919 797 922 804 ’
945 799 947 806 ’
993 795 996 802 ’

148 981 213 1052 Ne
237 981 277 1051 in
301 980 398 1049 serie
426 977 572 1064 Legum
597 1003 622 1046 a
649 973 816 1065 Regibus
839 978 1078 1049 Francorum
1104 978 1293 1050 editarum

147 1081 354 1177 quidquam
378 1081 535 1164 deerret,
588 1076 767 1145 Baluzius
798 1076 871 1146 hac
902 1078 983 1147 loco
1015 1079 1173 1150 inseruit
1203 1081 1293 1150 Ka-

147 1181 224 1251 roli
248 1177 386 1271 Magni
413 1178 589 1272 Capitula
614 1177 871 1268 quadraginta
896 1201 1029 1248 novem
1053 1185 1230 1274 excerpta
1246 1203 1293 1250 ex

147 1279 256 1373 Lege
275 1278 632 1370 Langobardorum,
675 1274 828 1368 'Verum
853 1301 936 1346 cum
962 1277 1071 1370 baec,
1099 1291 1226 1372 utpote
1244 1273 1293 1350 ab

146 1381 232 1474 ipso
259 1379 421 1450 Baluzia
448 1390 639 1470 excerpta,
657 1375 832 1466 sormam
858 1377 1113 1469 originariam
1133 1379 1294 1472 Capitu-

146 1481 244 1550 laris
269 1480 369 1550 nullo
395 1479 506 1548 moda
530 1501 627 1570 prae
651 1499 691 1546 se
707 1477 856 1568 ferant,
885 1489 920 1545 et
944 1478 1051 1572 infra
1075 1480 1116 1550 in
1130 1479 1294 1550 editione

146 1579 270 1672 Legis
300 1577 645 1669 Langobardorum
689 1575 853 1664 legitimo
897 1600 965 1646 suo
1001 1579 1135 1650 ordine
1168 1602 1295 1650 recur-

380 1691 488 1768 rant,
527 1676 659 1746 merito
686 1675 770 1745 beia
796 1677 937 1746 omissa
962 1691 1059 1748 sunt.

189 1855 438 1922 CAPITULUM
467 1855 524 1918 DE
552 1853 816 1915 HONORANDA
839 1855 949 1917 SEDE
971 1850 1253 1918 APOSTOLICA.

146 1975 206 2094 In¹
222 2023 410 2086 memoriam
427 2018 522 2080 beati,
533 2020 623 2082 Petri
645 2019 791 2104 Apostoli
810 2019 1008 2084 honoremus
1027 2031 1170 2084 sanctam
1182 2022 1296 2086 Roma·

146 2117 275 2174 namet
299 2104 508 2188 apostolicam
529 2105 664 2180 Sedern,
699 2113 734 2164 ut
753 2125 836 2186 quae
857 2104 949 2166 nobis
968 2107 1174 2168 sacerdotalis
1192 2116 1296 2167 mater

147 2205 198 2259 cst
224 2189 408 2274 dignitatis,
447 2209 514 2250 csse
547 2187 662 2248 debeat
692 2187 844 2268 magistra
874 2187 1110 2251 ecclesiasticae
1148 2189 1294 2252 rationis.

147 2282 258 2357 Quare
274 2271 431 2334 servanda
450 2281 498 2331 est
518 2293 591 2332 cum
612 2271 860 2333 mansuetudine
881 2270 1067 2345 humilitas;
1089 2283 1126 2334 ut
1140 2273 1219 2336 licet
1237 2272 1296 2335 vix

147 2357 323 2424 ferendum
348 2356 386 2415 ab
409 2354 465 2414 illa
488 2355 604 2414 Sancta
624 2354 700 2416 sede
726 2354 912 2437 imponatur
934 2356 1068 2440 iugum,
1096 2357 1237 2419 feramus
1262 2364 1297 2419 et

147 2445 204 2530 pia
225 2439 399 2504 devotione
423 2439 606 2499 toleremus.
648 2436 684 2498 Si
706 2459 796 2514 vero,
819 2439 909 2521 quod
929 2461 995 2500 non
1015 2439 1119 2519 decet,
1142 2439 1295 2522 quilibet,

148 2527 220 2589 sive
244 2524 286 2586 sit
304 2521 502 2604 Presbyter,
537 2521 605 2581 sive
634 2519 817 2597 Diaconus,
848 2521 990 2604 aliquam
1016 2523 1297 2606 perturbationem

148 2605 379 2681 machinando,
402 2613 434 2664 et
454 2614 564 2665 nostro
584 2603 766 2664 ministerio
786 2602 982 2684 insidiando,
1004 2606 1218 2690 redarguatur
1231 2608 1296 2670 fal-

148 2716 218 2758 sam
245 2691 283 2750 ab
307 2687 481 2770 apostolica
505 2688 589 2748 Sede
617 2687 771 2748 detulisse
800 2687 988 2770 epistolam,
1025 2691 1079 2752 rel
1103 2691 1193 2753 aliud
1214 2690 1296 2774 quid

175 2775 242 2837 uod
261 2772 337 2833 inde
361 2793 424 2832 non
445 2771 649 2849 convenerit,
671 2771 758 2832 salve
781 2770 843 2832 fide
862 2769 894 2834 et
912 2772 1037 2856 integral
1055 2773 1140 2835 circa
1161 2773 1297 2858 Aposto-

148 2863 253 2923 lrcum
279 2855 461 2916 humilitate
483 2854 582 2936 penes
600 2851 798 2936 Episcopum
817 2853 859 2916 sit
880 2861 1021 2939 potestas
1037 2856 1147 2917 utrlam
1167 2877 1242 2917 eum
1259 2856 1294 2916 in

148 2962 315 3006 carcerem
332 2937 434 3000 autin
454 2936 550 2996 aliam
567 2936 718 2998 detrudat
733 2938 930 3017 custodiam,
952 2941 1124 3022 usquequo
1142 2960 1202 3024 per
1223 2939 1295 3023 cpi·

147 3026 266 3090 stolam
288 3031 342 3083 aut
365 3019 578 3104 peridoneus
600 3041 677 3082 suae
701 3019 800 3101 partis
817 3021 941 3104 legatos
962 3023 1172 3106 apostolicam
1194 3021 1296 3084 inter-

147 3109 254 3194 pellet
270 3104 512 3179 sublimitatem,
535 3112 572 3164 ut
588 3101 789 3186 potissimbm
804 3106 861 3164 sud
875 3107 985 3166 sancta
1000 3105 1162 3188 legatione
1177 3105 1295 3189 digne·-

147 3203 209 3253 tur
223 3191 398 3260 decernere
416 3185 497 3268 quid
516 3185 556 3246 de
570 3186 689 3246 talibus
705 3185 790 3246 insto
808 3187 922 3248 ordine
944 3188 999 3249 lex
1015 3189 1159 3249 Romana
1178 3195 1295 3250 statuat

148 3273 307 3344 delinire;
330 3281 367 3332 ut
384 3280 417 3333 et
435 3270 461 3331 is
480 3269 671 3354 corrigatur,
692 3278 725 3330 et
746 3269 881 3332 caeteris
897 3270 1011 3333 modus
1034 3271 1228 3357 imponatur,

342 3450 674 3514 cameratae
715 3411 1106 3514 er1sc0ro‘nun.

147 3533 265 3638 Haec
309 3574 395 3634 sunt
443 3563 620 3654 Capitula
661 3585 707 3630 ex
730 3594 737 3624 <
750 3563 967 3632 diuinarum
1008 3562 1295 3657 Scripturarum

147 3666 327 3760 scriptis,
369 3687 464 3760 quae
500 3663 606 3731 electi
643 3663 867 3732 Sacerdotes
905 3663 1150 3734 custodienda
1184 3672 1295 3758 utque

467 3762 713 3862 adimplenda
740 3774 973 3871 censuerant.

461 3907 608 3969 Innrx
650 3908 1011 3972 Carrrunonuu.

176 4037 202 4076 ¹·
231 3999 277 4098 l]
283 4051 296 4097 t
321 4037 527 4114 ⁴Sacerdotes
569 4037 697 4104 assidui
767 4045 797 4109 3.
819 4043 869 4102 De
892 4063 969 4104 cura
994 4041 1157 4104 Ecclesiae
1184 4054 1215 4102 et
1241 4065 1295 4104 sa-

138 4129 140 4134 '
234 4134 327 4182 orent
351 4143 412 4206 pro
435 4121 561 4195 Damno
590 4124 698 4206 Impe·
830 4147 956 4186 crorum
973 4125 1201 4208 Reliquiaram.

237 4216 355 4266 rotare.
765 4210 797 4286 4.
824 4208 867 4269 Ut
887 4207 1085 4288 euangelium
1102 4205 1222 4268 Christi
1239 4230 1297 4293 po·

172 4304 202 4350 2.
229 4285 271 4348 Ur
284 4301 374 4350 orent
386 4309 447 4376 pro
456 4287 616 4377 Episcopo
630 4311 695 4351 sno.
737 4367 738 4374 ἵ
827 4291 904 4376 prelo
924 4289 1119 4376 praedicent.
1179 4319 1190 4340 x
