2920 4972
278 379 312 432 n.
332 375 419 433 cau.
523 373 657 432 aucun
696 369 926 427 rusucoauu
1025 369 1087 430 757,
1211 353 1260 426 49

138 515 460 576 nonlicet'alterum.
472 513 617 596 accipere
634 533 768 574 uxorem
797 512 876 574 eius.
901 509 960 574 ,Εἰ
986 508 1013 572 si
1037 509 1161 574 inventi
1187 513 1260 574 fue-

135 599 215 676 rint,
239 607 436 681 separentur.
476 598 547 656 Una
570 596 624 658 lex
641 603 688 656 est
706 593 746 658 dc
761 594 839 656 viris
856 603 888 655 et
905 593 944 654 de
960 591 1100 653 feminis.

137 703 176 764 Si
196 713 282 765 uxor
305 705 371 764 sine
392 703 458 764 uiri
476 703 527 762 sui
541 707 693 765 consensa
720 700 820 841 volatile
850 713 917 774 est,
940 711 1080 783 repetere
1106 701 1195 762 illam
1216 703 1263 763 vir

554 795 678 868 potest,
708 786 737 844 si
768 804 801 843 vc
815 785 849 848 it.

216 887 280 952 ΙΙΙ.
323 891 444 952 Mulier
471 890 499 952 si
527 889 596 952 sine
622 895 800 950 commeatu
822 886 886 950 viri
909 886 958 949 sui
982 887 1092 949 velum
1107 888 1139 948 i'n
1169 886 1267 971 caput

137 972 276 1060 miserit,
297 973 324 1034 si
344 974 413 1037 viro
436 971 615 1058 placuerit,
637 970 772 1054 recipiat
790 992 859 1034 eam
881 968 999 1032 iterum
1015 970 1055 1032 ad
1067 971 1265 1052 coniugium.

136 1079 292 1156 Priuigno
312 1077 435 1155 libero,
467 1077 531 1138 siis
551 1077 668 1138 uitrico
683 1087 794 1136 contra
812 1095 901 1138 suam
920 1087 951 1135 ct
969 1095 1098 1136 suorum
1122 1078 1265 1138 volantu-

219 1173 280 1220 tem
300 1161 365 1222 viro
390 1159 467 1220 data
482 1171 545 1240 est,
565 1169 693 1243 potest,
714 1157 772 1218 illo
791 1157 920 1230 relicto,
946 1157 1040 1218 alteri
1057 1159 1182 1220 nubere.

172 1278 178 1286 '
219 1265 276 1325 IV..
320 1265 353 1330 Si
382 1265 454 1348 quis
475 1265 618 1327 francam
639 1263 802 1324 filiastram
821 1284 910 1326 auam
932 1271 1044 1324 contra
1066 1265 1265 1342 voluntatem
1350 1331 1353 1338 ,

138 1346 240 1430 ipsius
261 1348 411 1410 etmatris
430 1357 462 1410 ct
484 1355 655 1430 parentum
674 1346 800 1408 dederit
815 1345 884 1407 viro
911 1345 1074 1428 ingenuo,
1096 1355 1152 1406 aut
1172 1369 1265 1409 servo

135 1431 189 1490 vel
205 1430 442 1509 ecclesiastico,
464 1439 497 1491 et
517 1429 573 1488 illa
597 1427 739 1489 uoluerit
759 1427 876 1490 habere
894 1425 1017 1509 ipsum,
1045 1437 1078 1490 et
1094 1428 1267 1512 reliquerit

136 1533 228 1590 eum,
249 1521 440 1595 potestatem
458 1505 579 1572 hahent
599 1519 748 1592 parentes
766 1509 866 1592 ipsius
889 1509 964 1572 dare
989 1512 1019 1572 ei
1046 1510 1146 1574 alium
1168 1513 1266 1574 mari·

134 1603 216 1659 tum.
257 1596 300 1658 Et
315 1593 341 1656 si
362 1595 430 1680 ipsa
455 1593 553 1656 alium
571 1591 687 1672 habet,
711 1613 808 1676 quem
824 1601 935 1677 postea
961 1593 1108 1683 accepit,
1131 1615 1196 1655 nou
1220 1615 1268 1658 se·

134 1685 322 1760 parentur„
386 1727 388 1734 ⁴
421 1723 425 1734 .

236 1784 286 1844 Dc
310 1783 489 1862 coniugibus
503 1802 635 1866 quorum
651 1781 733 1842 alter
753 1783 943 1844 seruilis-est
962 1782 1162 1852 conditionis.

125 1907 139 1948 .·
170 1936 172 1940 .
219 1887 262 1950 V'.
302 1888 337 1951 Si
350 1889 487 1950 francus
503 1887 600 1948 homo
624 1885 755 1970 accepit
770 1888 956 1970 mulierem,
974 1899 1023 1954 'et
1043 1900 1149 1974 sperat
1175 1892 1265 1974 quod

107 1975 110 1982 ’
134 1974 280 2054 ingenua
303 1971 359 2048 sit,
381 1979 540 2056 etpostea
559 1969 686 2032 invenit
707 1971 794 2052 quod
811 1993 876 2032 nou
894 1983 941 2034 cst
957 1973 1112 2056 ingenua,
1127 1973 1265 2036 dimittat

136 2077 225 2134 eam,
247 2054 274 2116 si
294 2054 380 2129 vult,
401 2062 433 2114 ct
449 2051 585 2136 accipiat
602 2053 706 2114 aliam.
733 2053 903 2116 .Similitcr
929 2055 957 2118 si
979 2055 1100 2118 femina
1122 2055 1265 2138 ingenua

136 2137 263 2221 accepit
278 2157 427 2222 servum,
449 2146 482 2198 et
493 2135 614 2196 sciebat
634 2144 713 2198 tunc
729 2136 816 2218 quod
838 2157 947 2200 servus
967 2147 1051 2214 erat,
1074 2135 1189 2200 habeat
1212 2137 1266 2199 in-

135 2221 232 2280 terim
253 2241 317 2302 quo
336 2217 424 2282 vivit.
465 2219 537 2278 Una
553 2217 607 2278 lex
623 2226 672 2282 cst
686 2219 725 2280 de
750 2218 826 2282 viris
843 2228 875 2280 et
890 2219 1028 2281 feminis.

135 2326 187 2386 De
203 2325 335 2399 vassallo
356 2327 431 2406 qui,
458 2323 568 2384 relicto
587 2343 706 2395 umore,
731 2345 823 2404 quam
838 2327 872 2384 in
890 2326 1018 2386 ulterius
1036 2327 1189 2412 beneficio
1208 2327 1265 2392 du-

283 2419 378 2468 xerat
386 2432 398 2479 ·,
421 2407 518 2470 alteri
535 2403 622 2488 apud
637 2408 792 2468 seniorem
807 2428 896 2467 suum
914 2409 1123 2490 coniungitur.

221 2509 281 2578 Vl.
322 2513 423 2574 Homo
442 2512 571 2590 francus
586 2512 709 2593 accepit
723 2511 916 2576 bertofioium
933 2513 972 2574 de
997 2514 1124 2577 seniore
1138 2537 1207 2594 sno,
1233 2525 1266 2578 et

126 2594 233 2660 duxit
252 2615 360 2658 secum
380 2614 475 2656 suum
493 2594 671 2672 vassallum,
691 2605 723 2654 et
737 2604 845 2678 postea
868 2596 932 2657 fuit
954 2595 999 2658 ihi
1023 2591 1180 2662 mortuns'
1196 2599 1264 2682 ipse

137 2679 259 2756 senior,
289 2686 320 2740 et
343 2675 464 2738 dimisit
484 2673 528 2734 ibi
554 2675 564 2734 i
589 2697 658 2736 sum
688 2677 873 2742 vassallum:
896 2688 928 2740 et
955 2679 1110 2761 posthoc
1141 2681 1266 2764 accepit

137 2761 221 2825 alius
243 2759 341 2822 homo
355 2759 460 2841 ipsum
475 2697 685 2840 beuelicium,
709 2767 741 2819 et
753 2781 811 2841 pro
834 2759 895 2822 hoc
916 2771 952 2822 ut
969 2762 1083 2825 melius
1107 2765 1263 2846 potuisset

137 2845 258 2908 habere
273 2839 366 2904 illum
381 2843 573 2922 vassallum,
590 2841 679 2926 dedit
699 2841 728 2902 ei
745 2841 915 2904 mulierem
935 2845 974 2905 de
996 2844 1065 2927 ipso
1092 2845 1263 2920 beneficio,

140 2935 174 2988 et
188 2925 300 2988 hahuit
320 2925 420 3006 ipsam
446 2925 553 3008 aliquo
571 2935 729 3006 tempore3
750 2935 782 2984 ct
796 2925 923 2986 dimissa
946 2925 1023 3004 illa,
1045 2947 1194 2991 reversus
1217 2935 1264 2986 cst

139 3009 180 3072 ad
206 3017 355 3088 parentes
384 3007 518 3067 senioris
542 3007 592 3066 sui
614 3006 748 3081 mortui,
779 3017 810 3070 et
834 3007 958 3090 accepit
983 3009 1027 3070 ibi
1052 3029 1203 3086 uxorem,
1233 3017 1266 3068 et

128 3091 234 3156 ,modo
246 3090 343 3152 habet
359 3109 437 3148 eam.
478 3089 661 3150 Diffinitum
679 3090 830 3170 estquod
852 3091 941 3151 illam
956 3111 1054 3172 quam
1073 3101 1182 3174 postea
1210 3113 1263 3156 ac·

140 3173 244 3256 cepit,
268 3173 367 3256 ipsam
382 3169 506 3234 habeat.

182 3277 219 3340 Si
234 3280 304 3359 quis
317 3297 449 3338 uxorem
468 3295 561 3357 quam
572 3278 662 3356 virgo
693 3269 801 3348 deicit,
830 3290 1010 3359 corruptam
1037 3281 1221 3355 inveniens,

182 3359 314 3421 alterum
336 3355 452 3433 ducat,
482 3372 511 3418 et
533 3359 590 3418 hac
618 3361 692 3418 item
712 3359 751 3418 ob
779 3357 911 3418 eandem
937 3379 1059 3422 causam
1089 3365 1221 3439 relicta,

276 3445 281 3460 “
376 3451 379 3456 ’
566 3443 689 3505 tertiam
708 3441 850 3524 accipiat.

123 3573 126 3580 .
218 3521 296 3584 Vll..
339 3522 372 3584 Si
384 3524 466 3604 quis,
478 3533 578 3584 uxore
587 3533 727 3606 accepta,
737 3523 864 3584 invenit
877 3525 970 3586 eamd
982 3526 1147 3596 fratresuo
1157 3539 1265 3589 couta-

137 3606 302 3682 minatam,
324 3604 425 3686 ipsam
446 3606 608 3668 dimittens
627 3605 749 3686 accepit
765 3604 870 3684 aliam,
890 3601 1051 3690 ipsamque
1067 3611 1267 3670 contamina-

138 3699 206 3750 tam
227 3687 362 3762 inveuit,
384 3709 466 3748 uxor
486 3687 575 3748 illius
591 3687 733 3768 legitima
754 3696 819 3763 est,
841 3699 1010 3770 propterea
1027 3691 1103 3770 quia
1120 3713 1180 3752 nec
1197 3692 1265 3773 ipse

140 3771 234 3852 virgo
249 3769 311 3830 fuit
324 3769 382 3828 illo
401 3780 554 3852 tempore.
597 3769 693 3845 Quod
711 3769 739 3830 si·
753 3769 878 3832 tertiam
898 3781 1005 3851 postea
1021 3773 1191 3852 acceperit,
1211 3797 1266 3834 re-

140 3861 246 3914 vertat
265 3851 304 3912 ad
318 3851 519 3912 medianam:
542 3860 574 3912 et
589 3851 655 3934 ipsa
668 3850 826 3932 posterior
842 3862 1032 3936 potestatem
1054 3853 1169 3916 haheat
1201 3857 1265 3918 alio

141 3935 213 4004 viro
231 3956 264 3996 se
280 3934 489 4016 coniungere.
1042 3953 1044 3960 ¹

266 4041 317 4100 De
335 4061 370 4100 eo
393 4039 485 4101 cuias.
503 4059 587 4100 vexor
602 4059 671 4098 cum
685 4040 783 4122 ipsius
794 4037 901 4120 fratre
931 4031 1092 4116 moechata
1112 4057 1168 4110 est.

129 4163 134 4166 ·
226 4144 320 4222 Vlll.
349 4147 399 4207 -Si
416 4146 496 4228 ›quis
513 4146 608 4210 homo
626 4144 722 4204 habet
734 4145 902 4208 mulierem
917 4145 1101 4228 legitimam,
1123 4161 1156 4211 et
1169 4152 1268 4214 frater

146 4226 216 4293 cius
235 4229 428 4292 adulteravit
444 4249 577 4306 cumea,
598 4227 655 4288 illc
673 4228 773 4303 frater
789 4227 841 4288 vel
861 4227 917 4288 illa
938 4231 1057 4290 femina
1073 4232 1128 4312 qui
1148 4234 1270 4314 adulte7

129 4311 229 4374 'rium
249 4320 535 4396 perpetraverunt,
559 4309 769 4394 interimque
793 4311 907 4376 vivunt
929 4334 1103 4396 numquam
1120 4315 1270 4380 'habeant

819 4513 824 4516 .
911 4425 935 4494 4
