2920 4972
190 337 238 429 ott
442 343 478 400 n.
499 341 585 400 cau.
691 343 948 400 caracenam
1051 339 1114 406 tao.

186 457 268 570 heri,
289 489 342 550 uhi
360 486 490 548 nullum
512 484 730 568 patrocinium
753 494 786 546 et
812 483 1036 546 defensionem
1059 508 1126 549 uon
1151 486 1323 574 elegerint,

186 575 337 641 similiter
356 569 436 654 Regi
462 578 700 653 componantur
717 567 931 650 quadraginta
952 567 1075 630 solidis.

193 690 236 756 Ut
253 691 409 751 Clericum
423 687 562 746 alienam
574 703 665 746 nemo
685 685 818 768 recipiat
832 685 907 744 sinc»
917 703 1071 750 consensu
1089 684 1245 772 Episcopi
1263 684 1324 748 sai.

271 797 364 860 VIII.
404 797 448 855 Ut
465 790 630 854 Clericum
653 811 748 850 nemo
762 789 908 872 recipere
926 791 1042 852 audeat
1068 792 1139 853 siue
1165 816 1325 856 consensu

186 879 339 966 Episcopi
360 877 419 939 sui.
441 873 525 936 Etsi
543 893 619 934 eum
630 872 748 953 aliquis
765 883 931 956 acceptum
943 873 1052 954 hahet,
1071 877 1203 957 quaudo
1224 879 1326 939 licen-

184 966 231 1028 tia
249 963 348 1046 ipsius
356 958 508 1043 Episcopi
523 955 633 1033 luerit,
652 956 747 1016 aliter
765 977 831 1016 non
845 955 954 1028 faciat;
978 958 1040 1019 nisi
1055 979 1130 1020 eum
1146 959 1216 1022 eius
1226 981 1322 1045 prae-

76 1039 80 1050 ’
185 1047 308 1111 sentiae
326 1040 607 1128 perscrutandum,
627 1038 654 1100 si
672 1039 789 1123 diguus
802 1039 913 1118 fuerit,
934 1039 1082 1104 deducat.

78 1333 82 1340 .
189 1235 646 1308 CAPITULARE
710 1239 1320 1326 AQutsGaANENsE,

286 1365 363 1436 sive
384 1361 596 1455 Capitulara
614 1360 773 1455 primum
786 1360 873 1428 anni
894 1358 1222 1434 DCCLXXXIX.

344 1486 486 1580 Incipit
502 1483 698 1580 praefatio
726 1483 871 1600 Domni
889 1483 1028 1558 Koroli
1043 1487 1171 1581 Regis.

186 1587 374 1726 Regnaute
389 1641 529 1702 Domino
548 1648 659 1701 nostro
682 1640 761 1700 Iesu
791 1635 922 1701 Christo
954 1639 988 1700 ln
1020 1651 1225 1726 perpetuum,
1260 1662 1325 1724 ego

183 1727 338 1804 Karolus,
353 1724 453 1809 gratita
466 1723 528 1784 Dei
547 1723 683 1804 eiusque
701 1721 922 1784 misericordie
938 1723 1091 1802 donante,
1107 1725 1176 1788 Rex
1200 1733 1233 1786 et
1246 1746 1322 1786 rec-

184 1820 238 1872 tor
262 1809 354 1890 regni
369 1809 580 1885 Francorum,
597 1815 629 1866 et
645 1805 781 1867 devotus
798 1817 926 1868 sauctae
943 1806 1005 1870 Dei
1023 1807 1188 1869 Ecclesiae
1206 1808 1324 1869 defen-

186 1913 242 1954 sor
255 1891 455 1972 humilisque
472 1889 612 1966 adiutor,
633 1889 782 1949 omnihus
798 1889 1033 1952 ecclesiasticae
1047 1890 1176 1972 pietatis
1201 1889 1325 1952 ordini-

184 1977 258 2052 bus,
280 1995 338 2035 seu
350 1971 504 2039 secularis
519 1969 683 2056 potentiae
700 1969 920 2053 dignitatibus,
941 1971 975 2032 iu
993 1969 1121 2034 Christo
1132 1975 1203 2034 Deo
1221 1982 1325 2034 aeter-

187 2081 232 2120 uo
252 2065 429 2140 perpetuae
445 2053 533 2138 pacis
549 2064 581 2116 et
597 2053 819 2132 beatitudinis,
838 2055 984 2116 salutem.
1027 2055 1244 2116 Considerans
1268 2076 1325 2136 pa-

186 2141 280 2204 cifico
301 2139 374 2222 piac
390 2138 508 2202 mentis
529 2137 662 2213 intuitu,
681 2138 746 2197 aud
762 2158 836 2196 cum
854 2135 1080 2198 Sacerdotibus
1098 2147 1131 2198 et
1159 2137 1321 2200 Consilia-

184 2225 243 2286 riis
259 2222 388 2300 nostris,
403 2219 620 2284 abundantem
640 2218 673 2278 in
699 2241 757 2282 uos
782 2230 992 2302 nostrumque
1015 2221 1174 2303 populum
1200 2219 1321 2282 Christi

184 2307 281 2388 Regis
307 2303 523 2381 clementiam,
547 2313 579 2364 et
606 2301 703 2384 qudm
723 2302 939 2363 necessarium
962 2312 1010 2364 est
1033 2324 1098 2364 non
1124 2303 1229 2364 solhm
1251 2311 1322 2362 toto

186 2389 285 2450 corde
302 2397 334 2448 et
354 2409 409 2450 ore
434 2385 504 2448 eius
526 2385 639 2469 pietati
661 2406 754 2467 agere
769 2384 886 2466 gratias
913 2385 1123 2464 incessanter,
1147 2385 1323 2447 sedetiam

185 2470 341 2533 continual
363 2471 524 2531 bonorum
539 2489 674 2550 operum
690 2466 920 2530 exercitatione
945 2470 1015 2530 cius
1042 2467 1189 2530 insistere
1212 2467 1321 2528 laudi-

183 2556 256 2628 bus,
277 2553 439 2634 quatenos
455 2553 513 2635 qui
529 2561 639 2612 nostro
663 2572 765 2634 regno
796 2559 901 2611 tantos
923 2551 1064 2612 contulit
1085 2552 1237 2628 honores,
1263 2549 1323 2611 sud

181 2635 386 2721 protectione
404 2656 463 2696 nos
486 2643 696 2716 nostrumque
721 2655 859 2716 reguum
883 2632 916 2694 in
939 2645 1108 2698 aeternum
1129 2652 1322 2696 conservare

182 2719 346 2800 dignetur.
368 2718 575 2800 Quapropter
591 2715 714 2800 placuit
737 2717 828 2778 nobis
845 2725 983 2780 vestram
1010 2739 1122 2800 rogare
1146 2717 1322 2791 solertiam,

184 2802 366 2864 tractores
399 2799 621 2862 Ecclesiarum
647 2798 779 2878 Christi,
809 2809 841 2861 et
872 2799 1022 2862 ductores
1048 2801 1153 2943 gregis
1178 2800 1259 2876 eius,
1289 2807 1322 2860 ct

183 2883 360 2952 clarissima
378 2883 493 2944 muudi
510 2881 696 2958 luminaria,
710 2892 746 2943 ut
761 2882 855 2966 vigili
870 2885 948 2944 cura
967 2893 999 2945 et
1026 2884 1104 2945 sedu
1122 2907 1139 2944 a
1171 2881 1322 2943 admoui-

180 2967 273 3030 tionc
286 2966 445 3050 populum
463 2965 528 3028 Dei
544 2987 604 3050 per
618 2986 737 3048 pascua
753 2966 837 3028 vitae
853 2975 1002 3028 aeternae
1020 2967 1140 3028 ducere
1156 2963 1321 3041 studeatis,

181 3059 216 3111 et
229 3058 374 3111 errantes
391 3070 477 3126 oves,
492 3047 654 3110 bonorum
675 3069 810 3130 operum
831 3051 992 3132 exemplo,
1009 3071 1067 3110 seu
1085 3046 1320 3123 adhortatione,

181 3131 327 3193 humeris
345 3131 431 3192 iutra
444 3129 679 3193 ecclesiasticae
703 3130 860 3192 firmitatis
879 3153 988 3192 muros
1013 3141 1180 3214 reportare
1203 3129 1332 3210 satagi—,⁴

181 3213 284 3284 miui3
308 3233 350 3275 ne
370 3211 467 3298 lupus
492 3211 649 3275 insidians
668 3212 812 3294 aliquem
828 3213 1001 3276 canonicas
1017 3214 1198 3274 sanctiones
1215 3217 1322 3272 trans-

182 3295 395 3379 gredientem,
417 3297 470 3361 vel
488 3295 636 3379 paternas
648 3297 838 3372 traditiones
851 3291 1087 3356 universalium
1105 3294 1321 3356 conciliorum

183 3377 408 3457 excedentem,
421 3381 510 3461 quod
526 3379 616 3456 absit,
635 3379 808 3440 inveniens
829 3377 973 3438 devoret.
1003 3375 1081 3440 Ideo
1103 3395 1236 3459 magnae
1262 3375 1322 3436 de·

181 3459 325 3524 votionis
341 3461 449 3524 studio
466 3461 661 3524 admonendi
681 3471 713 3520 et
731 3459 913 3521 adhortanti
936 3468 1022 3536 sunt,
1050 3458 1147 3520 imruh
1175 3456 1319 3539 compel-

181 3543 286 3620 lendi,
309 3553 345 3603 ut
360 3543 451 3604 firma
467 3545 530 3606 fide
555 3553 587 3606 et
604 3543 798 3625 infatigabili
814 3541 1053 3625 perseverantia
1072 3541 1156 3602 intrd
1170 3549 1319 3623 paternas

181 3626 366 3688 sanctiones
390 3649 424 3688 se
448 3627 654 3689 contineant:
678 3625 712 3685 in
730 3647 796 3707 quo
814 3625 921 3708 operis
945 3624 1052 3684 studio
1078 3624 1156 3686 sciat
1180 3621 1319 3683 certissi·
1361 3647 1366 3651 ·

179 3709 233 3770 me
255 3709 405 3772 sauctitas
428 3719 533 3772 restra
551 3719 692 3770 nostram
709 3709 802 3771 robis
820 3707 987 3788 cooperari
1009 3707 1221 3790 diligentiam.
1233 3705 1319 3782 Qua-

180 3785 316 3874 pro'pter
337 3803 370 3854 et
386 3802 513 3855 nostros
534 3792 646 3854 advos
664 3792 841 3854 direximus
856 3790 980 3868 Missos,
1002 3789 1061 3872 qui
1080 3810 1121 3852 ex
1140 3788 1243 3850 nostri
1263 3807 1319 3846 no-

181 3871 281 3954 minis
304 3875 494 3940 auctoritate
516 3875 582 3935 und
598 3875 764 3936 vobiscum
788 3873 988 3955 corrigerent
1017 3893 1100 3954 quac
1126 3869 1319 3953 corrigenda

181 3963 299 4018 essent.
343 3957 409 4020 Sed
432 3967 465 4020 et
485 3956 595 4038 aliqua
620 3956 762 4039 capitula
788 3979 828 4020 ex
852 3954 1016 4017 canonicis
1046 3952 1318 4028 institutionibus,

181 4049 265 4119 quae
291 4040 392 4122 magis
416 4038 518 4103 'vobis
549 4039 729 4100 necessaria
759 4039 965 4116 ridebantur,
993 4037 1229 4100 subiunximus.
1270 4033 1319 4094 Ne

179 4119 310 4202 aliquis,
330 4141 463 4204 quaeso,
473 4121 570 4182 huius
585 4121 714 4206 pietatis
731 4121 984 4183 admonitionem
1004 4143 1071 4184 esse
1087 4117 1320 4204 praesumptio·

180 4225 249 4263 sam
266 4202 488 4286 iudicet,'quat
521 4225 580 4266 nos
604 4213 708 4268 errata
741 4204 915 4286 corrigere,
948 4203 1111 4286 superflua
1141 4202 1318 4274 abscidere,

171 4287 269 4346 'recta
290 4295 434 4360 coartare
452 4287 646 4368 studuimus,
661 4287 719 4352 sed
737 4287 836 4372 magis
861 4287 1023 4352 benevolo
1045 4285 1188 4351 caritatis
1210 4283 1318 4354 animo
