2928 4986
208 290 281 368 326
452 309 486 365 a.
507 303 594 365 car.
699 304 957 364 causaturus
1063 305 1126 364 aar.

330 451 376 512 ln
398 451 638 512 Wasconrr.
803 447 1036 512 Monasterium
1053 447 1203 510 Piciano.

804 531 1037 594 Monasterinm
1057 531 1170 592 Altum
1193 528 1374 611 fragitum.

806 614 1039 678 Monasterium
1053 614 1155 676 sancti
1175 611 1314 676 Savini.
1374 700 1383 712 ι

208 565 440 630 Monasterium
461 565 553 628 Cella
574 564 706 628 fraxilii.

209 649 442 712 blunasterium
462 649 619 711 Cimorra.

291 757 352 818 llic
370 755 545 839 praedictis
561 753 765 818 monasteriis
788 755 952 838 praefatus
977 754 1166 836 Imperator,
1193 752 1286 813 sicut
1314 773 1368 812 su-

208 839 391 923 pradictam
404 849 462 918 cst,
483 849 637 902 statutum
651 837 749 900 scribi
771 835 861 913 fecit,
877 847 975 922 atque
998 857 1097 898 mauu
1120 859 1180 898 sua
1205 835 1370 911 firmarit,

209 933 242 986 et
268 923 368 986 anulo
388 944 446 986 suo
462 922 623 1008 imperiali
643 919 787 1006 sigillare
800 919 888 982 fecit.

449 1085 686 1150 nncnnruu
728 1084 1116 1162 conmanamoms,

210 1229 296 1316 Quo
331 1221 542 1294 Ludovicus
575 1219 666 1290 Pius
702 1225 911 1314 Imperator
935 1221 1148 1290 donationes
1165 1217 1367 1288 Ecclesiae

212 1327 399 1396 Romanae
425 1323 471 1390 ab
495 1321 577 1394 Avo
601 1343 670 1390 suo
696 1319 855 1414 Pippino
882 1318 984 1412 Rege
1008 1331 1045 1388 et
1071 1321 1092 1388 a
1129 1317 1244 1388 Patre
1283 1323 1366 1386 Ka-

286 1422 368 1494 rolo
395 1421 530 1514 Magno
555 1419 787 1513 Imperatore
820 1416 933 1488 tactas
964 1417 1133 1490 Paschali
1157 1417 1289 1511 Papae

666 1518 907 1590 confirmavit.

213 1641 258 1756 Iu
285 1693 417 1757 nomine
434 1692 566 1756 Domini
585 1692 648 1754 Dei
669 1693 903 1777 omnipotentis
919 1693 1035 1772 Patris,
1059 1702 1092 1755 et
1115 1692 1207 1772 Filii,
1232 1703 1268 1756 et
1293 1691 1365 1776 Spi-

211 1792 262 1842 tus
280 1777 399 1840 Sancti.
441 1777 511 1860 Ego
534 1775 773 1854 Hlualouvicus,
799 1778 978 1858 Imperator
998 1777 1175 1860 Augustas,
1196 1785 1307 1838 statuo
1333 1785 1365 1836 et

212 1861 357 1924 concedo
381 1881 441 1942 per
457 1859 520 1920 hoc
542 1868 673 1942 pactum
688 1857 942 1922 confirmationis
961 1869 1087 1921 nostrae
1107 1859 1166 1920 tibi
1189 1859 1289 1920 beato
1304 1860 1366 1920 Pe·

212 1959 263 2008 tro
308 1941 429 2025 riucipi
444 1942 687 2026 Apostolorum,
711 1950 745 2004 et
769 1963 828 2024 per
846 1951 877 2002 te
900 1942 1031 2005 Vicario
1053 1953 1110 2004 tuo
1136 1945 1269 2004 Domno
1298 1943 1364 2002 Pa-

212 1967 326 2097 scbali,
347 2047 471 2088 summo
485 2025 638 2088 Pontifici
661 2035 694 2087 et
713 2024 890 2088 universali
914 2026 1032 2109 Papae,
1059 2035 1099 2088 et
1116 2024 1364 2088 successoribus

211 2114 281 2174 eins
291 2111 323 2169 in
335 2117 539 2193 perpetuum,
550 2108 660 2169 sicutd
670 2107 969 2191 praedecessoribus
983 2108 1101 2172 nostris
1111 2129 1214 2192 usqne
1225 2105 1363 2168 nuncin

213 2204 319 2256 vestra
335 2200 492 2276 potestate
514 2201 547 2251 et
565 2190 689 2251 ditione
714 2191 866 2252 tenuistis
892 2200 925 2251 et
947 2191 1160 2274 disposuistis,
1191 2192 1364 2252 civitatem

213 2281 389 2338 Romanam
408 2295 481 2336 cum
505 2269 709 2334 ducatu‘suo
730 2281 764 2336 et
791 2274 996 2352 suburbanis,
1024 2286 1121 2358 atque
1141 2275 1263 2336 viculis
1289 2295 1362 2333 orn-

213 2360 308 2420 nibus
326 2367 358 2418 et
366 2356 536 2418 territoriis
552 2355 621 2418 eius
636 2355 808 2433 montanis,
825 2366 858 2418 et
870 2355 1038 2419 maritimis
1053 2357 1218 2422 littoribus
1235 2366 1270 2418 et
1282 2377 1362 2439 por-

214 2443 321 2516 tubus,
343 2461 402 2502 seu
422 2439 549 2500 cunctis
567 2439 761 2516 civitatibus,
783 2440 938 2518 castellis,
957 2441 1084 2523 oppidis
1107 2461 1144 2502 ac
1171 2439 1295 2502 viculis
1326 2439 1360 2496 in

212 2522 351 2584 Tusciae
374 2521 531 2604 partibus,
553 2522 585 2582 id
601 2521 829 2600 est,Portum,
853 2523 1105 2602 Centumcellas,
1132 2526 1246 2599 Caere,
1280 2523 1360 2582 Ble-

214 2609 296 2682 dam,
314 2605 547 2682 blarturanum,
571 2605 728 2681 Sutrium,
746 2607 848 2686 Nepe,
863 2607 1040 2666 Castellum
1057 2607 1361 2683 GallesiI,Hortam,

214 2687 451 2764 Polimartium,
467 2687 640 2764 Ameriam,
658 2688 849 2766 Tudertum,
872 2689 1055 2768 Perusiam,
1072 2711 1146 2750 cum
1167 2689 1239 2749 aliis
1254 2687 1362 2747 tribus

216 2769 332 2832 insulis
352 2769 429 2841 suis,
450 2769 484 2830 id
505 2779 564 2846 cst,
585 2770 740 2831 maiorem
763 2781 797 2831 et
824 2771 995 2850 minorem,
1014 2773 1223 2849 Pulvensam,
1246 2780 1279 2831 et
1297 2773 1362 2829 La-

216 2877 303 2924 cum,
325 2851 489 2930 Narniam,
511 2851 708 2930 Otriculum,
731 2875 806 2914 cum
823 2854 973 2915 omnibus
990 2854 1108 2916 finibus
1124 2877 1160 2915 ac
1183 2853 1360 2915 territoriis

216 2938 255 2996 ad
271 2935 469 3017 supradictas
492 2935 637 2997 civitates
659 2936 909 3018 pertinentibus.
939 2936 1043 2998 Simili
1067 2938 1163 2998 modo
1188 2947 1220 2997 et
1238 2937 1272 2996 in
1290 2957 1363 3018 par-

215 3020 302 3081 tibus
321 3019 514 3100 Campaniae
538 3019 694 3100 Signiam,
719 3018 910 3102 Anagniam,
945 3021 1171 3097 Ferentinum,
1197 3019 1360 3094 Alatrum,

216 3101 391 3179 Putricum,
411 3102 639 3178 Frusinonem,
662 3123 736 3162 cum
750 3103 821 3165 aliis
838 3101 983 3186 partibus
1002 3103 1207 3186 Campaniae,
1228 3121 1360 3162 necnon

217 3195 249 3244 ct
267 3185 381 3261 Tibur,
400 3206 475 3245 cum
497 3184 646 3245 omnibus
674 3184 793 3248 finibus
820 3195 852 3248 et
872 3185 1045 3247 territoriis
1063 3187 1103 3247 ad
1125 3185 1253 3246 easdem
1278 3184 1361 3246 ciri-

217 3277 298 3327 tates
326 3267 575 3349 pertinentibus.
616 3268 753 3329 Necnon
783 3278 816 3330 et
836 3268 1056 3330 Exarchatum
1076 3270 1360 3329 Ravennatensem

217 3349 277 3411 sub
295 3349 493 3432 integritate,
510 3373 584 3412 cum
608 3351 754 3427 urbibus,
777 3351 976 3428 civitatibus,
1005 3351 1144 3435 oppidis,
1165 3359 1197 3410 et
1217 3349 1360 3412 castellis

217 3453 301 3513 qaae
318 3432 390 3514 piae
408 3433 644 3494 recordationis
659 3436 806 3496 Domnns
822 3435 981 3517 Pippinus
1000 3435 1081 3512 Rex,
1098 3455 1134 3493 ac
1154 3433 1259 3494 honae
1289 3453 1360 3491 me-

217 3515 338 3576 moriae
361 3515 489 3598 gcnitor
508 3525 616 3576 noster
637 3517 778 3578 Karolus
799 3519 986 3600 Imperator,
1015 3517 1111 3579 beato
1131 3517 1229 3576 Petro
1255 3515 1360 3598 Apos-

218 3600 285 3658 tolo
305 3606 338 3657 et
361 3598 662 3680 praedecessoribus
676 3599 790 3660 vestris
806 3600 994 3661 iamdudum
1016 3621 1075 3682 per
1097 3599 1281 3660 donationis
1295 3619 1359 3679 pa-

219 3682 634 3760 ginamrestituerunt,hoc
650 3691 708 3759 est,
730 3682 894 3744 civitatem
917 3684 1104 3744 Ravennam
1123 3689 1156 3740 et
1177 3680 1359 3758 Aemiliam,

219 3763 365 3838 Bobium,
383 3765 570 3842 Caesenam,
584 3767 706 3825 Forum
715 3765 880 3849 Pompilii,
897 3767 1020 3826 Forum
1035 3764 1133 3842 Livii,
1157 3763 1359 3840 Faventiam,

220 3846 364 3924 lmolam,
379 3847 568 3924 Bononiam,
589 3847 783 3925 Ferrariam,
803 3849 1001 3927 Comaclum,
1021 3857 1054 3910 et
1069 3845 1211 3925 Adriam,
1239 3856 1272 3908 et
1294 3849 1360 3906 Ga-

219 3929 342 4005 bolum,
360 3951 435 3990 cnm
454 3931 603 4010 omnibus
627 3929 756 4009 finibus,
776 3931 960 4009 territoriis,
990 3941 1086 4012 atque
1109 3929 1226 3991 insulis
1248 3930 1281 3988 in
1297 3936 1361 3989 ter-

220 4033 254 4070 ra
270 4011 415 4094 marique
438 4013 478 4072 ad
503 4013 682 4096 praedictas
715 4015 861 4076 civitates
890 4012 1138 4096 pertinentibus.
1188 4012 1359 4094 Simulque

220 4102 253 4154 et
278 4093 492 4178 Pentapolim,
510 4096 665 4158 videlicet
680 4096 874 4175 Ariminum,
889 4097 1071 4173 Pisaurum,
1099 4097 1235 4174 Fanum,
1261 4096 1362 4156 Seno-

221 4176 363 4253 oalliam,
399 4177 576 4254 Anconam,
607 4181 797 4256 Humanam,
829 4179 972 4258 Aesium‚
1013 4181 1133 4240 Forum
1163 4177 1359 4261 Sempronii,

220 4259 364 4320 Mentem
383 4261 521 4339 Feretri,
549 4261 720 4343 Urbicum,
749 4273 780 4326 et
804 4263 1005 4326 territorium
1035 4261 1209 4339 Valvense,
1240 4262 1359 4338 Callcs,
