2958 4986
286 355 322 414 Α,
344 353 438 412 cnr.
542 330 936 416 nsouussou'coruu
1040 351 1102 414 us
1210 331 1278 406 101

230 499 303 564 XX.
345 501 395 560 De
415 495 563 578 leprosis,
580 505 617 558 ut
634 519 666 560 se
683 517 750 558 non
768 493 1011 568 intermisceant
1023 489 1087 554 alio
1100 493 1233 576 populo.

230 579 319 645 XXI.
340 583 384 642 Et
406 578 541 641 omnino
559 579 664 642 Missis
679 578 797 641 nostris
813 577 1028 662 praecipimus
1044 585 1082 636 ut
1096 573 1181 637 bona
1198 598 1282 659 quae

143 664 225 811 3351
227 686 300 809 appr
316 664 454 728 uerbum
472 671 619 731 nostrum
633 662 753 728 docent
770 663 895 741 facere,
920 659 1013 723 iactis
1030 659 1113 720 inse
1131 657 1208 742 ipsis
1231 681 1282 722 os·

146 905 227 966 Post
249 906 415 990 superiora
432 903 570 988 capitula
590 915 667 964 teste
687 901 816 963 Balzczio
834 915 1007 980 sequuntur
1022 901 1057 960 in
1070 901 1283 962 vetustissimo

149 987 266 1050 Codice
288 1009 345 1047 ms.
364 985 605 1066 Langobardico
631 987 837 1128 br‘lplliotbetespe
854 985 1002 1050 Thaenae
1024 981 1087 1046 duo
1108 984 1283 1068 sequeutia,

580 1089 649 1129 cum
692 1090 728 1130 oc
748 1083 770 1128 a
786 1091 805 1127 u
821 1089 857 1128 os

391 1187 491 1248 lusu
522 1209 566 1247 nn
596 1207 721 1248 nesus
747 1185 1053 1246 Eccsssrssuu.

197 1359 200 1368 .
233 1303 258 1362 l.
283 1301 443 1364 Volumus
462 1312 498 1363 ut
520 1302 577 1385 qui
601 1299 704 1382 aliqui
723 1321 783 1383 per
800 1309 895 1362 testes
916 1299 1036 1362 exinde
1057 1300 1286 1382 qualecunque

148 1409 219 1451 rem
236 1386 354 1446 tollere
373 1384 536 1461 voluerit,
565 1406 625 1468 per
645 1384 792 1466 quinque
816 1384 869 1444 vel
890 1393 1012 1466 septem
1031 1382 1214 1445 testimonia
1240 1381 1288 1444 di-

150 1480 226 1535 cant
258 1490 351 1529 suum
374 1467 614 1544 testimonium,
645 1468 745 1530 etsie
772 1466 929 1528 tollantur
957 1468 1186 1550 qualecunque
1207 1485 1286 1527 rem.

150 1554 236 1632 Quia
252 1560 441 1612 testamento
459 1552 548 1633 quod
562 1549 696 1612 Romani
719 1549 844 1610 faciunt
859 1550 986 1611 firmum
1003 1572 1069 1612 non
1084 1557 1202 1634 posset,
1223 1548 1287 1609 nisi

149 1659 211 1722 per
230 1634 379 1715 quinque
398 1643 451 1693 aut
471 1656 531 1715 per
555 1645 678 1717 septem
701 1634 919 1705 confirmatur.

235 1719 275 1778 ll.
303 1717 383 1778 Item
411 1717 450 1777 de
472 1717 623 1779 thesauro
648 1718 736 1798 quod
762 1717 874 1778 subtus
902 1727 1020 1778 terram
1047 1714 1230 1778 invenitur:
1260 1715 1287 1778 si

51 1821 54 1828 ¹
150 1803 306 1864 inventus
329 1799 429 1860 fuerit
453 1799 487 1860 in
513 1811 597 1860 terra
614 1799 854 1875 Ecclesiarum,
876 1800 970 1860 tertia
991 1800 1032 1861 ad
1051 1808 1173 1883 partem
1189 1798 1286 1880 Epis-

149 1884 224 1966 oopi
241 1893 421 1944 revocetur.
463 1884 506 1944 Et
523 1884 548 1945 si
567 1883 699 1964 aliquod
716 1883 943 1963 Langobardus
959 1893 1013 1943 aut
1026 1882 1170 1966 qualibet
1188 1881 1286 1941 homo

148 1966 285 2051 propria.
304 1975 507 2050 expontanea
526 1967 692 2028 voluntate
709 1966 883 2044 cavaverit,
906 1975 939 2026 et
954 1966 1071 2048 aliquit
1086 1966 1116 2026 ei
1138 1965 1287 2026 dominns

151 2049 281 2115 dederit
304 2048 338 2106 in
363 2049 494 2130 propria
515 2072 575 2110 sua
593 2057 705 2130 quartu
723 2047 891 2130 portione,
916 2049 1035 2111 exinde
1056 2048 1230 2124 tollantur,
1256 2055 1288 2106 ct

151 2133 211 2192 ille
234 2152 313 2192 uero
331 2139 397 2190 tres
421 2132 586 2214 portiones
606 2131 648 2192 ad
669 2153 726 2192 nos
742 2131 930 2214 perveniat,
958 2133 1043 2196 etde
1060 2130 1161 2196 verbo
1177 2139 1288 2191 nostro

152 2225 189 2282 at
211 2213 323 2276 nullus
342 2225 524 2296 praesumat
547 2215 642 2276 aliter
663 2215 779 2274 iacere.

480 2380 546 2442 PR
564 2379 590 2440 A
609 2378 636 2438 E
655 2380 722 2441 GE
741 2379 767 2440 P
788 2380 859 2440 TU
873 2380 907 2440 Μ

163 2571 166 2574 ¹
199 2487 264 2558 De
308 2489 539 2559 institutione
574 2487 874 2581 Episcopotaum
901 2511 975 2582 per
1007 2487 1228 2584 Saxoniam,

340 2636 477 2706 Datum
503 2661 600 2707 enno
620 2623 758 2706 Christi
776 2633 1100 2712 DCCLXXXIX.

150 2761 203 2872 In
226 2813 357 2876 nomine
382 2814 516 2876 Domini
542 2826 576 2878 et
601 2815 774 2878 salvatoris
794 2817 894 2878 nostri
916 2818 990 2878 Iesu
1011 2816 1141 2878 Christi.
1183 2815 1289 2875 Karo-

150 2898 215 2972 lus,
238 2896 348 2958 divinat
369 2898 539 2959 ordinante
561 2899 776 2981 providentit,
801 2900 880 2960 Rex.
922 2901 956 2960 Si
974 2900 1114 2960 Domino
1133 2902 1203 2959 Deo
1230 2917 1288 2956 ex-

151 2978 314 3040 ercituum
337 2991 545 3042 succurrente
571 2981 606 3043 in
626 2980 721 3043 bellis
739 2981 873 3048 victori-i
896 2982 990 3065 potiti
1009 3004 1139 3057 sumus,
1163 2981 1195 3038 in
1217 2979 1287 3053 illo,

152 3070 187 3122 et
204 3081 270 3120 non
292 3063 326 3122 in
349 3064 452 3138 nobis,
470 3065 655 3145 gloriamur,
673 3074 706 3124 et
724 3063 757 3122 in
777 3063 839 3126 hoo
855 3066 965 3126 seculo
985 3087 1098 3147 pacem
1115 3073 1146 3124 et
1160 3081 1290 3146 prospe-

152 3142 302 3221 ritatem,
331 3153 363 3206 et
384 3147 416 3204 in
437 3147 549 3210 futuro
562 3157 737 3231 perpetuae
759 3148 916 3209 mercedis
935 3148 1198 3218 retributionem,
1230 3165 1288 3202 nos

153 3227 335 3308 promereri
362 3229 563 3292 confidimus.
619 3233 824 3312 Quapropter
853 3231 1005 3290 noverint
1033 3251 1144 3292 omnes
1169 3225 1289 3290 Christi

154 3309 269 3385 fideles
291 3308 381 3390 quod
399 3313 561 3390 Saxones,
590 3334 670 3394 quos
692 3315 709 3372 a
731 3313 993 3395 progenitoribus
1014 3313 1132 3374 nostris
1151 3311 1190 3371 ob
1212 3328 1288 3370 suae

153 3391 368 3472 pertinaciam
385 3394 539 3474 perfidiae
554 3416 679 3475 semper
701 3394 928 3471 indomabiles,
953 3396 1078 3476 ipsique
1094 3397 1164 3453 Deo
1182 3401 1213 3452 et
1234 3412 1290 3450 no-
1334 3449 1336 3462 ,

154 3473 207 3534 bis
225 3474 346 3534 tamdiu
361 3475 511 3553 rebelles,
530 3497 700 3558 quousque
718 3476 819 3554 illius,
840 3499 905 3536 non
924 3479 1040 3554 nostra,
1060 3478 1179 3539 virtute
1204 3475 1289 3556 ipsos

154 3565 191 3616 et
208 3555 305 3616 bellis
321 3557 457 3619 vicimus
479 3569 510 3618 et
529 3560 569 3619 ad
590 3558 736 3639 baptismi
758 3559 890 3640 gratiam
906 3561 976 3620 Deo
993 3569 1157 3634 annuente
1173 3556 1290 3638 perdu-

155 3638 274 3714 ximus,
298 3640 451 3722 pristinae
471 3642 612 3701 libertati
631 3642 780 3715 donatoS,
803 3653 835 3702 et
847 3643 937 3721 ,omni
957 3643 1049 3704 nobis
1066 3641 1173 3703 debito
1190 3659 1290 3698 censu

156 3719 296 3797 solutos,
329 3745 388 3804 pro
412 3745 518 3784 amore
542 3725 631 3784 illius
653 3723 709 3805 qui
738 3724 831 3795 nobis
854 3723 1020 3786 victoriam
1045 3720 1203 3799 contulit,
1229 3717 1291 3802 ipsi

156 3802 343 3874 tributarios
365 3815 397 3866 et
417 3807 600 3888 subiugales
623 3806 738 3870 ‹lerote
761 3807 942 3876 addiximus
950 3832 958 3878 ;
988 3807 1141 3868 videlieet
1170 3813 1206 3864 ut
1232 3800 1291 3883 qui

156 3894 287 3945 nostrae
307 3889 471 3969 potestatis
489 3891 601 3972 iugum
621 3889 777 3949 hactenus
800 3891 886 3951 ferre
912 3891 1190 3965 detrectaverunt,
1211 3884 1312 3947 victi.

158 3969 235 4044 iam,
255 3971 326 4029 Deo
342 3971 467 4052 gratias,
488 3981 519 4032 et
540 3972 634 4032 armis
652 3981 685 4032 et
705 3971 767 4032 fide
788 3972 928 4032 Domino
951 3983 982 4032 et
1003 3971 1161 4032 Salvatori
1180 3977 1291 4030 nostro

161 4052 238 4110 Iesu
257 4051 386 4113 Christo
407 4065 439 4114 et
455 4055 681 4115 Sacerdotibus
699 4054 789 4133 eius,
816 4055 961 4114 omnium
977 4076 1108 4116 suoram
1129 4055 1292 4114 iumento-

155 4151 236 4192 rum
254 4143 286 4202 et
305 4136 492 4213 fructuum,
521 4137 684 4217 totiusque
712 4137 858 4197 culturae
883 4137 1021 4199 decimas
1038 4161 1074 4204 ao
1101 4136 1292 4206 nutriturae,

159 4215 280 4280 diuites
299 4239 335 4280 ac
362 4241 520 4302 pauperes
542 4221 691 4302 legaliter
711 4219 877 4280 constricti
903 4223 1099 4302 persolvant.
1150 4215 1293 4282 Proinde

164 4319 293 4364 omnem
311 4310 430 4363 terram
456 4325 568 4370 eorum
588 4303 722 4386 antiqno
745 4305 962 4382 Romanorum
983 4326 1070 4366 ruore
1094 4305 1127 4366 in
1158 4301 1293 4388 prosin-
