2920 4972
352 314 387 370 n.
407 311 494 406 cun
598 293 734 370 neuun
754 307 997 383 senucouuu
1086 304 1151 368 rso:
1267 282 1314 357 75

189 507 191 512 .
261 475 335 538 pam
348 453 522 518 incurrisse
538 473 722 550 cognoscas.
762 453 856 515 Unde
871 451 898 516 si
914 447 1078 512 declinare
1096 444 1186 528 cupis
1206 453 1314 506 tantae

262 537 480 623 usurpationis
493 535 661 615 invidiam,
683 535 799 600 nostris
822 534 938 597 litteris
960 530 1160 592 admonitum
1176 535 1209 588 te
1235 548 1316 587 con-

262 621 354 684 venit
370 621 541 682 abstinere.
584 620 680 682 Certe
697 618 723 682 si
736 619 862 700 aliquid
877 616 936 678 tibi
957 613 1062 678 credis
1082 609 1224 673 iustitiae
1246 609 1315 672 suf-

263 703 401 786 fragari,
427 702 570 785 integris
581 703 730 764 omnibus
751 701 833 764 etin
870 697 985 760 ristino
1003 704 1087 756 statu
1099 691 1315 768 manentibus,

218 859 219 872 χ
262 795 335 870 post
347 785 417 848 dies
436 786 639 848 venerabiles
656 782 797 850 Paschae
821 723 931 846 adesse
947 779 1089 858 debebis,
1112 783 1150 838 nt
1164 797 1318 836 memora-

262 866 303 929 tis
317 868 418 950 possis
437 867 676 930 intentionibus
689 865 898 952 respondere,
922 861 1132 948 partibusque
1154 858 1187 918 in
1209 855 1317 922 medio

263 949 449 1031 collocatis,
490 951 571 1034 quid
607 950 781 1035 antiquitas
816 957 872 1010 ant
902 947 1020 1010 veritas
1054 943 1172 1006 hebeat
1203 939 1317 1024 inqui·-

262 1054 379 1096 ramus.
1005 1085 1013 1097 ,

544 1117 594 1178 De
620 1137 698 1180 cura
713 1113 954 1204 Episcoporum.

630 1223 866 1284 Eerscorrs.

169 1343 171 1350 '
265 1330 337 1394 XII.
371 1329 453 1392 Item
472 1329 507 1390 in
528 1328 642 1392 eodem
663 1327 824 1406 Concilio,
850 1311 888 1388 ut
906 1325 1086 1410 Episcopus
1115 1322 1188 1386 eius
1206 1318 1320 1384 Ecclc-
1400 1361 1402 1380 l

182 1416 250 1498 siue
274 1433 384 1478 curem
401 1411 519 1476 habeat
538 1413 579 1474 ad
605 1417 703 1495 quam
722 1411 889 1472 ordinatus
911 1418 968 1472 est.

205 1525 306 1584 Cous.
328 1519 478 1582 Antioch.
499 1537 569 1580 can.
587 1540 637 1580 21.
679 1518 876 1602 Episcopum
902 1517 942 1579 de
964 1514 1105 1580 dioecesi
1127 1513 1168 1574 ad
1185 1511 1320 1574 alteram

267 1603 442 1666 dioecesim
456 1625 522 1664 non
537 1601 656 1666 debere
670 1601 819 1680 transire,
837 1621 944 1684 neque
968 1601 995 1662 si
1015 1599 1156 1684 seipsum
1175 1595 1319 1678 ingesse-

265 1687 321 1762 rit,
342 1707 449 1767 neque
463 1685 490 1750 si
503 1686 524 1745 'd
538 1684 667 1768 populis
687 1683 788 1746 fuerit
806 1684 970 1748 violenter
986 1691 1148 1758 attractus,
1172 1699 1279 1760 neque
1288 1677 1320 1740 si

269 1769 365 1832 etium
379 1767 441 1830 hoc
461 1769 493 1829 ei
515 1771 554 1830 ab
574 1767 743 1851 Episcopis
764 1768 927 1830 suadetur.
969 1767 1101 1828 Munere
1118 1771 1226 1825 autem
1246 1782 1322 1826 eum

270 1851 388 1914 debere
413 1851 448 1912 in
474 1851 622 1913 Ecclesia
643 1851 705 1912 Dei
733 1871 830 1932 quam
858 1851 897 1911 ab
926 1847 1020 1910 initio
1039 1849 1169 1911 sortitus
1196 1855 1259 1926 est,
1289 1852 1323 1906 et

272 1955 339 2004 non
357 1934 396 1994 ub
412 1955 450 1996 ea
469 1933 534 1995 alib
557 1934 750 2014 demigrare,
779 1933 959 1996 secundini
981 1933 1127 2016 regulum
1142 1949 1241 2014 snper
1258 1928 1321 1989 hoc

272 2016 351 2079 olim
370 2017 550 2102 dpah‘ibue
568 2015 783 2080 constitutam.

496 2125 545 2186 De
568 2125 819 2211 provincialibus
846 2119 1021 2209 Episcopis.

620 2231 939 2294 Errecoeus„
1016 2233 1020 2242 '

271 2337 359 2400 XIII.
394 2337 476 2402 Item
498 2337 533 2398 iu
559 2335 673 2400 eodem
696 2335 858 2414 Concilio,
877 2355 1007 2400 necnon
1029 2346 1061 2398 et
1082 2335 1116 2396 in
1140 2333 1322 2398 Chalcedo-

189 2419 297 2498 nensi,
315 2429 354 2482 ut
370 2418 590 2504 provinciales
603 2418 756 2503 Episcopi
770 2439 845 2482 cum
866 2441 925 2482 suo
949 2417 1199 2504 Metropolitano
1217 2419 1267 2480 bis
1288 2416 1323 2476 in

189 2525 277 2566 anno
297 2513 432 2588 propter
451 2523 562 2566 causus
581 2501 747 2563 Ecclesiae
767 2501 919 2565 Concilia.
934 2503 1112 2565 celebrent.

211 2588 312 2648 Cone.
325 2583 477 2648 Antioch.
498 2605 568 2646 cun.
594 2604 644 2646 ao.
683 2585 1065 2670 Propter·ecclesiasticas
1083 2607 1175 2649 curas
1192 2595 1323 2667 atquae

176 2727 180 2734 .
215 2717 217 2720 -
273 2667 419 2742 existunt
446 2666 683 2732 controversias
708 2667 949 2748 dissolvendas,
980 2669 1130 2748 sufficere
1150 2668 1257 2731 visum
1276 2673 1324 2728 est

270 2751 375 2814 bisin
398 2773 484 2816 enno
504 2772 566 2835 per
603 2750 764 2814 revincias
783 2751 927 2834 singulas
948 2752 1184 2838 Episcoporum
1207 2747 1324 2812 Conci·

270 2834 353 2920 lium
373 2835 455 2922 lieri.
496 2773 607 2898 Primi>
628 2833 762 2918 quidem
781 2844 853 2919 post
871 2834 999 2896 tertiam
1012 2834 1246 2898 hebdomadum
1260 2834 1324 2898 Pa-

191 2959 196 2964 ·
270 2917 388 2980 scholis
402 2916 599 2996 festivitatis,
620 2918 664 2978 ita
685 2917 772 2978 utin
793 2926 907 3000 quarta
919 2917 1120 2980 hebdomada
1143 2935 1226 3000 quae
1242 2933 1324 2974 con-

273 2993 432 3082 loquitur,
451 2999 485 3062 id
503 3009 560 3080 eet,
580 2998 705 3064 mediae
722 2999 940 3079 Pentecosten
957 2999 1142 3062 Concilium
1161 2997 1324 3080 complea-

273 3091 338 3145 tur.
366 3083 584 3162 'Admoneant
604 3092 712 3144 antem
727 3083 943 3166 provinciales
965 3082 1140 3180 Episcopus
1160 3081 1194 3144 hi
1210 3079 1267 3164 qui
1288 3077 1323 3138 in

274 3165 495 3250 amplioribus,
523 3166 558 3227 id
579 3175 636 3245 est,
657 3166 714 3248 qui
736 3167 771 3226 in
787 3165 1040 3250 metropolitanis
1061 3165 1247 3228 civitatibus
1271 3160 1325 3222 de-

275 3259 366 3330 gunt.
407 3250 597 3312 Secundum
618 3248 696 3314 verb
719 3247 904 3311 Concilium
924 3248 1034 3310 Idibus
1051 3249 1245 3310 Octobribus
1269 3243 1325 3314 ha-

208 3377 211 3385 ,
274 3331 400 3410 beatur,
416 3333 474 3415 qui
493 3333 562 3394 dies
578 3331 664 3417 apud
680 3333 820 3396 Graecos
837 3329 1083 3414 hyperberetaei
1105 3331 1224 3394 mensis
1239 3327 1325 3390 dcci-

274 3437 345 3477 mus
361 3415 496 3499 quintus
515 3414 692 3478 iuvenitur.
734 3417 772 3476 Iu
792 3414 868 3499 ipsis
883 3423 991 3476 autem
1005 3414 1162 3476 Conciliis
1183 3413 1324 3476 etPres-

273 3497 403 3582 byteros
430 3507 462 3560 et
488 3498 651 3562 Diaconos
677 3507 860 3580 praesentes
891 3517 958 3558 esse
983 3505 1127 3581 oportet,
1157 3506 1188 3558 et
1212 3515 1323 3556 omnes

275 3590 437 3664 quotquot
456 3601 491 3642 se
518 3579 622 3645 laesos
643 3581 847 3654 existimant,
875 3588 908 3641 et
931 3582 1119 3664 synodicam
1151 3583 1322 3661 expectare

274 3663 479 3726 sententiam.
528 3664 595 3724 Nec
619 3663 716 3725 liccat
742 3662 904 3746 aliquibus
926 3663 1012 3746 apud
1037 3663 1224 3746 semetipsos
1253 3657 1324 3724 sine

275 3747 597 3830 metropolitanorum
612 3746 847 3830 Episcoporum
865 3746 1063 3808 conscientia
1082 3745 1220 3830 synodos
1235 3745 1324 3821 face-

272 3829 464 3974 pleyquibus
486 3829 526 3892 de
540 3829 690 3896 omnibus
708 3828 810 3892 causis
831 3839 954 3894 constat
970 3827 1162 3914 permissum
1182 3848 1250 3889 esse
1271 3825 1324 3886 iu·

299 3934 407 3974 acrum.

214 3998 316 4076 Cone.
335 3996 447 4060 Chalc.
470 4019 539 4058 can.
565 4017 610 4080 ¹9·
644 3983 704 4057 'Ad
728 4015 821 4057 aures
846 4004 968 4061 nostras
992 3994 1143 4080 pervenit
1170 3991 1325 4072 quoniam

276 4080 311 4164 in
340 4078 520 4162 provinciis
552 4099 617 4139 non
645 4078 729 4140 fiunt
748 4079 983 4164 Episcoporum
1004 4077 1119 4162 synodi
1145 4073 1325 4138 secundbm

166 4181 167 4186 ’
278 4153 448 4223 Canobum
468 4161 659 4239 constituta,
682 4172 715 4223 et
740 4161 819 4222 hinc
844 4163 944 4223 multa
966 4184 1076 4224 rernm
1097 4157 1326 4221 ecclesiasti-ca·

276 4267 349 4310 rum
365 4253 448 4336 quae
471 4244 671 4309 emendanda
693 4255 778 4326 sunt,
798 4245 930 4330 negligi.
972 4245 1088 4311 Sancta
1108 4243 1207 4328 igitur
1227 4260 1324 4325 syno-
