2958 4986
307 336 450 396 acan.
555 336 693 394 aaouu
719 335 959 394 raaucoauu
1064 329 1128 390 sos.
1221 309 1295 386 171·

152 485 248 556 suut,
270 476 347 558 quia
363 475 478 540 dicbus
497 476 583 540 vitae
599 499 689 541 meae
706 500 767 562 per
778 499 881 540 meam
902 475 1123 551 voluntatem,
1138 472 1173 533 in
1193 458 1301 568 quau-⁵

152 572 224 624 tum
232 560 408 624 mihiDeus
419 561 626 624 intellectum
640 561 784 640 dederit,
799 561 845 623 sic
859 560 1024 622 attendam
1038 567 1071 621 et
1083 565 1293 620 consentiam.

588 689 688 730 rrau
718 688 853 730 aurun.

238 749 475 811 sacramentale
493 750 637 834 qualiter
652 751 842 831 repromitto
858 771 917 832 ego
929 751 1058 811 Domno
1074 746 1196 808 Karolo
1218 744 1296 830 piis·

155 834 237 898 simo
251 833 460 916 Imperatori,
483 834 551 895 lilio
567 833 699 918 Pippini
714 834 811 917 Regis
832 843 864 896 et
883 832 1083 907 Berthanae,
1102 829 1208 891 fidelis
1224 850 1296 891 sum

155 918 240 980 sicut
260 915 357 976 homo
378 937 437 998 per
465 915 605 979 drictum
635 917 732 978 debet
764 938 831 978 esse
861 915 994 978 domino
1022 933 1100 989 suo,
1134 912 1173 974 ad
1200 932 1297 974 suum

154 1021 313 1082 regnum,
327 1009 360 1060 et
380 998 421 1060 ad
440 1021 535 1060 suum
549 1010 684 1062 rectum.
700 1000 742 1059 Et
755 999 840 1060 illud
856 1004 1091 1061 sacramentum
1105 995 1195 1078 quod
1212 995 1297 1054 iura·

154 1080 226 1146 tum
241 1081 359 1160 habeo,
379 1083 558 1143 custodiam
573 1093 605 1144 et
622 1083 786 1145 custodire
801 1082 897 1161 volo,
920 1082 954 1141 in
973 1088 1132 1162 quantum
1146 1099 1205 1160 ego
1228 1077 1295 1138 scio

156 1175 189 1227 et
212 1165 386 1248 intellego,
409 1166 448 1225 ab
466 1165 528 1228 isto
549 1166 601 1228 dic
627 1166 768 1228 inantela.
810 1166 864 1228 Sic
881 1187 933 1226 me
954 1163 1086 1226 adiuvet
1104 1164 1214 1239 Deus,
1237 1158 1297 1244 qni

155 1249 285 1311 eoelum
313 1257 345 1310 et
372 1257 492 1310 terram
521 1249 662 1328 crearit,
682 1259 716 1312 ct
734 1249 794 1311 ista
812 1249 1007 1311 Sanctorum
1023 1242 1214 1330 patrocinia.

289 1402 631 1466 CAPITULARE
672 1401 1166 1483 AQUISGRANENSE,

330 1537 415 1611 Sive
431 1538 633 1632 capitulare
649 1538 808 1632 primum
822 1539 918 1609 Anni
928 1536 1131 1610 Decem:

155 1662 335 1750 Factum,
357 1663 578 1750 assidetur,
608 1663 647 1733 in
666 1685 808 1754 inagna
826 1662 1003 1752 Synodo,
1027 1661 1177 1757 quando
1195 1661 1295 1730 Paza-

257 1763 358 1832 linas
390 1755 622 1832 Patriarclra
651 1761 905 1856 Aquileiensis
929 1763 1031 1834 sices
1063 1761 1296 1856 apostolicae

255 1862 366 1932 Sedis
389 1863 507 1932 cersuit
533 1863 574 1932 in
599 1859 733 1955 Aquis.

403 1982 452 2042 De
473 1981 566 2044 rebus
586 1979 747 2044 Ecclesiae
766 2003 829 2044 nou
850 1981 1047 2044 diuidendis.

156 2127 184 2188 l.
200 2063 309 2197 Quia
341 2123 444 2186 iuxta·
461 2134 646 2188 sanctorum
672 2126 806 2187 Patrum
832 2125 1042 2190 traditionem
1070 2124 1219 2190 novimus
1244 2145 1296 2188 res

154 2207 409 2272 Ecclesiae'vota
425 2230 493 2270 esse
510 2208 674 2287 fidelium,
691 2207 794 2294 pretia
811 2219 1036 2291 peccatorum,
1056 2219 1089 2272 et
1102 2209 1298 2294 patrimonia

155 2311 357 2376 pauperum,
379 2291 498 2374 cuique
515 2313 581 2354 non
599 2293 704 2354 solinu
718 2291 825 2352 hahita
845 2314 1053 2371 conservare,
1070 2291 1297 2356 verumetiam

155 2374 259 2434 multa
273 2419 281 2450 ,
296 2375 366 2436 Deo
380 2375 579 2458 opitulante,
598 2376 748 2437 conferre
768 2385 923 2458 optamus.
939 2378 1060 2438 Tamen
1078 2385 1114 2438 ut
1130 2377 1168 2437 ah
1186 2376 1296 2438 eccle-

156 2456 295 2520 siasticis
319 2457 445 2518 deuon
476 2457 662 2520 dividendis
690 2459 787 2520 rebus
817 2459 918 2520 ullius
945 2459 1112 2521 Ecclesiae
1141 2457 1297 2541 suspicio-

155 2561 234 2600 nem
253 2537 376 2601 dudum
392 2551 581 2624 conceptam
596 2541 727 2626 penitius
744 2563 976 2620 amoveremus,
998 2543 1167 2604 statuimus
1187 2550 1223 2601 ut
1240 2561 1297 2602 ue·

156 2642 225 2704 que
244 2623 361 2684 nostris
384 2645 492 2706 neque
508 2625 668 2704 filiorum,
699 2634 732 2687 et
752 2627 823 2686 Deo
845 2624 1050 2707 dispensante
1072 2645 1297 2688 successorum

155 2714 341 2766 nostrorum
359 2707 567 2788 temporibus,
590 2709 648 2790 qui
669 2718 810 2770 nostram
828 2708 880 2770 vel
903 2708 1149 2791 progenitorum
1167 2716 1296 2768 nostro·

154 2809 230 2850 rum
247 2789 447 2850 voluntatem
467 2790 519 2852 vel
540 2792 725 2874 exemplum
746 2790 1067 2872 imitarinoluerint,
1088 2791 1214 2854 nnllam
1234 2811 1294 2875 pe·

155 2870 245 2934 nitius
263 2869 458 2934 divisionem
470 2882 526 2933 aut
541 2873 698 2936 iacturam
711 2873 885 2958 patiantur.
1221 2944 1223 2948 ,

201 2979 245 3042 Ut
263 2979 417 3067 Episcopi
433 3003 494 3069 per
512 2981 695 3045 electionem
713 2983 976 3069 Cleri'el‘Ropuli
988 2985 1074 3046 vitae
1094 2984 1205 3045 merito
1221 2991 1254 3043 ct

549 3067 722 3150 sapientiae
739 3067 909 3146 eligantur„

240 3169 285 3232 Il.
328 3171 501 3233 Sacrorum
523 3193 685 3234 canonum
714 3195 779 3234 non
807 3173 937 3256 ignari,
962 3184 999 3235 ut
1018 3173 1051 3234 in
1074 3174 1138 3236 Dei
1161 3172 1294 3236 nomine

153 3264 266 3317 sancta
285 3255 432 3318 Ecclesia
453 3277 511 3317 suo
531 3255 668 3318 libarius
689 3257 851 3340 potiretur
866 3256 1011 3336 honore,
1039 3258 1210 3319 adsensum
1229 3257 1294 3319 Or-

153 3338 226 3399 dini
248 3338 465 3400 ecclesiastico
486 3337 711 3422 praebuimus,
742 3349 778 3400 ut
799 3339 925 3400 scilicet
945 3340 1098 3424 Episcopi
1120 3361 1180 3422 per
1205 3341 1295 3401 elec-

154 3421 278 3481 tionem
297 3421 385 3482 Cleri
409 3431 441 3482 et
457 3422 576 3504 Populi
594 3422 779 3483 secundum
793 3431 910 3484 statuta
927 3443 1088 3484 canonum
1105 3423 1144 3483 de
1159 3423 1295 3509 propria

153 3502 316 3581 dioecesi,
338 3504 460 3566 remoti
474 3525 685 3586 personarum
698 3515 728 3566 et
740 3525 913 3566 munerum
927 3505 1136 3588 acceptione,
1152 3507 1192 3566 oh
1209 3507 1294 3566 vitae

152 3583 304 3645 meritum
324 3597 355 3646 et
372 3587 547 3670 sapientiae
571 3588 694 3648 donum
712 3588 894 3670 eligantur,
915 3597 952 3647 ut
967 3589 1115 3672 exemplo
1137 3597 1170 3648 et
1191 3587 1293 3650 verbo

152 3658 215 3729 sibi
229 3669 383 3731 subiectis
404 3663 638 3753 usquequaque
653 3672 807 3754 prodesse
824 3671 962 3733 valeant.
1051 3685 1054 3690 '

156 3773 201 3838 Ut
213 3774 428 3838 Ecclesiarum
440 3777 615 3860 priuilegia
630 3777 687 3838 uel
694 3776 892 3858 facultates,
910 3777 977 3836 siue
993 3776 1147 3860 quiequid
1165 3777 1210 3839 ad
1226 3779 1293 3838 eius

291 3859 467 3921 dominium
481 3863 643 3943 pertinet,
662 3861 768 3920 nullus
783 3859 937 3920 inuadere
952 3872 1145 3941 praesumot.

232 3965 297 4029 Ill.
339 3966 560 4048 Praecipimus
577 3967 727 4029 omnihus
745 3966 863 4028 ditioni
874 3975 999 4027 nostrae
1012 3965 1164 4030 subiectis
1172 3977 1208 4029 ut
1221 3969 1293 4028 nul-

149 4051 202 4112 lus
221 4050 393 4132 privilegia
411 4050 634 4111 Ecclesiarum
650 4052 704 4112 vel
720 4049 991 4111 Monasteriorum
1007 4048 1207 4132 infringere,
1221 4073 1293 4112 res·
1319 4083 1321 4088 ·

150 4151 215 4214 que
242 4133 463 4194 Ecclesiarum
488 4132 665 4211 invadere,
699 4133 754 4195 vel
778 4141 922 4209 vastare,
953 4141 1009 4191 aut
1040 4131 1206 4212 alienare,
1238 4135 1292 4195 vel

149 4215 320 4276 facultates
338 4237 449 4277 aarum
470 4215 613 4298 diripere
633 4225 837 4297 praesumat,
857 4235 918 4275 nee
934 4214 1005 4275 sine
1024 4215 1171 4297 precaria
1188 4216 1292 4301 possi-

150 4297 228 4362 dere
253 4307 438 4382 pertentet:
456 4297 548 4382 quia,
565 4297 681 4360 sicuti
699 4297 818 4363 sanctis
835 4297 984 4362 Patribus
1000 4296 1152 4362 instructi
1169 4322 1290 4379 sumus,
