2958 4986
178 271 226 342 92
443 290 479 347 u
499 287 586 348 cun.
658 242 917 348 certioratus
986 294 1052 356 teo.

175 429 401 514 praedicetur-3
427 429 505 512 quia
527 429 591 492 hoc
611 431 753 514 primurn
774 442 985 516 praeceptum
1016 443 1065 498 est
1092 436 1225 499 Domini
1252 437 1315 502 Dei

177 512 407 593 omnipotentis
425 513 458 573 in
481 515 572 596 lege:
599 515 703 586 Audi,
726 516 855 594 Israel,¹
875 519 950 600 quia
964 519 1118 580 Dominus
1138 522 1226 582 Deus
1243 535 1316 582 tuus

176 597 262 656 Deus
281 615 360 655 unus
375 608 430 656 est.
472 597 514 658 Et
533 605 569 657 ut
588 595 645 660 ille
665 596 821 679 diligatur
837 619 878 659 ex
898 608 966 661 toto
991 601 1108 678 eorde,
1128 612 1161 665 et
1182 625 1223 666 ex
1243 613 1311 667 tou

176 687 295 756 mente,
318 686 351 739 et
372 699 412 740 ex
433 687 500 740 tota
521 679 636 758 anima,
660 689 693 740 et
712 701 756 741 ex
775 689 843 741 tota
860 682 981 744 virtute
1003 693 1120 745 nostra.

456 811 506 872 De
524 833 605 896 pase
627 825 663 874 et*
678 797 851 875 concordii
870 814 1041 877 seruanda

612 921 641 982 Ο
664 943 687 982 u
708 938 729 984 n
748 945 759 984 t
781 943 797 983 s
818 943 840 984 n
862 945 886 985 s.

208 1081 210 1088 .
258 1025 325 1086 Lx.
359 1028 403 1088 Ut
421 1047 483 1110 pax
498 1025 538 1090 sit
560 1037 593 1090 et
612 1029 830 1092 concordiaet
851 1030 1046 1102 unanimitas
1062 1033 1244 1096 cumomni
1260 1017 1318 1116 po-

174 1108 255 1194 pulo
279 1108 475 1187 Christiano,
505 1110 591 1174 inter
604 1113 798 1196 Episcopus,
813 1111 962 1192 Achates,
990 1117 1151 1195 Comites,¹
1172 1117 1316 1194 Indices,

175 1202 208 1254 et
223 1213 333 1253 omnes
356 1192 478 1274 ubique
497 1215 556 1256 scu
574 1195 710 1260 maiores
733 1217 791 1256 seu
809 1195 950 1262 minores
971 1219 1139 1280 personas;
1168 1199 1246 1282 qnia
1268 1198 1318 1258 ni-

174 1274 223 1336 hil
240 1278 312 1336 Deo
331 1275 401 1336 sine
424 1297 502 1359 pace
517 1277 634 1360 placet,
655 1299 716 1340 nee
730 1299 849 1340 munus
865 1289 994 1342 sanctae
1013 1281 1186 1344 oblationis
1209 1281 1251 1342 ad
1266 1281 1316 1342 al—

175 1367 265 1436 tare,
294 1357 378 1418 sicut
398 1358 432 1418 in
459 1361 629 1442 evangelio
650 1361 720 1442 ipso
742 1361 884 1421 Domino
907 1362 1129 1445 praecipiente
1156 1363 1316 1446 legimus;

175 1441 254 1522 quia
275 1449 308 1500 et
328 1441 412 1502 illud
429 1444 610 1506 secundum
628 1443 815 1504 mandatum
833 1454 881 1505 est
901 1444 935 1504 in
953 1444 1041 1528 lege:
1064 1447 1187 1524 Diliges
1200 1446 1317 1530 proxi·

175 1544 259 1583 mum
278 1525 460 1584 tuumsicut
478 1528 639 1609 teipsum.
682 1527 763 1586 Item
782 1525 817 1584 in
840 1527 1030 1610 evangelio:
1060 1529 1151 1589 Beati
1167 1525 1313 1612 pacifici,

152 1608 325 1688 *quoniam
335 1605 411 1688 filii
430 1607 494 1666 Dei
516 1610 722 1670 vocabuntur.
763 1607 806 1667 Et
825 1608 958 1670 iterim:
987 1610 1027 1670 In
1048 1611 1107 1672 ltoc
1129 1620 1317 1690 cognoscent

175 1707 281 1748 omues
304 1691 379 1772 quia
392 1691 455 1748 mei
472 1689 624 1772 discipuli
635 1692 723 1760 estis,
746 1691 779 1748 si
789 1689 991 1772 intorsionem
1012 1693 1186 1753 habueritis
1208 1690 1254 1751 ad
1270 1692 1318 1750 in·

175 1770 287 1831 vicem.
331 1771 369 1830 In
392 1771 455 1832 Iioc
478 1772 566 1831 enim
587 1781 761 1854 praecepto
784 1772 1015 1834 discernuntur
1040 1773 1100 1842 filii
1116 1773 1179 1840 Dei
1203 1781 1236 1834 et
1256 1771 1322 1835 filii.

176 1851 314 1924 diaholi;
343 1855 421 1934 quia
446 1853 507 1914 filii
532 1854 652 1916 diaboli
682 1855 1047 1936 semperdissensiones
1076 1867 1109 1918 et
1140 1855 1320 1918 discordias.

176 1956 306 1996 movere
330 1946 494 2020 satagunt:
532 1937 594 1996 lilii
616 1939 727 1998 antem
749 1937 812 2000 Dei
836 1939 1063 2024 semperlpaci
1089 1949 1123 2002 et
1147 1936 1325 2005 dilectioni.

176 2019 319 2080 student.
574 2071 577 2074 .

627 2105 677 2168 De
696 2103 873 2168 ludicibus.

545 2208 949 2276 Omisimus.

261 2315 344 2379 th.
378 2319 422 2378 Ut
444 2316 564 2400 quibus
587 2317 660 2379 data
678 2327 724 2382 est
744 2326 883 2400 potestas
910 2315 1097 2394 indicandi,
1126 2315 1210 2380 insti
1231 2313 1317 2376 iudi-

176 2408 263 2477 eent‚
286 2399 369 2462 sicut
388 2401 635 2484 scriptumest:
653 2401 740 2462 Iuste
759 2399 910 2472 iudicate,
924 2397 1000 2484 filii
1022 2401 1192 2460 lominum.
1244 2399 1324 2460 Non-

174 2484 210 2544 in
231 2481 431 2560 muneribus,
458 2485 536 2566 quia
556 2505 692 2545 munera
714 2491 891 2544 excoecant
911 2481 1008 2543 corda
1023 2481 1254 2566 prudentium,
1285 2489 1317 2541 et

175 2566 371 2628 subvertunt
390 2567 488 2628 verba
506 2568 673 2627 iustorum.
715 2567 786 2627 Non
808 2565 841 2624 in
862 2563 1061 2640 adulatione,
1080 2565 1190 2626 necin
1210 2563 1317 2628 consi-

132 2685 136 2702 ·
176 2647 344 2710 deratione
361 2669 531 2729 personae,
549 2651 632 2711 sicut
659 2649 692 2708 in
711 2647 966 2709 Deuteronomio
988 2646 1116 2708 dictum·
1134 2655 1197 2708 est:
1222 2642 1328 2728 Quod

175 2733 298 2800 iustum,
311 2742 358 2790 est
376 2729 524 2792 iudicate.
566 2732 644 2792 Siue
661 2732 742 2792 civis
763 2731 891 2800 suilla,
912 2733 980 2789 siue
999 2731 1206 2813 peregrinus,
1230 2727 1319 2787 nullo

175 2815 217 2874 sit
246 2811 401 2872 distantia
423 2835 650 2894 personarum,
683 2814 758 2894 quia
786 2813 850 2872 Dei
875 2812 1030 2871 iudicium
1064 2825 1120 2873 est.
1171 2808 1318 2870 Pulmirm

125 2973 126 2976 Ἴ
176 2893 317 2980 namque
345 2894 448 2956 iudici
469 2897 646 2980 diligenter
670 2895 824 2956 discenda
847 2903 893 2954 est
916 2895 1009 2954 lexel
1038 2893 1237 2978 sapientibus
1263 2914 1321 2975 po«

175 2979 255 3062 pulo
274 2978 459 3062 composita,
484 3001 524 3039 ne
545 3001 605 3061 per
622 2977 838 3060 ignorantiam
865 2976 955 3039 alvia
977 2977 1121 3039 veritatis
1139 2983 1234 3037 erret.
1275 2976 1319 3034 Ee

177 3063 256 3123 dum
272 3061 329 3121 ille
345 3070 471 3122 rectum
495 3062 651 3144 intelligit
671 3060 850 3136 iudicium„
877 3069 988 3120 caveat
1006 3081 1047 3120 ne
1067 3059 1233 3134 declinet,
1262 3065 1319 3117 aut
1363 3101 1365 3104 -

175 3165 236 3226 per
259 3142 479 3204 adulationem
501 3145 705 3226 aliquorum,
728 3152 784 3202 aut
801 3163 860 3224 per
875 3163 1016 3204 amorem
1037 3142 1213 3208 cuiuslibet
1236 3137 1319 3198 ami-

177 3225 219 3304 ci,
242 3235 298 3285 aut
318 3247 379 3306 per
398 3225 546 3288 timorem
566 3225 705 3287 alicuius
727 3224 879 3306 potentis,
902 3235 956 3284 aut
973 3235 1107 3308 propter
1125 3221 1323 3306 praemium,

177 3311 195 3370 i
212 3317 301 3370 recto
316 3307 449 3368 iudicio.
492 3311 632 3370 Rectum.
645 3317 752 3368 autem
776 3315 808 3367 et
822 3305 996 3377 honestum
1018 3301 1149 3370 videtur
1169 3313 1206 3368 ut
1228 3303 1323 3366 iudi-

177 3411 230 3454 ces
247 3389 352 3452 ieiuni
375 3411 485 3454 causas
505 3391 640 3454 audiant
662 3399 694 3451 et
713 3389 908 3451 discernant.

622 3525 671 3584 De
699 3525 861 3606 periuriis.

574 3627 931 3694 Omoemus.

185 3805 189 3810 ⁵
258 3736 356 3798 LXII.
386 3737 469 3798 Item
488 3735 643 3799 habemus
660 3737 693 3797 in
716 3739 802 3820 lege,
829 3735 969 3798 Domino
983 3733 1228 3818 praecipientez.
1243 3732 1318 3802 Non

173 3821 352 3903 periurabis
370 3821 545 3881 innomine
567 3842 656 3893 uteo,
685 3843 740 3880 nee
756 3819 878 3902 pollues
901 3839 1014 3878 nomen
1040 3818 1103 3877 Dei
1123 3818 1187 3888 tui,
1217 3835 1317 3900 neque

176 3923 314 3961 assumes
334 3923 447 3964 nomen
463 3904 594 3962 Domini
602 3904 665 3962 Dei
680 3904 727 3962 tui
744 3905 778 3961 iu
794 3923 921 3961 uanum.
963 3899 1042 3960 Ideo
1059 3899 1192 3960 omnini>
1209 3899 1318 3960 admo·

177 3984 277 4044 nendi
303 3995 379 4045 sunt
400 4005 511 4044 omnes
533 3985 706 4067 diligenter
726 3995 763 4044 ut
782 3992 919 4044 caveant
941 3981 1141 4064 periurium,
1171 4002 1237 4042 non
1263 4001 1317 4043 so—

177 4065 246 4124 lirm
266 4065 301 4124 in
322 4077 434 4127 sancto
452 4068 636 4148 evangelio,
662 4067 716 4130 vel
731 4067 765 4126 in
789 4066 893 4143 altari,
915 4087 972 4127 seu
992 4063 1026 4124 in
1043 4073 1227 4124 sanctorum
1241 4061 1318 4122 reli·

176 4146 274 4227 q'uiis,
296 4148 353 4208 scd
370 4159 402 4210 et
424 4149 459 4209 in
483 4150 646 4209 communi
670 4149 818 4232 loquela3
850 4148 927 4231 quia
950 4154 1026 4208 sunt
1051 4145 1154 4228 aliqui
1182 4145 1238 4226 qui
1257 4163 1318 4226 per

178 4229 341 4290 caritatem
363 4241 395 4294 et
416 4231 584 4295 veritatem
602 4233 722 4312 iurant,
745 4241 786 4298 et.
798 4241 916 4297 cavent
936 4249 972 4300 se¹
984 4229 1002 4292 a
1015 4228 1196 4292 iuramento
1215 4224 1320 4288 nomi-
