2928 4986
272 334 415 391 acen.
520 326 912 389 nnounrnanconun
1020 320 1083 383 ars.
1196 294 1310 384 331.

507 475 563 536 De
596 485 688 556 raptu
710 469 892 532 viduarum.

208 577 267 642 IV·
311 581 377 660 Qui
396 578 527 644 viduam
543 579 629 640 intra
649 578 814 661 proximos
833 581 859 654 c)
882 571 1017 656 triginta
1038 569 1107 632 dies
1126 563 1269 627 viduita-

12 652 28 690 ³‘
125 663 166 727 tis
187 685 275 742 suae,
296 666 350 727 vel
376 662 523 740 invitam,
548 662 600 723 vel
625 661 792 723 volentem
809 649 872 722 sibi
890 653 1110 740 copulaverit,
1126 651 1269 712 bannum

126 756 273 810 nostrum
295 747 329 808 in·
350 747 451 828 triplo
468 753 651 828 componat,
679 739 713 804 id
732 752 782 806 est
806 741 975 822 sexaginta
999 737 1128 799 solidos.
1170 733 1213 793 Et
1242 729 1268 788 si

126 829 262 892 invitam
284 850 354 890 eam
375 828 479 906 duxit,
498 829 605 910 legem
628 848 719 886 suam
739 827 770 888 ei
786 831 968 908 componat,
982 820 1073 880 illam
1088 837 1167 880 vero
1182 813 1270 874 ulte-

17 909 22 916 ’
125 911 195 972 rius
220 933 285 972 non
308 911 461 994 adtingat.

211 1019 268 1080 De
290 1019 414 1078 bomine
434 1017 595 1102 publicam
622 1013 852 1099 poenitentiam
876 1023 986 1091 agente
1010 1005 1188 1090 interserto.

210 1119 252 1183 V.
295 1123 361 1200 Qui
396 1121 564 1184 hominem
595 1121 759 1205 publicam
777 1119 1013 1202 poenitentiam
1044 1123 1193 1198 agentern
1219 1112 1272 1170 in-

10 1189 29 1256 Ϊ
127 1207 305 1283 terfecerit,
315 1207 461 1266 bannum
484 1212 630 1266 nostrum
653 1205 687 1262 in
709 1203 809 1286 triplo
831 1211 1013 1284 componat,
1033 1195 1272 1280 et'wirgildum

126 1289 196 1350 eius
218 1287 373 1372 proximis
395 1288 464 1350 eius
486 1287 657 1370 persolvat.

133 1395 175 1456 Ut
196 1397 297 1478 omnis
320 1396 412 1456 bomo
434 1395 517 1456 liber
533 1405 721 1477 potestatem
742 1392 856 1454 babeat
876 1392 1051 1473 ubicunque
1065 1385 1206 1446 volucrit
1222 1405 1272 1444 res

129 1491 131 1496 '
354 1517 355 1520 =
383 1499 456 1536 suas
478 1477 556 1537 dare
576 1498 637 1560 pro
660 1477 759 1536 salute
783 1477 907 1535 animae
922 1493 1007 1533 suae.

213 1556 274 1620 VI.
319 1559 352 1620 Si
375 1559 448 1640 quis
466 1581 519 1620 res
535 1581 607 1620 suas
628 1580 688 1642 pro
710 1557 812 1620 salute
828 1557 953 1616 animae
969 1573 1062 1630 suae,
1078 1553 1132 1612 vel
1154 1549 1194 1611 ad
1212 1548 1273 1609 ati-

10 1673 24 1705 1:
130 1661 228 1723 quem
242 1642 464 1703 venerabilem
480 1643 601 1720 locum,
618 1641 669 1703 vel
684 1640 872 1723 'propinquo
889 1661 959 1715 suo,
973 1637 1036 1701 ,vel
1062 1635 1199 1698 cuilibet
1224 1633 1273 1692 al·

10 1735 25 1792 Δξ
130 1723 193 1784 teri
215 1724 343 1785 tradere
361 1725 517 1803 voluerit,
547 1735 579 1786 et
601 1746 639 1785 eo
658 1734 803 1804 tempore
840 1722 925 1782 intra
953 1722 1059 1803 ipsum
1085 1717 1274 1780 comitatum

130 1807 232 1872 fuerit
251 1808 284 1866 in
302 1829 368 1888 quo
383 1829 434 1868 res
450 1807 526 1868 illac
546 1807 670 1892 positae
692 1813 778 1882 sunt,
795 1805 972 1886 legitimam
987 1801 1196 1864 traditionem
1224 1804 1274 1859 fa-

132 1910 205 1951 cere
217 1890 353 1951 studeat.
364 1891 496 1966 Quodsi
512 1892 626 1951 eodem
637 1899 781 1971 tempore
796 1908 862 1968 quo
872 1888 943 1947 illas
954 1888 1082 1948 tradere
1096 1885 1166 1946 vult
1181 1893 1273 1953 extra

130 1974 272 2034 eundem
285 1973 589 2050 comitatumfuerit‚
601 1973 633 2033 id
647 1980 705 2048 est,
717 1971 785 2033 sive
798 1969 831 2028 in
843 1969 1001 2048 exercitu,
1012 1969 1080 2032 sive
1097 1967 1130 2026 in
1139 1965 1271 2050 palatio,

131 2055 245 2116 sivein
261 2055 324 2114 alio
339 2056 488 2137 quolibet
503 2058 588 2133 loco,
603 2054 756 2115 adhibeat
770 2053 830 2114 sibi
850 2053 906 2114 vel
926 2052 965 2112 de
981 2053 1047 2112 suis
1064 2049 1272 2133 pagensibus,

131 2139 185 2199 vel
200 2138 239 2198 de
252 2137 323 2198 aliis
337 2137 393 2219 qui
410 2139 522 2200 eadem
532 2139 604 2220 lege
614 2137 725 2199 vivant
735 2158 799 2218 qua
813 2135 880 2218 ipse
891 2135 986 2213 vivit,
1001 2143 1097 2195 testes
1116 2134 1272 2204 idoneos;

138 2221 192 2282 vel
207 2221 233 2280 si
248 2221 321 2280 iilos
334 2220 453 2283 hahere
464 2243 530 2282 non
545 2219 699 2304 potuerit,
712 2229 791 2280 tuno
806 2218 845 2279 de
857 2217 928 2278 aliis
939 2219 1054 2300 quales
1067 2215 1112 2276 ibi
1123 2215 1275 2277 meliores

135 2303 279 2365 inveniri
293 2303 427 2386 possint,
449 2313 480 2365 et
491 2304 600 2366 coram
613 2302 660 2365 eis
673 2323 784 2364 rerum
799 2322 929 2362 suarum
944 2299 1154 2361 traditionem
1166 2298 1274 2376 faciat,

133 2395 165 2448 et
179 2385 383 2448 fideiussores
398 2387 574 2448 vestiturae
591 2386 692 2448 donet
705 2385 737 2446 ei
764 2384 822 2468 qui
844 2384 935 2444 illam
954 2382 1164 2444 traditionem
1187 2381 1275 2442 acci-

132 2469 182 2552 pit
201 2477 237 2528 ut
257 2469 444 2530 vestituram
462 2470 567 2531 faciat.
609 2470 652 2530 Et
667 2477 840 2552 postquam
861 2466 942 2530 haec
966 2465 1097 2527 traditio
1125 2466 1169 2527 ita
1191 2467 1277 2526 facta

132 2551 244 2627 fuerit,
263 2550 359 2612 heres
379 2551 469 2614 illius
484 2552 609 2613 nnllam
633 2552 673 2612 de
701 2551 875 2635 praedictis
900 2551 998 2611 rebus
1026 2548 1134 2611 valeat
1166 2549 1274 2610 facere

132 2633 371 2715 repetitionem.
429 2636 568 2720 Insuper
601 2643 634 2696 et
665 2633 733 2716 ipse
763 2655 882 2718 perse
908 2631 1151 2695 fideiussionem
1177 2631 1276 2694 faciat

133 2717 278 2776 eiusdem
296 2717 483 2790 vestiturae,
508 2739 549 2778 ne
566 2716 680 2778 heredi
697 2715 767 2777 ulla
787 2717 914 2778 occasio
932 2724 1100 2778 remaneat
1116 2715 1203 2776 hano
1214 2724 1276 2775 tra·

133 2798 289 2861 ditionem
311 2799 514 2880 immutandi,
534 2800 591 2861 sed
606 2799 713 2883 potius
728 2801 901 2861 necessitas
918 2799 1083 2860 incumbat
1098 2798 1189 2858 illam
1204 2819 1276 2881 per·

133 2881 275 2942 ficiendi.
317 2883 360 2943 Et
376 2885 403 2944 si
425 2885 572 2945 nondum
583 2885 640 2944 vres
654 2905 725 2944 suas
745 2905 819 2944 cum
839 2883 1052 2944 coheredibus
1071 2882 1138 2944 suis
1159 2881 1276 2943 divisas

132 2964 257 3041 habuit,
273 2985 338 3024 non
352 2966 382 3026 ei
406 2963 469 3027 hoo
486 2968 526 3028 sit
540 2964 772 3048 impedimento
782 2991 790 3038 ;
812 2967 869 3027 sed
885 2965 1019 3046 coheres
1036 2964 1117 3030 eius,
1132 2964 1158 3025 si
1182 2985 1277 3047 spon-

134 3055 166 3106 te
182 3047 336 3126 noluerit,
361 3058 417 3110 aut
434 3070 494 3132 per
507 3049 665 3111 Comitem
681 3058 737 3108 aut
754 3071 814 3132 per
826 3049 957 3111 Missum
975 3047 1044 3108 eius
1067 3047 1278 3130 distringatur

135 3139 172 3190 ut
190 3129 382 3192 divisionem
402 3153 475 3192 cum
499 3133 557 3193 illo
580 3131 678 3191 faciat
698 3132 738 3192 ad
753 3154 852 3214 quem
872 3133 1046 3192 defunctus
1064 3128 1278 3192 hereditatem

136 3235 227 3274 suam
240 3213 344 3274 voluit
355 3215 540 3298 pervenire.
551 3215 593 3274 Et
606 3213 632 3274 si
645 3213 952 3276 cuilibctEcclesiae
965 3235 1036 3274 eam
1046 3213 1173 3274 tradere
1186 3233 1278 3295 roga-

135 3296 194 3372 vit,
214 3295 349 3358 coheres
364 3293 435 3360 eius
450 3319 519 3358 eam
540 3299 645 3378 legem
671 3297 813 3358 camilla
829 3296 977 3358 Ecclesia
992 3297 1032 3356 dc
1047 3295 1211 3376 praedicta
1222 3295 1278 3356 he·

136 3379 274 3440 reditate
291 3379 408 3441 haheat
425 3402 521 3462 quam
539 3402 613 3442 cum
633 3379 697 3440 alio
720 3379 881 3442 coherede
915 3401 973 3440 suo
1001 3378 1121 3440 habere
1151 3377 1276 3440 debeat.

136 3463 178 3521 Et
197 3461 259 3522 hoc
285 3463 476 3524 observetur
503 3485 579 3545 erga
599 3473 723 3548 patrem
750 3462 907 3525 etlilium
937 3471 970 3522 et
992 3471 1144 3544 nepotem
1172 3482 1275 3542 usqae

139 3542 179 3602 ad
196 3563 297 3605 annos
313 3547 485 3628 legitimos.
527 3549 643 3611 Postea
658 3547 744 3629 ipsae
768 3568 820 3608 res
845 3546 884 3607 ad
912 3545 1149 3606 immunitatem
1173 3543 1276 3629 ipsius

137 3626 303 3688 Ecclesiae
324 3631 470 3692 redeant.

467 3715 517 3775 De
535 3709 715 3775 homicidiis
727 3707 945 3796 prohibendis.

218 3813 296 3877 VII.
339 3819 537 3904 Quicunque
567 3820 733 3882 hominem
758 3827 813 3878 aut
841 3841 881 3880 ex
910 3818 976 3880 levi
1004 3839 1100 3880 causa
1127 3828 1181 3880 aut
1207 3819 1277 3880 sine

137 3919 230 3959 causa
247 3898 462 3981 interfecerit,
477 3904 662 3986 wirgildum
681 3903 750 3963 eins
779 3901 831 3963 his
859 3901 899 3964 ad
930 3925 1012 3984 quos
1036 3901 1094 3962 ille
1122 3902 1277 3985 pertinet,

137 3990 318 4064 componat.
341 3985 411 4067 lpse
426 4009 504 4047 vero
516 3997 649 4070 propter
662 3987 759 4046 talem
776 3987 1071 4068 praesumptionem
1088 3983 1123 4044 in
1141 3983 1278 4047 exilium

135 4064 285 4162 mittatur
311 4067 350 4127 ad
378 4063 535 4149 quantum
555 4080 688 4154 tempus
703 4068 793 4130 nohis
811 4065 989 4152 placuerit:
1013 4090 1064 4130 res
1084 4075 1191 4130 tamen
1204 4089 1275 4130 suas

137 4167 202 4204 non
224 4157 356 4210 amittat.

144 4255 428 4275 m*-

172 4317 200 4377 e)
221 4313 254 4364 al.
273 4331 330 4367 ruasv
347 4316 457 4384 primos.
