2952 4988
286 315 421 414 aena
527 351 940 418 Rueuupnaanconuu.
1041 355 1132 426 tus¹
1207 337 1279 412 261

141 493 190 561 16.
214 493 303 582 Quid
320 515 412 576 agere
435 494 571 559 debeant
586 493 684 555 isica·
738 518 783 578 17·
805 498 855 572 De
870 517 946 568 areu
965 499 999 560 in
1019 495 1107 558 hoste
1125 497 1280 582 babendo.

222 581 265 640 rii
279 577 320 639 de
341 581 381 638 iis
395 581 496 662 quise
511 598 573 661 pro
588 575 684 658 furto
740 581 786 643 18.
807 581 856 640 De
868 581 1046 663 forestibus
1062 579 1239 642 dominicis.

220 665 254 724 in
293 662 425 724 seruitio
465 660 593 724 tradere
629 681 685 721 cu·
732 645 786 746 hp.
808 664 857 724 De
871 664 991 724 villicis
1006 663 1114 742 regiis,
1133 663 1213 749 quiri
1220 663 1280 747 sa·

216 747 319 830 piunt.
820 767 890 807 cere
910 745 1053 807 debeant.

140 851 188 915 16.
211 849 378 937 Quomodi
402 854 496 926 licent
521 850 688 916 Seniorcm
737 873 787 914 ao.
810 853 859 914 De
875 875 912 914 eo
928 857 984 939 qui
996 873 1107 937 parem
1120 873 1210 914 suum
1225 852 1281 916 ad·

220 957 309 996 suum
326 936 495 1004 dimittere.
820 939 932 997 iuuare
951 937 1062 1000 noluit.

151 1103 155 1108 ¹
239 1077 404 1138 lacuscin
425 1081 653 1138 surnascmrra
675 1075 836 1138 Carinum
860 1099 898 1138 er
920 1099 1028 1154 nonan
1050 1098 1179 1138 sunaus.
1232 1157 1234 1161 Ι

367 1194 416 1253 Dc
439 1214 516 1254 curo
531 1206 561 1253 et
575 1191 789 1254 sollieitudine
806 1179 1050 1278 ¹Episcopornm.

220 1304 246 1364 Ι.
290 1305 334 1364 Ut
352 1302 507 1398 Episcopi
526 1301 728 1364 circumeant
750 1300 919 1386 parochias
943 1299 1003 1360 sibi
1027 1299 1227 1376 commissas,
1248 1310 1285 1361 et

140 1385 391 1466 ibiinquirend1
409 1385 553 1448 studium
574 1386 713 1446 habeant
731 1387 771 1448 de
786 1387 923 1459 incestu,
945 1384 985 1444 de
1001 1382 1192 1464 patricidiis,
1213 1383 1280 1442 fra-

140 1469 290 1546 tricidiis,
312 1469 493 1546 adulteriis,
513 1470 720 1548 xenodoxiis,
740 1478 772 1530 et
789 1469 859 1529 aliis
875 1466 969 1526 tnalis
983 1474 1023 1538 a)
1050 1475 1280 1550 quaecontra-

140 1553 283 1616 ria-sunt
299 1555 381 1627 Deo,
405 1553 541 1634 quaein
565 1554 660 1615 sacris
686 1551 854 1634 scripturis
878 1549 1049 1632 leguntur,
1078 1569 1161 1630 quae
1182 1547 1280 1608 Chri·
1372 1607 1375 1612 ,

142 1635 238 1710 stiani
260 1633 404 1694 devitare
431 1635 561 1696 debent.
603 1637 646 1695 Et
662 1637 747 1696 infra
769 1635 901 1695 illorum
917 1631 1085 1716 parochias
1107 1630 1280 1709 Ecclesiae,

142 1717 260 1802 quibus
278 1737 409 1778 necesse
430 1727 489 1795 est,
513 1717 708 1778 emendandi
726 1739 836 1779 curam
850 1716 998 1776 habeant.
1040 1713 1198 1775 Similiter
1216 1723 1282 1774 tam

143 1810 265 1866 nostras
291 1801 310 1860 al
330 1798 422 1860 nobis
443 1799 478 1860 in
501 1799 661 1862 beneficio
678 1801 775 1877 datas,
801 1801 898 1882 quam
913 1808 946 1858 et
966 1797 1104 1857 aliorum
1123 1795 1179 1856 ubi
1198 1795 1279 1858 reli-

142 1883 239 1966 quiae
260 1903 407 1965 praeesse
422 1883 585 1943 videntur.
627 1885 668 1944 Et
686 1893 722 1944 ut
739 1881 890 1944 Monachi
905 1880 1112 1964 perverbum
1127 1877 1281 1964 Episcopi

144 1976 178 2029 et
194 1987 253 2046 per
270 1965 416 2046 regimen
440 1964 592 2043 Abbatis,
616 1978 649 2028 et
668 1987 728 2048 per
749 1967 834 2026 bona
855 1966 987 2025 illorum
1005 1962 1164 2044 exempla,
1186 1983 1282 2043 regu-

142 2049 257 2112 lariter
272 2047 394 2124 vivant,
416 2059 513 2130 prout
530 2051 602 2110 loca
618 2049 721 2112 locata
739 2058 824 2110 sunt.
866 2048 908 2109 Et
922 2056 959 2108 ut
978 2041 1183 2128 Praepositus
1199 2054 1230 2106 et
1244 2043 1281 2104 hi

143 2131 203 2214 qui
223 2131 308 2192 forits
330 2125 524 2191 monasteria
547 2143 639 2203 sunt,
668 2152 708 2192 ne
732 2140 901 2194 venatores
926 2129 1079 2199 habeant3
1114 2126 1191 2209 quia
1218 2127 1281 2188 iam
1313 2193 1315 2197 ,

142 2215 337 2295 frequenter
364 2213 513 2276 iussimus
544 2237 586 2277 ne
621 2209 773 2277 Monachi
797 2215 883 2276 foras
917 2209 1111 2274 monasterio
1138 2208 1282 2274 habitas·

143 2306 226 2360 sent.
379 2317 380 2322 ’

148 2495 153 2500 -
201 2406 256 2506 ¹De
277 2403 450 2476 Ecclesia,
485 2404 619 2478 uidetis,
640 2418 687 2466 vet
704 2404 857 2490 pupillis,
891 2417 926 2464 ut
943 2388 1054 2490 pacem
1076 2403 1220 2500 habeant.
1374 2493 1378 2500 Ι

226 2512 269 2572 Π.
312 2514 355 2572 Ut
376 2511 561 2588 Ecclesiae,
585 2512 715 2591 viduae,
740 2511 860 2594 pupilli
875 2533 935 2593 per
955 2511 1100 2572 bannum
1115 2511 1211 2595 Regis
1228 2532 1283 2594 pa·

147 2587 217 2665 cem
231 2593 381 2656 habeant.
424 2595 481 2654 Sin
498 2595 603 2672 aliter,
625 2595 659 2656 in
680 2595 897 2676 praesentiam
918 2603 1060 2656 nostram
1077 2593 1139 2654 hoc
1160 2596 1282 2673 veniat,

79 2733 82 2738 .
133 2677 173 2760 si
196 2676 266 2738 lieri
288 2685 403 2758 potest.
446 2677 503 2738 Sin
525 2687 644 2758 autem,
667 2679 755 2741 Missi
773 2677 875 2742 nostri
891 2677 1085 2761 investigent
1103 2677 1284 2762 illutque·

147 2759 243 2829 modo
261 2767 385 2842 gestum
399 2759 450 2819 sit.
501 2783 507 2796 ·

337 2866 379 2927 Ut
399 2866 538 2926 iumento
561 2870 629 2928 sine
651 2869 804 2930 animalia
821 2891 932 2953 pacem
954 2871 1097 2948 leubeant'.

75 2987 79 2996 '
126 3015 129 3022 ,
220 2970 295 3068 ⁸lIl.
338 2955 380 3033 Ut
402 2973 547 3036 iumenta
568 2996 681 3060 pacem
711 2975 853 3040 habeant
878 2977 1030 3039 similiter
1051 2996 1112 3061 per
1140 2973 1285 3036 bannum

148 3055 254 3138 Regls·
373 3139 440 3226 ,De
461 3141 511 3198 his
532 3142 587 3222 qui
607 3139 762 3224 beneficio
782 3143 902 3222 regalia
921 3143 1062 3220 habent„

233 3245 292 3308 IV.
334 3249 378 3308 Ut
397 3247 433 3307 hi
461 3247 518 3330 qui
544 3247 741 3310 beneficium
763 3257 909 3310 nostrum
927 3243 1067 3326 habent,
1097 3245 1183 3307 bene
1202 3242 1288 3306 illud

150 3329 366 3392 immeliorare
389 3330 423 3390 in
454 3331 542 3392 omni
571 3353 607 3392 re
632 3330 793 3393 studeant.
829 3333 882 3398 ¹Et
905 3339 943 3392 ut
968 3331 1059 3394 Missi
1087 3327 1191 3391 nostri
1223 3327 1288 3390 hoc
1420 3397 1427 3405 .

151 3414 265 3476 sciant.

471 3495 520 3556 De
544 3493 578 3556 V
574 3497 682 3556 icariis
712 3509 742 3556 et
765 3495 971 3557 Centenariis.

234 3605 275 3670 V.
315 3606 359 3664 Ut
374 3601 499 3666 Vicarii
522 3603 622 3665 nostri
644 3605 697 3664 vel
716 3603 904 3665 centenarii
920 3603 937 3662 a
955 3623 1046 3668 servo
1061 3601 1157 3685 Regis
1171 3599 1291 3662 manci-

176 3687 206 3746 iu
224 3707 265 3748 ne
283 3695 401 3748 emant.
442 3687 485 3748 Et
506 3697 544 3748 ut
564 3687 624 3768 ipsi
641 3686 765 3747 Viearii
788 3687 827 3748 de
851 3685 1038 3746 hereditate·
1056 3685 1134 3746 foris
1162 3685 1292 3746 heredi·

152 3710 225 3846 hus,
248 3769 275 3830 si
296 3768 458 3846 extiterit,
489 3772 528 3832 ad
552 3791 632 3853 opus
656 3779 802 3830 nostrum
825 3768 1019 3852 recipiatur,
1049 3789 1090 3829 ne
1110 3767 1194 3830 illud
1207 3769 1293 3828 frau·
1334 3757 1344 3770 ⁴

198 3861 262 3912 tu.

155 3854 196 3916 de
236 3875 253 3913 r
390 3933 440 3993 De
461 3935 618 4013 ingenuis,
642 3937 671 3994 si
691 3936 833 3996 intestati
854 3932 1055 3994 decesserint.

160 4069 165 4097 ,⁴
235 4037 295 4102 Vl.
337 4043 386 4100 De
411 4040 462 4101 his
482 4041 539 4122 qui
559 4042 577 4102 ia
598 4039 780 4104 litterarum
802 4043 1043 4126 conscriptione
1066 4038 1203 4123 ingenui
1225 4041 1295 4102 fue·

154 4124 242 4202 rint,
270 4123 297 4184 si
324 4123 394 4185 sine
417 4123 591 4187 traditione
618 4125 738 4188 mortui
763 4126 906 4208 fuerint,
936 4121 1101 4190 hereditas
1122 4123 1297 4190 eorunad

164 4259 399 4276 *na-Q

190 4311 233 4372 a)
255 4306 290 4359 al.
309 4323 369 4362 mss.
387 4298 448 4362 elia
466 4307 548 4362 meio.
635 4288 638 4295 ⁵
694 4281 698 4290 ⁶
