2958 4986
361 301 544 396 acuas
614 335 1008 396 aaouurnaueosuu
1122 337 1185 402 rot
1270 319 1349 408 115,

197 479 246 546 53.
269 477 318 538 De
335 477 463 540 licentia
484 475 678 540 Hildeboldi
684 475 745 538 Ar·
793 475 843 557 54.
864 477 913 538 De
928 477 1075 558 Alcuino,
1095 501 1187 566 quem
1204 477 1273 544 Rem
1288 500 1336 558 ayt·

279 562 502 643 cleirapellaui.
878 560 963 623 uodo
980 563 1224 626 commendauit.

302 735 465 812 luctemur
487 769 712 812 suruascttrrra
736 752 899 814 CAPITUU
928 769 967 812 BT
988 770 1095 811 EORUM
1119 772 1247 814 TEXTUS.
1287 783 1292 792 “

210 881 213 884 ’
238 869 287 928 De
304 865 505 946 indulgentia
525 866 685 927 Tassiloni
701 867 785 926 Duri
797 865 1019 926 Baioariorum
1041 865 1200 930 lsKarolo
1216 869 1299 949 Rege

690 969 848 1010 concessu.

278 1060 303 1121 t
336 1059 385 1120 De
400 1055 569 1118 Tassilone
592 1056 763 1118 definitum
781 1067 830 1118 cst
844 1053 1035 1139 capitulum,
1060 1055 1117 1139 qui
1139 1057 1262 1122 dudum
1278 1061 1341 1120 Ba.

97 1144 101 1148 ’
197 1142 316 1204 icariae
336 1142 412 1202 Dux
439 1143 568 1217 tuerat,
595 1140 745 1202 sobrinus
765 1139 921 1202 videlicet
946 1139 1066 1200 Domni
1096 1142 1209 1202 Karoli
1233 1141 1340 1224 Regis.

197 1227 235 1287 ln
253 1224 360 1286 medio
381 1222 571 1284 sanctissimi
590 1222 712 1285 adstitit
728 1222 883 1299 Consilii,
904 1221 1033 1282 reniam
1048 1244 1165 1304 rogans
1182 1245 1241 1307 pro
1256 1245 1342 1285 eom·

196 1307 300 1370 missis
320 1305 437 1388 culpis,
459 1315 524 1365 tam
546 1325 626 1388 quas
646 1316 791 1388 tempore
809 1303 928 1365 Domni
947 1303 1080 1387 Pippini
1102 1307 1199 1388 Regis
1220 1307 1340 1370 adver·

146 1459 149 1466 *
195 1391 336 1459 sitseum
353 1398 385 1450 et
400 1391 745 1470 regnumFrancorum
763 1387 976 1464 commiserat,
986 1387 1083 1468 quam
1099 1397 1131 1448 et
1157 1411 1236 1471 quas
1250 1399 1345 1473 post*

195 1476 235 1534 ea
264 1473 323 1533 suh
347 1481 490 1554 tempore
513 1472 632 1532 Domni
661 1469 763 1536 nostri
784 1469 920 1552 piissimi
936 1470 1048 1530 Karoli
1066 1471 1180 1554 Regis,
1201 1472 1235 1532 in
1263 1473 1341 1555 qui-

189 1556 257 1620 ,hus
272 1555 438 1615 fraudator
456 1553 532 1614 fidei
554 1575 630 1618 suae
652 1554 817 1631 extiterat,
841 1551 1082 1634 indulgentiam
1103 1563 1140 1613 ut
1156 1555 1195 1616 ab
1215 1577 1254 1618 eo
1274 1577 1342 1616 me·

192 1647 325 1700 reretur
345 1637 492 1719 accipere
515 1636 633 1698 humili
653 1636 812 1720 petitione
836 1637 923 1718 visus
953 1643 1000 1696 est
1019 1637 1210 1718 postulasse,
1235 1638 1342 1700 dimit»

197 1730 269 1782 tens
294 1719 452 1781 videlicet
477 1739 560 1802 puro
588 1718 696 1787 animo
723 1719 805 1778 iram
835 1727 931 1799 atque
956 1739 1052 1779 omne
1083 1721 1273 1782 scandalum
1298 1721 1340 1782 de

196 1812 287 1887 parte
309 1824 377 1880 sua,
396 1799 600 1886 quaequein
618 1823 656 1864 eo
672 1810 855 1884 perpetrata
872 1800 1021 1880 fuissent,
1040 1811 1073 1862 et
1092 1803 1232 1884 sciehat,
1259 1823 1340 1864 nec-

198 1907 264 1944 non
285 1905 414 1945 omnem
430 1884 584 1946 iustitiam
598 1893 630 1946 et
648 1905 698 1946 res
712 1884 929 1966 proprietatis,
946 1885 1104 1965 quantum
1115 1883 1165 1945 illi
1191 1896 1246 1948 aut
1263 1885 1340 1950 filiis

195 1968 250 2029 vel
270 1967 397 2028 filiabus
416 1968 482 2028 suis
502 1967 536 2028 in
559 1969 678 2030 ducatu
692 1965 915 2028 Baioariorum
933 1966 1079 2048 legitime
1096 1969 1262 2072 pertinere
1282 1969 1341 2030 de-

195 2051 353 2126 buerant,
379 2050 524 2134 gurpivit
545 2060 642 2133 atque
668 2049 821 2132 proiecit,
852 2058 884 2109 et
907 2049 1148 2132 inpostmodum
1170 2051 1258 2111 omni
1280 2051 1339 2116 lite

199 2132 364 2209 calcandi,
390 2134 460 2193 sine
478 2133 544 2193 ulla
557 2131 756 2216 repetitione
778 2130 931 2208 indulsit,
955 2141 987 2192 et
1001 2131 1085 2194 filios
1107 2154 1144 2194 ac
1163 2133 1246 2194 filias
1266 2153 1339 2198 suas

197 2215 233 2275 in
258 2215 347 2274 illius
364 2215 585 2278 misericordia
605 2213 851 2276 commendavit.
893 2215 936 2276 Et
957 2214 1079 2283 idcirclt
1094 2217 1241 2278 Domnus
1259 2238 1341 2280 nos·

198 2306 249 2359 ter
283 2295 505 2359 misericordiis
533 2307 639 2362 motus
662 2297 807 2381 praefato
827 2293 988 2359 Tassiloni
1012 2298 1151 2380 gratuito
1172 2299 1281 2360 animo
1307 2308 1340 2363 et

199 2381 311 2464 culpas
333 2390 531 2464 perpetratas
548 2381 705 2458 indulsit,
728 2389 761 2442 et
781 2379 914 2462 gratiam
932 2402 1022 2442 suam
1043 2380 1188 2464 pleniter
1207 2403 1339 2444 conces-

198 2463 258 2540 sit,
290 2471 323 2522 et
342 2462 376 2522 in
392 2486 447 2526 sua
472 2465 675 2546 eleemosyna
697 2484 772 2524 eum
795 2463 829 2520 in
849 2483 955 2524 amore
976 2463 1160 2526 dilectionis
1182 2465 1271 2526 visus
1290 2474 1340 2528 cst

198 2543 394 2626 suscepisse,
427 2555 464 2606 ut
484 2568 617 2608 securus
636 2547 675 2606 de
697 2544 759 2606 Dei
784 2543 1006 2606 misericordia
1029 2545 1182 2608 existeret
1197 2547 1337 2610 inantea.

197 2627 293 2688 Unde
311 2635 375 2687 tres
392 2629 509 2691 breves
527 2651 568 2690 ex
585 2629 648 2690 hoe
668 2627 812 2711 capitulo
837 2649 904 2687 uno
922 2637 1035 2690 tenore
1051 2631 1249 2713 conscriptos
1266 2631 1339 2696 fieri

197 2711 379 2852 praecepit:
403 2733 506 2772 unum
526 2713 559 2774 in
575 2711 693 2795 palatio
711 2709 934 2784 retinendum
957 2711 1058 2772 alium
1073 2715 1217 2796 praelato
1234 2714 1338 2775 Tassi-

213 2793 279 2868 oni,
298 2801 334 2850 ut
356 2817 466 2856 seeum
483 2794 618 2854 haberet
641 2795 675 2853 in
693 2793 899 2869 monasterio,
923 2794 1083 2867 dandurm
1105 2796 1240 2859 tertium
1257 2818 1335 2862 vero

198 2873 232 2934 in
255 2874 337 2935 sacri
351 2879 462 2964 palatii
481 2877 605 2959 capella
623 2874 869 2938 recondendum
885 2875 956 2937 lieri
974 2877 1075 2940 iussit.

259 3017 314 3077 De
338 3009 447 3072 stabili
463 3008 568 3090 pretio
588 3027 752 3078 annonae,
786 3017 851 3066 tum
867 3008 1014 3088 priuatae
1035 3020 1099 3069 tum
1114 3009 1273 3092 publicae.

293 3121 335 3182 ΙΙ.
370 3114 489 3178 Statuit
510 3112 672 3195 piissimus
695 3112 841 3170 Domnus
858 3120 968 3172 noster
986 3113 1075 3190 Rex,
1110 3113 1335 3178 consentiente

197 3204 307 3268 saneti
327 3197 470 3286 Synodo,
493 3205 530 3266 ut
544 3195 656 3255 nullus
674 3192 788 3269 homo,
810 3192 878 3276 sive
896 3194 1131 3257 ecclesiasticus
1149 3198 1216 3258 sive
1232 3198 1334 3259 laicus

143 3352 145 3358 y
196 3287 250 3363 sit,
273 3303 440 3366 nunquam
458 3277 563 3341 carias
581 3275 702 3338 vendat
719 3294 897 3351 annonam,
916 3276 983 3336 sive
1001 3287 1145 3360 tempore
1163 3281 1335 3340 abundan-

197 3371 273 3445 tiae,
288 3365 357 3428 sive
380 3375 524 3448 tempore
547 3359 697 3436 caritatis,
717 3358 814 3439 quam
836 3357 980 3418 modium
1000 3361 1170 3442 publicum
1189 3372 1221 3422 et
1244 3363 1335 3427 novi-

196 3461 248 3514 ter
267 3459 431 3511 statutum.
472 3448 521 3506 De
540 3441 650 3503 modio
668 3443 707 3502 de
731 3460 852 3517 avena,
880 3441 1014 3501 denario
1032 3465 1114 3514 uno;
1149 3445 1257 3514 modio
1278 3467 1333 3506 01·-

198 3532 263 3609 dei,
284 3531 425 3592 denariis
452 3549 495 3597 u;
524 3524 633 3586 modio
644 3523 763 3606 sigali,
782 3521 907 3582 denarii
927 3531 1009 3596 tres3
1040 3527 1148 3587 modio
1164 3528 1331 3606 frumenti,

162 3641 167 3654 ·
197 3613 322 3676 denarii
340 3623 490 3696 quatuor.
532 3609 567 3668 Si
589 3607 721 3668 veroin
743 3625 826 3686 pane
846 3604 988 3666 vendere
1013 3609 1172 3687 voluerit,
1205 3609 1334 3674 duode-

197 3695 261 3758 c'im
276 3717 374 3780 panes
391 3697 430 3756 de
448 3693 626 3766 frumento,
650 3688 806 3750 hahentes
824 3685 946 3768 singuli
963 3688 1060 3750 lihras
1077 3691 1167 3768 duas,
1194 3715 1253 3775 pro
1271 3693 1332 3754 de-

196 3779 289 3840 nario
313 3779 389 3840 dare
413 3777 547 3852 debeat,
572 3771 733 3854 sigalatios
758 3768 947 3851 quindecim
974 3793 1078 3853 aequo
1098 3775 1242 3856 pondere
1269 3796 1331 3858 pro

196 3861 348 3932 denario;
382 3860 554 3920 ordeaceos
572 3853 688 3936 viginti
704 3851 856 3914 similiter
872 3862 1062 3934 pensantes,
1086 3858 1252 3918 avenatios
1277 3858 1333 3919 vi·

194 3944 276 4028 giuti
300 3943 450 4025 quinque
474 3939 624 4002 similiter
653 3942 835 4020 pensantes.
878 3935 927 3994 De
949 3957 1028 3997 vero
1051 3959 1181 3998 annona
1198 3939 1331 4025 publiea

193 4025 314 4088 Domni
341 4025 455 4107 RegiS,
482 4024 508 4087 si
533 4020 729 4086 venumdata
752 4017 868 4094 fuerit,
898 4015 938 4077 de
959 4039 1061 4080 avena
1079 4021 1206 4084 modius
1226 4047 1249 4084 11
1268 4043 1330 4107 pro

194 4107 341 4186 denario,
363 4107 463 4185 ordeo
478 4105 553 4168 den.
570 4127 581 4166 1
599 4102 701 4186 sigalo
719 4099 794 4160 den.
813 4099 1021 4161 atramento
1041 4104 1125 4165 mod.
1149 4104 1259 4168 denar.
1281 4128 1330 4172 nr·

192 4191 236 4252 Et
257 4190 316 4274 qui
340 4199 486 4251 nostrum
501 4187 600 4252 hahet
616 4181 828 4258 beneficium,
846 4181 1099 4264 diligentissime
1127 4189 1327 4282 praevideat,

193 4273 352 4358 quantum
374 4280 480 4364 potest
492 4273 564 4334 Deo
587 4268 741 4348 donante,
756 4271 794 4326 ut
809 4263 921 4332 nullus
939 4287 980 4330 ex
995 4267 1164 4356 mancipiis
1178 4269 1219 4334 ad
1233 4272 1329 4342 illum
