2952 4988
278 315 314 372 s.
333 317 422 412 eur.
528 315 666 375 neuun
687 315 929 379 rusnconuu
1031 315 1094 376 us.
1199 301 1275 378 295

135 456 358 534 sanctitatem,
384 466 421 518 ut
449 458 633 519 secundum
668 457 884 521 ministerium
911 455 971 522 tibi
995 455 1106 519 divino
1122 475 1274 523 ‘munere

136 543 308 618 collatum,
340 548 469 602 nostrae
492 541 526 600 in
554 541 617 602 boe
645 541 776 624 negotio
797 539 1027 604 saluberrimae
1059 541 1275 604 admonitioni

135 625 327 686 obedienter
341 633 437 704 atque
456 623 724 685 inexcusabiliter
736 646 864 708 pareas,
882 631 915 685 et
935 622 1069 684 caeteris
1084 623 1116 684 in
1131 625 1275 708 parendo

135 707 320 790 exemplum
349 707 473 768 bonum
507 707 637 769 tribuas.
679 707 823 790 Dignum
859 707 979 789 quippe
1018 715 1066 768 est
1089 715 1126 766 ut
1153 717 1276 790 quanto

134 789 305 852 sublimius
330 788 510 852 sacerdotii
543 789 699 874 dignitate
733 790 805 850 aliis
833 788 1071 872 superemines,
1099 799 1131 850 et
1148 790 1165 849 a
1183 791 1276 852 nobis

133 873 370 934 venerabiliter
391 871 550 954 diligeris,
578 882 668 934 tanto
683 873 782 955 magis
799 871 839 932 ad
854 871 916 932 Dei
934 879 1139 954 nostramque
1160 873 1276 934 volun-

133 962 233 1016 tatem
254 955 438 1017 faciendam
463 955 662 1018 devotiorem
682 965 713 1016 te
742 965 838 1038 utque
863 954 1096 1036 promptiorem
1114 954 1281 1026 exhibeas,

133 1037 217 1102 Vale
241 1037 275 1100 iu
292 1037 447 1117 Domino,
472 1047 505 1100 et
526 1059 582 1098 ora
604 1060 665 1121 pro
691 1037 816 1106 nohis„

414 1218 627 1282 uarsrota
656 1219 714 1280 ao
751 1219 984 1286 sreuanvun
1042 1175 1043 1178 Ὺ

273 1353 684 1446 Archiepiscopum
721 1352 1137 1446 Burdegaleusems

460 1502 523 1574 De
552 1486 681 1600 eodem
705 1501 953 1596 Argumenta.

135 1629 185 1744 In
207 1680 338 1743 nomine
354 1679 487 1742 Domini
506 1681 569 1742 Dei
589 1681 805 1744 etSalvatoris
822 1682 923 1744 nostri
945 1683 1018 1750 lesu
1039 1680 1169 1742 ebriat.
1201 1679 1280 1739 lllu·

137 1765 317 1841 douvieus,
347 1765 456 1825 divinat
477 1765 647 1824 ordinante
670 1765 885 1847 providentie,
908 1767 1090 1848 Imperator
1112 1771 1277 1844 augustus,

135 1847 317 1914 venerabili
332 1845 365 1905 in
384 1847 513 1907 Christo
532 1847 680 1908 Sichario
698 1847 963 1930 Archiepiscopo‚
989 1847 1023 1906 in
1042 1847 1182 1908 Domino
1196 1845 1280 1905 salu-

135 1941 212 1995 tem.
255 1933 388 1992 Sacrum
405 1939 436 1990 et
452 1929 639 1991 venerabile
657 1931 842 1991 Concilium
862 1931 975 1992 divino
997 1939 1080 1990 nutu
1102 1937 1279 2007 nostroque

137 2013 246 2082 studio
267 2013 300 2072 in
320 2012 516 2095 Aquisgrani
538 2012 657 2094 palatio
676 2035 782 2096 nuper
801 2023 1016 2096 aggregatum,
1039 2013 1158 2092 inquo
1177 2010 1280 2069 multa

138 2098 180 2162 ob
204 2096 443 2179 propagandam
474 2095 724 2158 ecclesiasticam
748 2096 964 2176 dignitatem,
1000 2094 1218 2179 praecedente
1248 2098 1282 2152 et

137 2180 357 2262 subsequente
384 2179 484 2261 gratiat
501 2179 640 2252 Christi,
667 2177 844 2261 diligenter
861 2187 994 2240 tractata
1017 2187 1111 2259 atque
1133 2175 1281 2238 instituta
1370 2245 1372 2248 Ι

137 2271 226 2338 sunt,
249 2272 337 2322 tuam
356 2263 545 2323 nullatenus
565 2261 726 2324 eredimus
745 2261 845 2322 latere
867 2261 1077 2322 sanctitatem.
1121 2259 1185 2320 Sed
1204 2257 1281 2340 quia

139 2344 277 2427 contigit
300 2344 406 2406 eidem
433 2355 543 2406 sancto
565 2354 597 2406 et
616 2343 795 2410 venerabili
812 2343 963 2404 Concilio
979 2352 1068 2403 tuam
1091 2362 1156 2401 non
1175 2341 1280 2400 inter-

137 2429 238 2490 fuisse
254 2428 497 2510 paternitatem,
527 2428 566 2489 ad
592 2437 680 2488 tuam
699 2427 861 2488 destinare
885 2425 1089 2487 decrevimus
1104 2421 1281 2485 beatitudi-

139 2533 233 2586 nem,
261 2531 320 2590 per
340 2520 543 2588 praesentem
567 2510 699 2572 Missum
721 2519 867 2574 nostrum
887 2509 1019 2569 nomine
1041 2506 1283 2580 bdalhelmum,

138 2592 312 2654 formulam
336 2593 521 2654 Canonicae
550 2591 832 2655 Institutionisab
863 2592 1089 2653 eodemrsacro
1117 2597 1282 2650 conventu

140 2697 181 2736 ex
205 2682 391 2735 sauctorum
413 2677 546 2736 Petrum
577 2675 711 2758 sparsim
739 2674 871 2758 digestis
900 2674 1072 2762 sententiis
1101 2673 1282 2746 collectam,

140 2767 237 2839 atque
258 2755 291 2814 in
309 2778 411 2818 unum
427 2767 610 2840 congestam
617 2783 625 2830 ;
648 2780 745 2840 quam
761 2755 858 2818 etiam
876 2757 998 2820 idcirco
1014 2757 1114 2840 penes
1128 2755 1283 2837 palatium

140 2849 288 2900 nostrum
308 2838 485 2923 diligenter
502 2841 600 2902 scribi
622 2841 778 2918 fecimus,
811 2849 848 2900 ut
866 2839 950 2903 nihil
973 2841 1006 2902 in
1032 2861 1065 2902 se
1089 2837 1283 2920 scriptorum

93 2981 96 2988 .
139 2921 221 2985 vitio
243 2921 482 3002 depravationis
504 2933 558 2983 aut
575 2923 829 2985 detruncationis
847 2924 982 3000 baben-s,
1005 2923 1044 2984 ad
1061 2931 1092 2983 te
1111 2941 1213 3002 usque
1231 2921 1283 2979 in-

141 3005 280 3068 columis
302 3007 512 3084 perferretur.
555 3008 763 3090 Quapropter
781 3003 931 3066 volumus
952 3015 1050 3087 atque
1077 3003 1284 3065 decernimus
1366 3024 1370 3037 ·

141 3098 179 3150 ut
196 3087 287 3154 iuxta
308 3089 577 3170 metropolitanae
601 3090 692 3155 Sedis
711 3089 770 3150 tibi
788 3089 944 3152 canonice
961 3088 1122 3148 conlatam
1142 3085 1284 3167 diguita-

141 3180 219 3248 tem,
242 3179 434 3251 nostraeque
452 3171 652 3232 auctoritatis
671 3171 884 3249 sanctionem,
903 3171 1089 3231 dioeceseos
1102 3179 1176 3230 tuae
1194 3169 1286 3250 Epis·

144 3274 240 3336 copos
271 3259 304 3313 et
333 3263 475 3316 caeteros
498 3253 663 3322 Ecclesiae
689 3253 853 3320 Praelatos
876 3263 1019 3336 ternpore
1051 3261 1083 3314 et
1107 3253 1180 3315 loco
1209 3273 1288 3312 con·

143 3334 272 3420 gruenti
300 3336 340 3396 ad
361 3345 392 3398 te
417 3343 581 3398 accersere
607 3336 725 3412 facias,
748 3335 850 3397 ethis
874 3332 981 3397 coram
1003 3335 1203 3418 capitulatim
1222 3355 1287 3396 me·

141 3427 299 3486 moratam
313 3417 531 3480 Institutionis
546 3421 681 3486 formam
696 3419 839 3501 praelegi
854 3411 975 3492 iubeas,
991 3427 1022 3477 et
1037 3419 1127 3500 quod
1142 3418 1183 3480 ob
1201 3417 1288 3480 exal-

143 3497 278 3566 tandum
301 3501 511 3562 ecclesiastici
534 3502 685 3564 culminis
705 3501 869 3583 fastigium
889 3510 922 3561 et
949 3501 1128 3560 animarum
1147 3501 1287 3562 salutem
1332 3525 1337 3536 ·

144 3583 232 3645 idem
256 3603 347 3651 sacer
364 3593 543 3652 conventus
563 3607 632 3645 eam
650 3583 802 3660 ediderit,
832 3583 959 3666 liquido
984 3583 1183 3644 demonstres
1194 3607 1205 3653 ;¹
1229 3582 1287 3646 sed

145 3673 180 3738 et
199 3663 250 3728 his
269 3663 378 3745 quiin
396 3688 462 3727 uno
483 3668 622 3749 colleg10
641 3667 797 3728 canonice
814 3666 957 3748 degunt,
984 3665 1157 3728 tenendam
1176 3667 1287 3728 obser-t

145 3745 349 3828 vandamque
377 3770 486 3808 coram
513 3758 688 3810 memorato
716 3749 815 3810 Misso
848 3757 956 3810 nostro
983 3749 1166 3809 conferas..
1196 3749 1237 3809 At
1259 3748 1287 3808 si

146 3827 286 3898 alicuius
308 3829 414 3892 cordis
436 3829 564 3893 olitusio
585 3855 655 3893 eam
678 3831 864 3914 intelligere
890 3831 1094 3911 nequiverit,
1117 3829 1196 3892 huie
1219 3830 1291 3898 sive

146 3911 265 3988 abste,
289 3913 354 3973 sive
375 3913 414 3972 ab
435 3913 505 3975 aliis
518 3913 697 3996 Episcopis,
721 3913 1048 3995 comprovincialibus
1069 3913 1199 3980 scilicet
1213 3913 1289 3990 tuis,

148 3993 316 4066 doetrinae
342 3995 470 4078 fulgore
501 3996 739 4073 renitentibus,
773 3996 879 4058 sobrie
906 3996 1059 4058 tradatur.
1103 3996 1167 4058 Sed
1196 3996 1289 4057 etin

145 4077 211 4144 hoc
234 4077 447 4146 nihilominbs
471 4079 737 4160 circumspectam
758 4101 926 4140 monemus
949 4100 1017 4140 esse
1038 4089 1127 4144 tuam
1142 4079 1289 4161 pruden-

147 4159 248 4236 tiam,
269 4168 305 4220 ut
326 4161 365 4218 ab
389 4160 427 4222 iis
443 4163 498 4245 qui
522 4184 591 4223 eam
612 4161 839 4243 transcripturi
856 4157 960 4240 ¹suut,
989 4161 1031 4222 ita
1056 4162 1290 4232 transcribatur

149 4251 186 4326 ut
206 4263 266 4311 nec
289 4242 460 4332 depravata
478 4244 566 4332 'vitio
589 4243 753 4334 scriptoris
777 4266 838 4315 uec
863 4245 1053 4318 detruncata
1071 4244 1194 4332 abelis
1217 4244 1291 4316 fiat,
