2920 4972
325 322 361 375 s.
380 321 469 380 cns.
571 321 712 384 nsoun
733 325 973 398 snsnconun
1077 322 1139 384 rso.
1255 302 1301 378 71

231 459 328 521 ‘dum
347 483 415 524 esse
434 463 627 545 crediderit,
659 477 692 529 et
711 467 756 528 ibi
776 467 932 552 paulatim
951 472 1073 542 tentat,
1097 463 1163 546 qub
1185 464 1304 548 migra·

250 545 308 619 Vll,
326 547 484 628 perpetus
502 569 704 630 permanere,
720 551 857 612 ulteribs
880 551 1062 612 ministrare
1081 547 1187 625 debet,
1214 569 1305 631 prse-

250 625 360 695 sertim
380 627 406 688 si
421 630 460 690 ab
481 631 641 715 Episcopo
653 653 711 694 suo
725 634 765 696 ad
784 634 1017 696 revertendum
1035 630 1137 699 fuerit
1157 629 1305 700 exhortu-

249 718 309 776 tus.
351 711 449 788 Qubd
471 713 497 774 si
519 723 643 802 etpost
665 715 888 782 evocationem
908 715 958 778 sui
978 713 1131 796 Episcopi
1156 733 1221 772 non
1249 711 1304 770 ob-

248 791 368 870 audiat,
389 795 447 855 scd
464 799 733 879 perseveraverit,
759 799 908 862 omnibus
930 797 1032 858 modis
1057 795 1096 864 ab
1116 794 1226 855 officio
1249 793 1304 854 de-

246 873 326 956 poni
352 873 490 956 debere,
520 902 581 942 nec
611 881 786 964 aliquando
814 903 904 964 spem
931 877 1146 946 restitutionis
1172 877 1301 938 habere.

248 957 398 1039 siquem
420 961 499 1022 verb
522 973 595 1046 post
615 962 700 1033 banc
720 965 850 1046 culpam
871 963 1052 1047 depositum
1071 959 1155 1020 alius
1171 960 1303 1042 Episco-

243 1061 306 1122 Pus
330 1044 528 1124 susceperit,
555 1046 676 1129 etipse
699 1048 717 1106 l
745 1047 908 1108 communi
936 1045 1060 1130 synodo
1078 1062 1217 1125 poenam
1237 1064 1302 1103 me·

246 1122 372 1184 rebitur
397 1123 648 1212 increpationis,
674 1137 829 1211 tanquam
851 1125 1070 1192 ecclesiastica
1091 1125 1163 1186 iura
1190 1124 1302 1187 dissol-

218 1241 222 1248 ·
246 1226 337 1268 vens.

183 1312 312 1408 concil.
333 1289 537 1410 Chalcscan.
566 1317 611 1377 ιδ.
642 1316 836 1414 Peregrinos
860 1305 1005 1379 Clcricos
1032 1323 1065 1378 et
1087 1317 1236 1378 Lectores
1263 1313 1297 1411 iu

245 1397 353 1458 cliens
370 1397 512 1477 civitate,
536 1399 606 1460 sine
628 1402 791 1483 synodicis
810 1401 928 1464 litteris
947 1399 1100 1485 Episcopi
1121 1398 1183 1477 sni,
1208 1420 1300 1487 pens-

245 1477 297 1538 tbs
321 1499 481 1564 nusquam
501 1482 682 1545 ministrare
702 1505 804 1567 posse.

225 1609 274 1668 De
294 1609 514 1688 Presbyteris,
536 1613 745 1687 Diaconibus,
766 1611 822 1673 uel
840 1613 889 1673 tis
908 1613 963 1696 qui
982 1615 1016 1672 in
1039 1609 1130 1674 Clero
1153 1625 1233 1674 sunt.
1294 1637 1300 1696 3

473 1742 531 1803 Au
566 1757 687 1804 soros
722 1743 990 1804 Sscsnuorss.

245 1848 302 1911 IV.
323 1849 405 1912 Item
424 1848 458 1912 in
484 1849 595 1922 eadem
613 1850 737 1933 synodo
757 1847 968 1921 interdictum
987 1856 1035 1912 est
1048 1847 1248 1934 Presbyteris
1265 1859 1299 1913 et

160 1931 371 2008 Diaconibus,
389 1931 442 1993 vel
462 1933 612 1994 omnihus
630 1932 736 2014 quiin
751 1933 849 1993 Clero
864 1941 950 2009 sunt,
971 1931 1143 1993 mulierem
1159 1954 1225 1992 non
1243 1933 1299 1993 ha-

161 2014 238 2075 bere
259 2015 293 2073 in
304 2015 410 2076 domo
425 2036 483 2075 sua
497 2024 631 2098 propter
652 2015 889 2098 suspicionem,
919 2013 981 2075 nisi
998 2023 1150 2093 matrem,
1165 2025 1227 2090 ⁸aut
1243 2037 1298 2077 so-

161 2118 280 2174 rorem,
305 2098 356 2159 vel
376 2119 429 2164 eas
446 2098 572 2166 tautum
589 2119 742 2180 personas
762 2117 845 2179 quae
868 2096 1067 2180 suspiciones
1086 2097 1256 2180 effugiunt.

183 2193 282 2262 Coisc.
303 2203 373 2264 Nic.
394 2225 464 2266 can.
485 2205 514 2266 3.
546 2205 595 2264 De
618 2203 774 2286 suspectis
805 2202 882 2265 verb
912 2202 1105 2263 omnimodis
1130 2203 1298 2266 interdicit

243 2285 532 2368 sanctasynodus,
563 2306 669 2368 neque
685 2287 856 2369 Episcopo,
878 2306 985 2366 neque
1006 2286 1213 2368 Presbytero,
1235 2308 1296 2348 ne-

242 2389 307 2448 que
326 2367 485 2446 Diacono,
508 2389 616 2450 neque
640 2369 772 2430 omnino
790 2369 851 2429 ulli
870 2368 1084 2444 Clericorum,
1108 2369 1227 2430 habere
1249 2391 1297 2430 se·

244 2471 318 2517 cum
340 2452 512 2512 mulierem
531 2459 735 2534 extraneam
771 2453 832 2514 nisi
857 2451 938 2512 forte
962 2461 1064 2510 mater
1082 2451 1138 2527 sit,
1162 2461 1217 2514 aut
1242 2475 1295 2512 so-

145 2585 154 2601 ,
242 2555 313 2609 ror,
339 2533 505 2605 antevia3
536 2534 570 2593 in
595 2535 646 2597 his
667 2555 806 2617 nemque
830 2533 977 2618 personis
997 2533 1161 2594 etbarum
1183 2535 1296 2596 simili-

240 2616 301 2700 bus
321 2616 423 2676 omnis
444 2616 585 2700 suspicio
609 2617 802 2678 declinatur.
844 2616 909 2696 Qui
935 2626 1042 2680 autern
1061 2627 1190 2705 praeter
1214 2617 1294 2691 baec
1347 2617 1349 2624 '

242 2697 318 2780 agit,
338 2697 578 2782 periclitabitur
591 2700 636 2783 'de
658 2699 747 2761 clero
769 2722 836 2762 sno.
1069 2709 1071 2714 ’

636 2831 685 2889 De
706 2833 819 2898 usuris.
895 2887 900 2894 .

591 2935 867 3000 Onursut.

240 3040 280 3106 V.
301 3043 384 3104 ltem
401 3041 435 3102 in
452 3042 568 3106 eodem
580 3041 742 3120 Concilio,
764 3063 822 3104 seu
839 3042 873 3102 in
889 3041 1027 3104 decretis
1041 3043 1146 3126 Papae
1163 3043 1295 3120 Leonis,

158 3143 287 3186 necnon
308 3135 340 3186 ct
357 3127 391 3184 in
408 3125 587 3187 canonibus
604 3125 662 3206 qui
678 3123 833 3186 dicuntur
854 3125 1092 3207 Apostolorum,
1108 3125 1192 3185 sicut
1206 3135 1239 3186 et
1258 3127 1292 3185 in

157 3206 231 3286 lege
260 3209 328 3292 ipse
350 3209 510 3269 Dominus
534 3207 716 3292 praecepit,
747 3207 881 3270 omninb
907 3208 1055 3270 omnibus
1082 3208 1293 3270 interdictum

157 3298 206 3348 est
226 3289 266 3352 ad
284 3313 412 3353 usuram
427 3289 553 3374 aliquid
568 3291 656 3354 dare.

179 3396 367 3458 Concilio.
394 3419 529 3479 can.17.
562 3397 725 3474 Quoniam
749 3395 844 3474 multi
872 3396 992 3460 Clerici
1015 3397 1169 3464 avaritiae
1196 3399 1291 3460 sauss

238 3480 345 3562 turpis
358 3481 450 3540 lucra
468 3490 637 3558 sectantes,
655 3479 812 3560 oblitique
829 3479 933 3541 divini
950 3481 1113 3563 praecepti
1133 3481 1221 3562 quod
1239 3480 1292 3539 di-

237 3562 298 3622 cit:
328 3565 392 3647 Qui
403 3565 570 3647 pecuniam
586 3585 675 3624 suam
692 3584 756 3624 non
774 3561 865 3621 dedit
881 3561 927 3624 act
945 3583 1071 3622 usurum
1079 3608 1092 3635 ,
1114 3563 1290 3623 faeneran-

236 3653 285 3705 tes
304 3645 495 3708 centesimas
520 3646 675 3727 exigunt,
699 3645 810 3706 statuit
837 3645 899 3710 huc
925 3653 1072 3708 sanctum
1093 3645 1290 3722 Concilium,

235 3735 272 3786 ut
293 3727 320 3786 si
342 3728 418 3810 quis
438 3727 593 3795 iuventus
617 3729 717 3796 fuerit
737 3737 810 3810 post
831 3727 915 3787 hanc
934 3727 1157 3789 definitionem
1178 3749 1292 3800 usuras

211 3885 214 3894 Δ
237 3808 407 3892 accipere,
432 3811 486 3872 vel
507 3833 548 3873 ex
568 3812 717 3908 ‹puolibet
735 3811 792 3870 tali
811 3810 941 3892 negotio
958 3810 1065 3891 turpia
1081 3811 1172 3869 lucra
1192 3819 1292 3871 secta-

235 3891 285 3968 ri,
311 3893 365 3954 vel
385 3893 481 3954 etiam
505 3915 629 3978 species
645 3896 776 3976 frugum
795 3893 836 3952 ad
851 3892 1043 3975 sexcuplum
1065 3892 1161 3969 dare,
1181 3894 1292 3953 omnis

236 3974 295 4054 qui
312 3975 377 4036 tale
403 3976 530 4058 aliquid
554 3987 754 4039 commentus
778 3976 878 4036 fuerit
895 3976 936 4036 ad
956 3984 1136 4056 quaestum,
1163 3974 1292 4048 abscin-
1349 4039 1351 4046 ,

236 4057 333 4116 datur
352 4078 394 4118 ex
412 4059 513 4138 clero,
530 4069 563 4122 et
576 4059 702 4120 alicnus
715 4059 756 4130 ¹ab
772 4059 989 4122 ecclesiastico
1006 4057 1162 4118 habeatur
1179 4057 1293 4150 gradu,

174 4163 252 4230 Gan.
269 4173 368 4245 apost.
387 4166 440 4242 44.
471 4165 672 4250 Episcopus,
699 4167 890 4248 Presbyter,
918 4175 973 4226 aut
992 4166 1156 4242 Diaconus
1179 4187 1292 4226 usurus

233 4247 251 4318 t
273 4247 474 4322 debitoribus
496 4250 641 4334 exigens,
668 4259 723 4317 aut
743 4249 880 4327 desinat,
898 4259 954 4321 ant
971 4249 1058 4321 certe
1082 4249 1262 4322 (ieiunetur.
