2920 4972
268 323 305 378 A.
326 321 417 378 CHR.
519 315 653 373 REGUM
674 315 909 373 FRANCORUM
1015 313 1073 374 Tt't
1209 299 1255 366 25

158 599 162 606 ι
253 509 412 587 luctamur
436 545 608 608 eassorcra
629 526 789 587 Csmruca
816 546 853 586 ur
876 546 980 586 sonuu
1005 543 1130 584 auarus.
1171 567 1174 572 .

497 641 546 700 De
579 642 724 724 exposito
758 639 889 722 infante.

101 835 104 841 ,
137 775 141 782 ’
176 785 200 845 l.
222 781 254 843 si
271 780 435 863 expositus
453 789 526 842 ante
537 778 716 846 Ecclesiam
732 781 956 862 cuiuscunque
974 779 1074 842 fuerit
1089 777 1261 841 miseratio·

136 887 177 926 ne
198 864 365 938 collectus,
387 863 628 927 contestationis
647 874 754 946 ponat¹
767 864 923 926 collector
945 863 1121 945 epistolam.
1162 863 1204 922 Et
1235 856 1263 922 si

133 948 237 1028 isqui
259 947 415 1008 collectus
446 954 503 1022 est,
534 947 616 1006 intra
649 949 761 1008 decem
794 947 861 1008 dies
884 946 1047 1027 quaesitus
1069 943 1261 1025 agnitusque

133 1052 200 1100 non
222 1028 333 1104 fuerit,
356 1047 487 1088 securus
508 1027 624 1090 habeat
645 1029 702 1110 qui
720 1029 862 1112 collegit.
903 1028 987 1090 Sane
1008 1027 1065 1108 qui
1082 1037 1154 1106 post
1167 1047 1262 1110 prae-

132 1111 265 1185 dictum,
275 1120 404 1191 ¹tempus
420 1109 490 1190 eius
505 1111 717 1182 calumniator
730 1112 885 1190 extiterit,
902 1119 939 1172 ut
953 1109 1117 1174 homicida
1136 1110 1265 1174 mannae

132 1194 234 1274 bitur,
256 1195 341 1257 sicut
357 1193 489 1258 Petrum
511 1194 619 1266 sanxit
630 1195 810 1260 auctoritas.

474 1335 524 1396 Dc
544 1337 713 1416 trigesimis
731 1346 935 1402 mortuorum.

217 1444 257 1504 ΙΙ.
299 1440 429 1503 Fideles
457 1463 517 1522 pro
545 1442 707 1503 defunctis
730 1441 840 1504 amicis
870 1441 991 1502 ieiunia
1025 1448 1057 1502 et
1085 1437 1263 1504 oblationes

133 1525 268 1607 triginta
290 1523 403 1586 diebus
417 1523 586 1607 adimpleri
600 1525 730 1602 faciant,
756 1536 788 1587 et
806 1534 969 1584 mortuum
984 1543 1082 1606 super
1101 1532 1264 1582 mortuum

136 1631 203 1668 nou
251 1615 359 1683 ouant,
389 1628 450 1668 nec
473 1628 557 1684 ossa·
573 1608 801 1670 defunctorum
823 1629 921 1698 super
949 1617 1067 1668 terram
1093 1605 1264 1666 dimittant.

75 1742 78 1746 .
137 1630 249 1771 Quodp
255 1691 282 1752 si
297 1688 436 1752 feceriut
456 1690 630 1752 canonicae
645 1692 823 1756 sententiae
835 1690 1056 1752 subiacebunt.

538 1830 587 1891 De
605 1831 734 1892 muliere
757 1833 863 1892 enixa.
884 1861 887 1870 ν

144 1923 148 1942 ”
222 1936 280 1996 llI.
319 1923 403 1996 'cam
421 1919 639 1999 enixa'fnerit
666 1935 795 2014 mulier,
820 1937 849 2006 si
881 1934 987 1996 statim
1018 1903 1266 2016 ac'turagratias

141 2020 242 2078 intrat
256 2016 654 2096 Ecclesiam,'nullo⁴hiric
682 2017 807 2102 peccati
827 2018 972 2161 pondere
994 2024 1154 2098 gravatur.
1203 2015 1265 2076 Vo-

141 2102 248 2182 luptas
269 2101 357 2161 enim
381 2101 495 2178 carnis,
512 2123 578 2162 nou
594 2102 698 2179 dolor,
723 2103 757 2163 iu
784 2124 879 2184 cupa
907 2109 970 2171 cst;
1000 2101 1034 2159 in
1061 2095 1162 2182 prolis
1190 2095 1286 2156 veri)-

140 2183 322 2266 prolatione
341 2181 476 2265 gemitus
498 2181 554 2245 est.
594 2184 631 2247 'Si
653 2177 761 2267 itaque
784 2181 912 2247 enixam
925 2181 1095 2242 mulierem
1117 2175 1268 2262 prohibe-

142 2287 215 2326 mus
231 2265 350 2327 intrarc
374 2265 564 2346 Ecclesiam,
580 2263 681 2350 ipsam
699 2269 729 2329 ei
746 2289 882 2352 poenam
898 2285 986 2328 suam
1009 2264 1043 2324 in
1067 2262 1195 2345 culpam
1215 2259 1269 2320 de-

142 2357 301 2430 putamus.
508 2421 509 2426 ἵ

420 2431 469 2516 Da
492 2429 623 2518 Ctericis
639 2437 695 2518 qui
721 2454 840 2512 comam
859 2433 1010 2502 nutriunt.

226 2561 282 2622 lv.
324 2559 490 2624 Sancitum
502 2571 551 2623 cst
571 2573 608 2624 ut
627 2564 748 2626 Clerici
763 2564 820 2648 qui
833 2583 956 2625 comam
973 2560 1135 2638 nutriunt,
1151 2559 1190 2620 ab
1212 2563 1268 2618 Ar-

143 2642 348 2720 chidiacouo,
372 2644 432 2704 etsi
460 2645 637 2726 noluerint,
662 2647 758 2710 inviti
778 2645 1026 2710 detondeantur.
1068 2644 1270 2709 Vestimenta

143 2725 224 2792 verb
242 2725 522 2868 l³}.⁰³¹{i³¹¹¹⁶¹¹l³
540 2727 597 2808 eis,
620 2729 682 2792 nisi
696 2752 778 2814 quae
793 2723 985 2809 religionem
1003 2731 1150 2803 deceant,
1167 2725 1269 2788 habe-¹

142 2829 179 2875 re
198 2829 264 2878 non
300 2829 392 2868 scca.
460 2855 462 2862 .
1059 2841 1060 2844 =

401 2983 403 2988 .
421 2927 471 2986 De
486 2927 711 2990 Sacerdotibus
724 2907 780 3014 qui
797 2930 983 3012 demigrant.
1053 3013 1054 3019 ἵ

221 3055 262 3117 V.
303 3058 351 3116 De
390 3056 615 3119 Sacerdotibus
643 3059 701 3143 qui
736 3081 810 3122 suos
838 3061 950 3124 titulos
981 3061 1100 3141 absque
1136 3055 1270 3116 licentia

140 3135 291 3219 Episcopi
307 3139 471 3198 dimittunt
487 3149 541 3199 aut
557 3141 760 3220 dimiserunt,
782 3153 934 3204 statutum
964 3151 1074 3204 estut
1100 3139 1219 3200 tamdiu
1252 3140 1270 3198 d

139 3219 369 3280 communione
411 3219 592 3286 habeantur
621 3225 731 3304 alieni,
769 3247 937 3308 quousque
973 3225 1013 3286 ad
1051 3245 1123 3291 suos
1160 3223 1270 3284 titulos

140 3311 355 3367 revertantur.
1271 3329 1274 3335 ·

326 3419 328 3424 ,
438 3387 486 3462 De
500 3387 570 3448 loco
597 3389 752 3454 laicorum
774 3391 807 3448 in
822 3389 973 3452 Ecclesia.

224 3516 279 3580 Vl.
321 3515 408 3579 Laici
435 3537 528 3578 secus
557 3519 656 3578 altare
686 3519 771 3579 intra
797 3519 975 3596 cancellos,
997 3530 1061 3580 tam
1082 3519 1122 3580 ad
1146 3517 1269 3600 vigilias

143 3599 241 3690 quam
262 3597 302 3657 ad
324 3597 444 3677 Missas,
465 3608 548 3661 stare
566 3601 695 3689 penitius
718 3623 784 3662 uon
802 3612 1015 3691 praesumant.

506 3717 555 3776 De
574 3719 677 3778 servis
703 3716 904 3780 Clericorum.

223 3821 295 3883 Vll.
337 3821 682 3898 Ecclesiarumservos
712 3823 766 3886 vel
786 3823 1021 3906 Episcoporum
1041 3825 1093 3885 vel
1122 3823 1269 3884 Clerico-
1344 3827 1347 3833 “

143 3924 214 3962 rum
234 3905 252 3964 a
272 3903 438 3964 lodicibus
457 3905 509 3964 vel
535 3903 705 3966 Actoribus
719 3905 858 3990 publicis
876 3907 909 3965 in
925 3907 1058 3968 diversis
1074 3906 1211 3988 angariis
1226 3907 1270 3963 fa-

143 3987 236 4066 tigari
259 3985 592 4068 divindprohihemus
623 3989 820 4050 auctoritate.
862 3988 896 4049 si
925 3989 998 4069 quis
1018 4010 1096 4050 vero
1121 3988 1269 4055 Indicum

142 4070 197 4127 vel
227 4068 381 4129 Actorum
408 4067 572 4128 Clericum
602 4080 657 4130 aut
688 4076 816 4132 servum
839 4070 1016 4132 clericilem
1037 4070 1200 4132 Ecclesiae
1234 4071 1267 4128 in

141 4151 281 4230 publicis
304 4152 356 4211 vel
380 4151 512 4232 privatis
547 4153 682 4234 negotiis
707 4153 849 4212 volucrit
870 4175 1038 4237 occupare,
1065 4155 1103 4214 ab
1124 4149 1269 4214 Ecclesm

143 4233 197 4292 cui
224 4233 489 4317 impedimentum
514 4235 602 4314 facit,
624 4235 974 4300 efficiaturextraneus.
1029 4273 1031 4278 ·
