2952 4988
217 350 293 429 264
471 371 508 431 s.
527 370 615 431 cna.
727 369 985 430 csrrrnanua
1087 369 1150 428 sn.

218 513 345 592 vineas,
371 511 493 576 sociant
508 515 674 600 pomaria,
696 522 730 578 et
748 511 937 598 ubicunqne
963 509 1137 574 invenient
1153 509 1253 574 utiles
1274 511 1353 574 ullos
1440 493 1441 502 ἵ

218 595 386 674 homines,
414 595 513 658 detur
532 598 599 662 illis
618 621 633 660 s
656 597 708 662 lvo
729 597 769 658 ad
788 596 1006 680 stirpandum,
1029 601 1065 654 nt
1086 603 1234 658 nostrum
1255 595 1354 656 servi-

220 679 304 740 tium
326 677 570 742 inmelioretur.
624 620 667 744 lit
698 689 735 742 ut
765 679 905 741 feminee
929 686 1077 756 nostrae,
1106 699 1190 760 qnae
1215 678 1259 740 ad
1282 699 1355 760 opus

221 771 367 824 nostrum
387 770 465 823 sunt
479 763 670 838 servientes,
691 761 834 824 babeant
852 783 893 824 ex
907 759 1054 846 partibus
1071 760 1189 822 uostris
1205 761 1314 820 lanam
1326 769 1355 821 et

219 844 339 922 linum,
357 852 390 906 et
406 843 529 908 faciant
548 847 694 910 sarcillos
713 857 745 908 et
764 845 943 920 camisiles,
971 853 1004 906 et
1027 841 1222 927 perveniant
1241 844 1283 904 ad
1306 865 1354 904 ca·
1440 903 1441 914 ,

219 945 341 990 meram
370 937 512 990 nostram
534 951 595 1014 per
621 929 780 992 rationem
800 949 861 1014 per
876 927 1004 990 villicos
1024 935 1151 1020 nostros
1170 935 1227 988 aut
1247 925 1354 988 Missos
1439 955 1440 958 ¹

220 1030 336 1074 eorum
357 1009 376 1072 d
398 1031 434 1074 se
454 1011 666 1076 uansmissos.

428 1117 479 1180 De
500 1139 537 1182 eo
558 1119 615 1202 qai
631 1139 743 1200 parem
761 1138 851 1180 saum
870 1115 1026 1180 adiuvare
1041 1115 1154 1181 noluit.

240 1303 248 1324 ·
304 1225 377 1287 XX.
417 1223 461 1288 Et
481 1224 601 1308 siquis
622 1223 673 1304 (de
697 1223 848 1322 fidelibus
876 1224 1051 1304 nostrisy)
1074 1231 1189 1285 contra
1217 1221 1357 1320 adpensa-

220 1307 1027 1474 tttttttsttttbltil‘tlllssttttl
1041 1305 1356 1452 ,ztt'dtlet

219 1473 306 1536 riuus
321 1471 534 1556 praebuisset,
557 1483 590 1536 et
609 1474 666 1536 ille
687 1473 805 1549 noluit,
831 1482 864 1536 et
882 1474 1002 1536 exinde
1027 1471 1196 1556 negligens
1210 1493 1356 1555 perman-

219 1555 274 1654 sit,
302 1555 409 1652 ipspm
423 1555 620 1652 beneficium
641 1557 739 1700 (guod.
750 1555 874 1635 babuit,
901 1558 1069 1653 anferatur
1081 1554 1121 1616 ab
1138 1575 1190 1633 eo,
1212 1563 1249 1616 et
1269 1555 1356 1619 detur

222 1658 254 1702 er
277 1657 336 1722 qur
359 1659 393 1699 ιιι
409 1639 584 1702 stabilitate
600 1649 633 1702 et
675 1641 807 1702 delatate
826 1661 885 1702 sna
903 1649 1088 1723 permansit.

356 1801 628 1868 GAPlTULARE
661 1805 855 1868 TERTIUM
881 1803 982 1868 ANNI
1009 1805 1215 1872 ncccxln.

1434 1713 1441 1860 l

223 1935 309 2012 Sive
334 1935 503 2032 Capitulu
531 1939 671 2010 XLVI.
705 1941 751 2010 de
785 1941 901 2012 censis
934 1944 1147 2014 necessariis
1174 1941 1357 2012 Ecclesiae
1440 1961 1441 1966 ’

295 2035 371 2108 Dei
389 2048 427 2108 et
444 2040 579 2132 populo
592 2039 827 2131 Christiano,
848 2041 956 2130 duta,
982 2053 1023 2112 ut
1037 2043 1205 2128 ridetur,
1233 2042 1357 2134 Aquis·
1439 2055 1441 2140 3

293 2137 401 2230 grani
419 2137 458 2208 in
471 2139 634 2231 generali
647 2141 775 2233 populi
790 2153 988 2229 conventu,
1007 2165 1101 2212 anno
1112 2139 1355 2225 DCCCXIII,
1440 2181 1441 2200 r

601 2261 726 2309 mense
744 2239 962 2332 Septembri.

224 2381 373 2456 Notitia
405 2384 467 2456 vel
497 2383 807 2556 Commernaggatio
840 2387 888 2456 de
902 2387 996 2583 >illis
1033 2411 1128 2481 quoe
1164 2385 1355 2459 admoneri

741 2495 813 2559 ent.
864 2511 891 2558 a

300 2635 332 2759 ιι·
373 2605 420 2722 1n
433 2661 542 2808 primo
563 2663 706 2749 capitulo
725 2663 765 2728 de
788 2663 891 2728 causis
907 2663 1094 2742 Ecclesiae,
1112 2672 1144 2724 et
1161 2663 1201 2726 de
1217 2662 1286 2726 illis
1301 2661 1356 2725 Dei

223 2763 325 2808 servis
347 2743 406 2826 qni
431 2767 442 2806 ι
467 2745 553 2808 idem
577 2747 786 2826 deserviunt,
819 2747 866 2810 sic
891 2745 1046 2811 babemus
1068 2745 1231 2844 qpomodo
1257 2745 1356 2809 etalii

223 2825 486 2972 ffln⁰ih⁰b⁰¹¹i
513 2831 562 2894 De
576 2830 686 2894 banno
706 2829 888 2912 dominico,
910 2829 1061 2894 similiter
1075 2839 1161 2893 sicut
1174 2829 1231 2892 alii
1244 2826 1356 2892 Franci

288 2931 328 2972 en
794 2947 798 2953 ·

306 3019 348 3082 ll.
389 3017 456 3098 Qui
480 3017 646 3082 hominem
665 3021 828 3084 Francnm
853 3019 1026 3098 ceciderit,
1051 3019 1172 3082 solidos
1193 3027 1354 3084 sexcentos

224 3111 397 3248 ppssponap
415 3102 456 3165 ud
474 3123 555 3188 opus
572 3099 791 3184 dominicum,
814 3111 849 3166 et
862 3123 922 3188 pro
944 3103 1038 3166 sredo
1059 3102 1181 3166 solidos
1204 3103 1355 3166 ducentos

298 3205 406 3268 pona.

305 3292 365 3354 Ill.
407 3291 473 3372 Qui
489 3291 656 3354 hominem
674 3289 856 3374 ingenuum
874 3291 1050 3370 occiderit,
1065 3291 1188 3356 solidos
1204 3293 1354 3356 ducentos

211 3383 412 3460 conponat,
436 3385 469 3438 et
481 3374 600 3437 exinde
616 3375 651 3435 in
670 3375 834 3438 dominico
850 3375 979 3436 tertiam
997 3385 1120 3458 partem
1139 3385 1319 3459 componat.

306 3458 363 3520 lv.
404 3458 472 3536 Qui
497 3459 601 3520 lidum
621 3457 793 3536 occiderit,
822 3457 942 3520 solidos
964 3469 1098 3520 centum
1118 3467 1306 3544 componat,
1327 3461 1354 3516 et

224 3539 344 3604 exinde
362 3537 396 3598 in
417 3541 581 3602 dominico
598 3541 726 3602 tertium
746 3549 871 3625 partem
892 3551 1073 3624 componat.

306 3625 348 3688 V.
391 3624 457 3702 Qui
485 3645 617 3688 servom
646 3624 825 3700 occiderit,
854 3625 974 3686 solidos
1010 3623 1250 3708 quinquaginta
1274 3643 1353 3686 coru·

223 3717 333 3789 ponat.
374 3707 504 3770 Exinde
524 3708 558 3768 in
581 3707 764 3785 dominico,
794 3707 880 3770 sicut
898 3707 1058 3785 diximus,
1082 3708 1212 3769 tertiam
1240 3715 1353 3790 partem

223 3799 404 3873 componat.

306 3873 363 3935 vl.
404 3871 440 3934 si
455 3861 528 3954 quis
542 3871 656 3933 Comes
673 3872 705 3932 in
722 3893 780 3934 suo
803 3871 954 3934 comitatu
974 3871 1098 3934 occisus
1111 3871 1281 3950 fuerit,in
1297 3881 1353 3932 tres
1436 3859 1437 3935 l

199 4019 201 4024 ,
222 3955 435 4038 weregildus,
457 3955 542 4018 sieut
555 3978 612 4017 sua
626 3955 775 4018 nativitas
801 3965 870 4034 est,
893 3977 1090 4038 componere
1109 3955 1216 4044 iaciat.

252 4193 295 4254 y)
321 4187 429 4238 Desunt
446 4186 475 4237 in
494 4187 527 4238 al.
545 4201 591 4237 ms.
672 4162 679 4174 .
905 4194 960 4236 est:
971 4185 1079 4237 Neritia
1088 4187 1136 4238 vel
1145 4183 1354 4238 commemoratio

258 4261 294 4321 z)
317 4256 351 4306 nl.
371 4274 417 4308 nas.
438 4257 616 4324 comparibus.
905 4255 938 4307 de
950 4256 1000 4306 illa
1013 4273 1090 4308 euwa
1109 4273 1224 4328 quaese
1241 4255 1355 4311 adame·
1434 4325 1435 4328 Ἴ

260 4325 353 4385 a)1n
376 4341 430 4376 uuo
453 4327 519 4378 Cod.
539 4323 701 4382 nariodus
719 4323 766 4380 hio
884 4344 957 4418 'rem
975 4326 1064 4380 babet.
