2928 4986
226 353 262 412 a
281 349 369 410 car.
478 349 616 409 arouu
637 347 873 407 srsucoruu
977 345 1039 408 sn.
1151 323 1226 399 339

170 489 267 555 VIII.
301 495 357 556 'De
376 493 490 558 XLVI.
513 493 668 578 capitulo,
696 491 806 577 idest,
826 487 1029 574 quiriduam
1054 487 1088 550 in
1110 486 1227 550 coniu-

77 573 178 657 gium
193 576 341 660 accipere
362 578 445 655 vult,
475 577 705 649 iudicaverunt
725 596 837 637 ornnes
863 583 900 634 ut
928 593 994 634 non
1019 571 1063 633 ita
1084 571 1170 634 sicut
1190 569 1226 628 in

75 659 161 740 lege
179 659 286 720 Salica
311 659 466 742 scriptum
494 669 542 721 est
568 681 638 720 cam
668 657 815 740 accipiat,
839 657 896 718 sed
917 677 991 718 cum
1016 664 1228 737 parentorum
1265 728 1267 734 Ι

75 755 250 802 consensu
265 750 298 802 et
314 741 493 820 voluntate,
515 742 606 804 velut
631 763 734 824 usque
762 761 850 801 nunc
873 748 1090 802 antecessores
1113 756 1230 799 eorum

74 823 249 900 fecerunt,
269 823 303 882 in
320 825 513 907 coniugium
526 825 588 887 sibi
607 845 677 886 eam
691 831 804 886 sumat.

73 930 141 990 De
164 929 294 990 XLVII.
312 931 483 1012 capitulo..
511 933 567 994 ,Dc
589 951 625 992 eo
647 931 704 1014 qui
722 928 834 990 villam
862 926 992 988 ulterius
1017 924 1229 1012 occupaverit.

169 1032 230 1096 IX.
272 1037 321 1098 De
336 1037 398 1098 hoc
412 1035 556 1119 capitulo
570 1035 800 1098 iudicaverunt
811 1043 846 1095 ut
856 1033 967 1096 nullus
981 1033 1093 1094 villam
1110 1041 1230 1094 autres

76 1117 223 1178 alterius
239 1118 398 1200 migrandi
414 1120 515 1202 gratia
530 1141 591 1202 per
613 1140 714 1180 annos
730 1127 843 1179 tenere
858 1117 911 1177 vel
930 1117 1094 1198 possidere
1112 1113 1229 1198 possit3

77 1201 147 1262 sed
165 1199 199 1260 in
219 1221 416 1284 quacunque
433 1201 485 1264 die
501 1203 630 1265 invasor
644 1201 775 1262 illarum
793 1221 903 1262 rerum
922 1198 1146 1282 interpellatus
1161 1193 1232 1258 Iuo-

80 1283 144 1360 rit,
174 1289 232 1342 aut
251 1283 379 1345 easdem
394 1305 447 1346 res
462 1285 633 1368 quaerenti
660 1284 785 1362 reddat,
801 1291 857 1344 aut
876 1303 940 1362 cas,
959 1281 987 1346 si
1007 1289 1123 1367 potest,
1139 1279 1231 1342 iuxta

80 1367 198 1448 legem
215 1387 248 1428 sc
268 1365 477 1428 defendendo
495 1367 557 1428 sibi
576 1367 739 1432 vendicet.

244 1471 300 1534 De
322 1469 486 1552 qffstomie
509 1471 665 1534 dixerunt
683 1469 773 1554 pseud
792 1467 925 1532 traditio
947 1465 1078 1555 suisset.

173 1572 217 1636 X.
257 1577 307 1637 De
327 1574 391 1637 hcc
416 1576 560 1658 capitulo
587 1577 766 1638 iudicatum
788 1586 837 1638 est
859 1585 895 1636 ut
916 1575 1000 1638 sicut
1020 1597 1080 1658 per
1101 1575 1232 1659 longam

85 1657 364 1719 consuetudinem
379 1668 598 1722 antecessores
616 1681 730 1722 eorum
748 1659 904 1722 facientes
924 1657 1122 1736 habuerunt,
1143 1659 1186 1719 ita
1199 1667 1233 1720 et

86 1759 204 1802 omnes
230 1739 287 1822 qui
307 1741 380 1824 lege
399 1742 504 1804 Salical
522 1743 638 1806 visunt
657 1744 787 1804 inantecl
806 1741 945 1802 habeant
961 1751 993 1802 et
1007 1740 1138 1802 iaciant.

175 1820 237 1884 xl.
277 1825 320 1885 Et
338 1823 403 1885 hoc
423 1825 663 1904 iudicaverunt,
680 1835 716 1886 ut
730 1826 757 1887 si
778 1846 891 1886 servus
906 1823 1049 1885 chartam
1076 1822 1232 1905 Ingenui-

87 1903 166 1966 tatis
187 1905 353 1984 adtulerit,
375 1907 403 1968 si
420 1929 530 1972 servus
552 1908 697 1970 eiusdem
713 1907 841 1969 chartae
863 1915 1027 1969 auctorem
1049 1904 1233 1988 legitimum

87 1988 213 2052 habere
236 2011 303 2058 non
320 1990 476 2074 potuerit,
497 1990 628 2053 domino
644 1991 729 2054 servi
750 1990 850 2075 ipsam
879 1987 1022 2052 chartam
1046 1989 1162 2052 falsare
1188 1989 1232 2050 li-

90 2080 177 2132 scat.

176 2149 257 2215 XII.
279 2155 321 2215 Et
333 2155 397 2219 hoc
408 2153 649 2234 iudIcaverunt,
664 2165 700 2218 ut
714 2155 817 2218 omnis
827 2155 884 2240 qui
894 2152 986 2216 alteri
999 2153 1124 2236 aliquid
1134 2175 1233 2240 quse-

88 2234 146 2312 ril,
159 2235 324 2298 licentiam
333 2237 544 2324 habeatprius
558 2260 615 2302 sua
631 2239 814 2301 testimonia
828 2239 1009 2322 producere
1023 2247 1135 2298 contra
1146 2259 1231 2300 eum.

87 2318 132 2378 Et
151 2317 177 2379 si
198 2319 255 2380 ille
276 2320 329 2381 cui
344 2322 513 2404 quaeritur
532 2323 654 2384 dixerit
676 2322 764 2404 quod
791 2321 917 2404 legibus
943 2327 1053 2381 teneat
1084 2341 1122 2380 ea
1146 2339 1231 2402 quae

88 2408 194 2478 tenet,
214 2411 246 2462 et
265 2405 344 2464 talia
362 2413 437 2466 sunt
449 2405 634 2468 testimonia
653 2404 710 2488 qui
730 2404 794 2466 hoc
809 2403 968 2466 veraciter
980 2401 1147 2464 adfirmare
1159 2423 1232 2484 pos·

89 2482 169 2558 sint,
199 2484 428 2552 iudicaverunt
451 2497 488 2548 ut
514 2488 613 2550 huius
643 2488 692 2550 rei
724 2487 843 2550 veritas
877 2485 1058 2548 secundum
1088 2485 1231 2568 capitula

90 2566 212 2624 Domni
232 2567 448 2652 Imperatoris,
470 2591 554 2654 quae
575 2571 666 2656 prius
688 2591 748 2654 pro
780 2570 853 2654 lege
878 2567 1020 2632 tenenda
1049 2567 1230 2646 constituit,

90 2646 141 2706 rei
158 2657 275 2713 ventas
299 2654 536 2737 comprobetur.

247 2839 513 2904 CAPITULARE
535 2839 745 2922 QUARTUM
764 2839 866 2902 ANNI
887 2837 1087 2902 ccccxlx.

91 2945 286 3040 Incipiunt
315 2938 491 3045 Capituiu
516 2975 612 3045 quoe
632 2974 705 3045 per
728 2973 768 3020 sc
791 2948 992 3022 scribenda
1017 2961 1053 3020 et
1077 2949 1127 3020 cb
1154 2972 1229 3020 om·

413 3049 522 3122 nibus
547 3049 784 3124 obseruanda
809 3060 906 3120 suut.
965 3067 967 3074 ’

119 3218 143 3256 ¹·
217 3245 233 3284 c
245 3223 416 3311 forcapiis.
704 3227 735 3290 6.
755 3227 804 3288 De
823 3227 988 3310 mancipiis
1009 3229 1043 3288 in
1056 3226 1152 3288 villus
1166 3227 1229 3290 dc·

114 3331 143 3370 2.
165 3309 215 3368 De
234 3320 319 3370 terra
335 3311 511 3372 tributario.
769 3311 900 3370 minicae
924 3309 1177 3392 confugientibus
1291 3343 1294 3352 =

113 3394 143 3454 3.
165 3392 214 3452 De
228 3391 390 3477 beneficiis
410 3392 587 3456 destructis.
707 3413 736 3474 7.
757 3393 807 3452 Dc
823 3390 1003 3472 forestibus
1027 3395 1155 3454 nouiter
1176 3393 1229 3456 in·

114 3475 144 3549 4.
166 3473 215 3533 De
231 3487 318 3534 terra
336 3475 471 3537 censetis
769 3475 899 3535 stitutio.
1217 3491 1218 3495 ’

115 3557 144 3620 5.
166 3556 214 3615 Dc
231 3559 373 3620 nonisct
390 3557 530 3620 decimis.
705 3557 735 3620 8.
756 3557 806 3617 Dc
835 3549 994 3640 pontibus‘
1010 3579 1071 3640 per
1098 3548 1229 3620 diuersa

765 3641 836 3702 locu
851 3637 1066 3701 emendandis.

195 3739 358 3808 Iuc1r1urr
381 3766 609 3810 surssscnrrrs
631 3747 793 3809 Carrrurs
814 3767 852 3806 er
875 3766 980 3808 norun
1004 3765 1130 3812 rsxrus.

544 3856 601 3919 Dc
624 3854 795 3940 forcapiis.

176 3956 202 4018 l.
246 3957 281 4018 Si
300 3959 461 4042 mancipia
481 3949 628 4024 dorninos
641 3982 716 4022 suos
735 3959 882 4042 fugerint
903 3959 938 4020 in
964 3959 1104 4021 alienam
1120 3969 1230 4044 potes·

97 4049 203 4118 tatem,
223 4043 438 4126 praecipimus
457 4052 493 4103 ut
514 4053 648 4125 propter
662 4043 725 4104 hoc
740 4042 871 4103 nullum
894 4044 1074 4125 praemium
1095 4043 1232 4128 accipiat

96 4125 150 4185 ille
171 4123 204 4182 in
227 4124 319 4186 cuius
338 4133 492 4209 potestate
509 4126 634 4188 fuerint
649 4125 794 4202 inventa,
808 4145 868 4206 pro
884 4145 922 4186 eo
937 4125 1022 4207 quod
1039 4147 1076 4189 ea
1090 4127 1144 4190 vel
1160 4127 1233 4190 red·

97 4205 214 4268 diderit
227 4207 281 4268 vel
303 4209 388 4270 foras
405 4209 548 4272 eiecerit.
589 4209 633 4272 Et
652 4229 717 4270 non
739 4206 845 4270 solum
867 4207 941 4288 hoc,
963 4209 1021 4270 sed
1041 4208 1178 4272 etiamsi
1195 4231 1233 4271 cu

97 4309 155 4355 uec
173 4289 310 4356 reddere
326 4311 387 4358 uec
406 4293 491 4358 foras
507 4292 613 4358 eicere
635 4291 786 4372 voluerit,
807 4298 839 4354 et
863 4291 1008 4376 legitimo
1032 4292 1165 4357 domino
1194 4313 1233 4356 cu
