2920 4972
271 380 308 439 A.
327 377 413 437 cun.
517 381 657 440 secun
675 383 913 442 rrauconuu
1018 383 1078 442 sss.
1198 369 1247 442 37

117 523 259 586 ctionem
271 517 428 606 prolatae,
450 523 477 586 si
499 544 610 586 earum
632 524 830 588 sanctissima
845 525 916 586 iure
930 525 1248 608 perseverassentil-

118 610 212 670 laesa.
263 607 329 668 Sed
357 605 434 688 quia
460 607 701 690 emergentibus
729 609 833 670 causis
857 607 1051 691 quibusdam
1079 631 1143 669 non
1176 631 1251 669 con·

117 691 221 774 gruis,
252 699 462 774 temporeque
485 690 635 771 inquieto
648 691 913 774 superveniente,
936 690 1073 774 contigit
1091 691 1250 752 nonnulla

115 797 158 836 ex
176 773 235 834 hac
249 794 285 834 re
299 772 500 856 negligentia
517 772 659 836 faciente
682 775 781 836 fuisse
801 774 994 850 intermissa,
1017 775 1158 856 ideoque
1183 775 1248 852 glo-

114 857 305 918 riosissimus
331 865 427 938 atque
452 857 522 916 Deo
550 857 722 940 religiosus
753 857 883 918 illuster
907 858 958 919 vir
971 856 1150 940 Pippinus,
1179 857 1248 918 Rex

111 941 324 1016 Francorum,
347 939 515 1001 universos
529 939 614 1022 pene
630 939 810 1000 Galliarum
825 939 1003 1023 Episcopus
1020 938 1185 1024 aggregari
1205 941 1252 1000 fe-

110 1023 155 1082 cit
180 1022 222 1084 sd
249 1022 436 1088 Concilium
463 1022 582 1088 Vernis
605 1023 760 1104 palatium
783 1032 817 1097 o)
841 1023 1028 1105 publicum,
1054 1041 1247 1104 recuperare

108 1105 348 1188 aliquantisper
374 1103 510 1187 cupiens
543 1105 688 1166 instituta
717 1105 883 1167 canonica.
932 1107 975 1168 Et
1004 1105 1082 1188 quia
1111 1105 1247 1166 facultas

105 1187 204 1250 modo
227 1211 294 1250 uon
318 1186 462 1270 suppetit
482 1189 522 1251 ad
540 1188 724 1284 integrum,
746 1196 853 1249 tamen
874 1189 984 1271 aliqua
1004 1210 1043 1249 ex
1064 1197 1154 1270 parte
1176 1189 1249 1248 vult

105 1291 174 1332 esse
193 1281 377 1336 correctum
396 1270 483 1353 quod
498 1271 662 1334 Ecclesiae
679 1272 740 1333 Dei
757 1271 851 1332 valde
867 1271 1073 1354 cognoscitur
1089 1291 1157 1332 esse
1171 1291 1248 1348 cop-

103 1351 255 1414 trarium.
296 1355 339 1416 Et
361 1354 388 1414 si
408 1364 549 1435 tempora
571 1375 685 1416 serena
705 1354 870 1436 spatiaque
891 1354 1067 1437 tranquilla
1088 1353 1247 1414 (livinitus

102 1437 233 1498 fuerint
256 1437 288 1504 ei
309 1438 444 1514 collata,
467 1437 558 1518 cupit
577 1438 616 1500 ad
636 1437 771 1518 plenum
790 1437 969 1498 seeundum
991 1447 1176 1498 sanctorum
1192 1458 1246 1498 ca-

103 1541 229 1598 nones,
262 1520 393 1603 plenius
414 1519 593 1601 opitulante
615 1515 727 1582 divinat
747 1520 866 1600 gratie,
895 1521 1028 1594 melitis,
1057 1520 1246 1602 perfectius,

102 1599 302 1684 integreque
333 1604 461 1664 inantea
489 1623 690 1664 conservare.
744 1605 787 1664 Et
811 1603 884 1664 cum
913 1603 955 1663 ita
983 1605 1105 1664 factum
1135 1601 1246 1679 fuerit,

102 1693 234 1746 cessent
252 1685 333 1748 haec
358 1707 441 1768 quae
461 1686 651 1748 necessitate
672 1696 809 1768 cogente
827 1709 866 1745 ex
886 1686 983 1747 sacris
1004 1685 1182 1746 canonibus
1196 1706 1247 1745 re·

101 1768 322 1830 missiirssunt
339 1778 501 1851 excerpta,
524 1779 740 1851 maneantque
758 1769 898 1850 praefata
922 1769 992 1830 iura
1010 1769 1167 1830 canonica
1187 1767 1244 1828 lir-

101 1873 165 1928 ma,
192 1850 329 1935 integra,
352 1862 449 1936 atque
469 1853 668 1912 intemerata.
711 1853 832 1912 Tamen
860 1851 993 1913 interim
1018 1852 1107 1933 quod
1128 1851 1245 1912 melius

100 1955 286 2016 possumus,
308 1936 389 1996 haec
410 1935 601 1998 inconvulsa
617 1944 714 2016 atque
731 1935 886 1996 inviolata
908 1957 975 1997 esse
990 1933 1148 2016 cupimus.
1179 1935 1246 2014 ‘lp-

102 2039 214 2077 sarum
232 2018 320 2078 enirn
340 2041 461 2094 rerum,
483 2040 566 2098 quae
587 2039 646 2099 pro
667 2019 892 2080 emendatione
909 2027 1017 2080 nostra
1033 2013 1248 2078 communiter

102 2108 184 2160 sunt
205 2102 347 2182 prolata,
377 2124 437 2184 per
456 2101 606 2182 distincta
637 2099 778 2180 capitula
800 2100 911 2162 subter
940 2109 1094 2161 tenentur
1115 2099 1245 2160 inserta.

101 2185 224 2242 Datum
249 2185 288 2244 V.
311 2185 387 2247 Idus
413 2185 529 2262 Julii,·
547 2205 633 2245 anno
655 2193 771 2265 quarto
793 2183 1002 2268 suprascripti
1024 2181 1245 2264 gloriosissimi

101 2264 239 2348 Pippini
256 2267 363 2351 Regis.

404 2459 547 2519 lanax
583 2457 948 2520 Carrruronun.

109 2615 133 2654 r.
161 2595 206 2656 Ut
234 2619 436 2680 aruspicesque
465 2599 579 2658 civitas
601 2619 651 2656 su·
779 2601 1005 2684 poeniteutiam
1036 2610 1138 2676 agant.
1202 2598 1244 2660 Ut

188 2703 240 2740 ram
255 2683 367 2743 habeat
384 2681 587 2765 Episcopum.
778 2703 839 2766 per
855 2685 935 2744 alios
953 2683 1091 2764 ipsarum
1114 2683 1246 2741 necessi-

104 2781 132 2821 2.
155 2762 207 2822 De
229 2758 398 2848 Episcopis
422 2763 647 2845 Metropolita-
782 2778 860 2850 tptes
877 2763 1024 2846 Regi'oel
1039 2762 1162 2839 synodo
1176 2782 1250 2840 sag-v

189 2867 260 2905 rum
277 2849 348 2908 vice
365 2848 555 2909 constitutis.
779 2861 940 2927 gerantur.
989 2845 1032 2904 Et
1061 2844 1100 2904 de
1121 2845 1241 2926 proba-

103 2927 133 2986 3.
161 2927 205 2988 Ut
222 2928 399 3015 Episcopus
417 2932 451 2990 iu
474 2951 531 2989 sua
550 2947 647 3011 paro·
785 2933 870 2991 tione
891 2946 1094 3006 eorumquae
1116 2926 1242 3002 regulo-

188 3014 261 3072 eln'a
285 3015 423 3074 omnium
449 3009 652 3090 corrigendo·
783 3015 863 3073 riter
887 3015 997 3073 trivere
1022 3007 1141 3067 nolraut.

188 3116 258 3154 rum
279 3096 391 3157 lrabeat
407 3107 603 3179 potestatem.
700 3139 728 3199 7·
755 3117 797 3179 [st
815 3121 980 3201 'publicum
1006 3115 1238 3197 baptisterium,

103 3175 135 3249 4.
156 3175 206 3238 De
223 3176 344 3238 duabus
361 3179 494 3255 synodis
514 3197 575 3258 per
588 3176 652 3271 sip·
781 3204 843 3261 nisi
862 3205 948 3261 iussu
973 3198 1143 3282 Episcopi,
1175 3200 1244 3257 nul-

187 3259 278 3340 gulos
301 3281 400 3320 annos
422 3258 647 3321 conarocandrs.
781 3283 845 3343 pum
861 3284 1078 3344 constituatur,
1109 3303 1112 3308 ·

105 3337 135 3400 5.
158 3342 230 3424 Qud
248 3344 369 3402 ratione
383 3345 446 3403 sint
459 3338 651 3402 carendandi
699 3391 719 3453 8
755 3391 787 3452 U
1121 3389 1127 3401 .
1208 3390 1214 3403 .

187 3427 245 3507 qm·
273 3425 416 3485 virorum
442 3437 497 3485 aut
529 3424 650 3506 puella„
721 3435 728 3450 .
786 3404 922 3454 tortines
941 3389 1126 3465 Presbyteri
1149 3387 1242 3485 Epps-

187 3529 259 3567 rnm
273 3510 473 3568 monasteriis
487 3515 648 3590 praesunt.
779 3477 1014 3560 ⁶⁰P⁰1⁸¹¹l⁸lnl²
1042 3491 1098 3530 '²⁶⁶
1115 3492 1180 3529 ”ne
1198 3473 1240 3530 ‘l‘

106 3583 136 3644 6,
156 3589 203 3649 Ne
224 3587 395 3650 Appula-„a
422 3585 543 3650 duobus
557 3607 651 3671 prae,
781 3557 840 3616 lias
857 3559 993 3617 iussione
1012 3553 1168 3636 baptizent
1185 3575 1240 3612 nec

186 3675 229 3732 sit
250 3673 462 3745 monasteriis,
481 3693 537 3732 nec
552 3682 649 3731 extro
779 3641 896 3699 MlSSaS
917 3638 1055 3719 swani·

187 3755 439 3825 monasteriam,
480 3756 543 3813 nisi
576 3753 647 3811 Rex
697 3767 726 3827 9.
742 3743 1086 3806 Excommanicarieos
1102 3743 1157 3824 pa·
1171 3762 1241 3801 cum

186 3849 303 3906 vocet,
344 3836 505 3896 licentiam
535 3835 648 3896 habeat
780 3827 1055 3889 excommunicatis
1072 3827 1242 3884 conamam'-

185 3917 336 3980 exerendi.
388 3911 647 3980 De'monialibas
779 3922 860 3972 caret.
912 3909 999 4003 Quae
1029 3907 1085 3965 lex
1113 3907 1155 3964 sit
1176 3927 1237 3966 ex-

186 4003 281 4071 irem,
316 4021 354 4060 ne
379 4014 513 4072 eoeeant,
554 4011 585 4058 et
612 4009 647 4057 ut
780 3991 1042 4057 communicati„
1077 3999 1106 4046 et
1134 3987 1174 4046 de
1200 3990 1240 4046 iis
1300 4031 1305 4048 ,

186 4083 294 4167 lapsae
314 4085 348 4142 in
366 4083 557 4144 monasterio
577 4083 646 4166 ipso
779 4075 834 4157 qui
850 4070 1005 4134 adversus
1024 4072 1241 4133 wcommuui-
1315 4147 1323 4163 Ι

115 4243 322 4256 Μ..-

144 4339 174 4398 o)
191 4333 223 4387 al.
244 4349 291 4386 ms.
314 4332 403 4386 Vsrno
426 4332 544 4402 palatio.
623 4390 629 4400 ,
