2952 4988
292 335 434 398 ncnc.
542 321 936 396 namuuraaucmuu
1041 335 1102 392 sos.
1212 321 1284 391 205

139 477 281 542 suetudo
299 487 457 556 servetur,
482 479 591 558 idest,
621 490 657 542 ut
684 479 717 540 in
748 479 893 542 custodia
916 476 1150 539 reclaudentur
1184 477 1289 541 donec

142 584 248 624 tinum
271 563 288 622 ὲ
312 562 437 624 duobus
463 564 592 630 faciant.
635 566 678 624 Et
692 562 717 624 si
735 564 776 624 ad
792 562 996 645 palatium'r)
1015 569 1075 642 pro
1092 560 1155 621 hac
1183 583 1220 622 rc
1241 582 1291 623 re·

107 685 110 689 -
142 645 369 721 clamaverint,
384 654 416 706 et
430 645 552 708 litteras
580 645 770 722 detulerint,
795 665 861 707 non
892 645 1027 726 quidem
1054 643 1099 704 eis
1127 643 1290 723 credatur,
1390 689 1395 706 .

145 750 209 790 nec
223 738 331 788 tamen
356 727 389 786 in
411 750 540 790 carcere
555 738 741 812 ponantur;
764 729 821 789 sed
840 750 914 789 curn
932 726 1079 786 custodia
1104 735 1136 787 et
1154 748 1229 808 cum
1245 728 1293 823 ip-

143 812 189 892 sis
207 811 328 907 litteris
346 810 468 907 pariter
486 812 527 873 ad
542 812 698 900 palatium
716 821 862 873 nostrum
875 810 1099 888 remittantur,
1121 808 1213 872 stibi
1231 811 1292 873 dis·

145 903 315 957 cutiantur
332 903 418 955 sicut
432 893 573 978 dignum
591 897 649 958 est.
756 969 758 974 ,

590 1003 646 1066 Do
662 1004 849 1064 iuramento.

231 1109 285 1169 IX.
327 1110 377 1169 Dc
400 1106 593 1185 iuramento,
608 1116 644 1168 ut
662 1107 746 1168 nulli
767 1107 860 1168 alteri
879 1128 939 1190 per
960 1113 1196 1167 sacramentum
1215 1107 1294 1174 iide-

147 1191 461 1274 litas'promittatur,
478 1190 541 1251 nisi
565 1191 658 1252 nobis
677 1200 709 1252 et
729 1191 910 1273 unicuique
931 1189 1064 1274 proprio
1096 1189 1225 1250 seniori
1251 1191 1293 1252 ad

149 1285 294 1336 nostram
318 1275 492 1335 utilitatem
514 1283 546 1334 et
574 1274 624 1336 sui
660 1272 822 1344 Senioris;
846 1282 983 1356 excepto
1008 1272 1058 1333 his
1086 1275 1294 1335 sacramentis

148 1379 235 1440 quae
255 1357 338 1418 iuste
359 1357 664 1438 secundumtlcgem
684 1357 777 1418 alteri
796 1358 836 1417 ab
854 1359 963 1417 altero'
974 1355 1144 1417 debentur.
1187 1357 1231 1417 Et
1246 1357 1295 1416 in·
1322 1364 1325 1376 '

149 1443 255 1502 fantes
276 1440 333 1521 qui
356 1441 448 1501 antea
463 1461 534 1515 ,non
550 1449 730 1522 potuerunt
746 1449 879 1524 propter
895 1439 1074 1506 iuvenilem
1086 1448 1223 1502 aetatem
1240 1440 1295 1502 iu-

150 1545 237 1602 rare,
258 1523 355 1586 modo
375 1523 565 1586 fidelitatem
585 1523 822 1605 repromittant.

516 1631 572 1692 De
590 1628 889 1714 conspirationibus.
926 1688 927 1697 ,

236 1735 278 1800 X.
320 1739 370 1798 De
385 1734 679 1819 conspirationibus
694 1756 773 1798 vero
788 1729 977 1818 quicunque
993 1735 1100 1798 facere
1111 1756 1297 1820 praesump-

152 1819 266 1898 serint,
285 1830 319 1881 et
336 1828 535 1880 sacramento
549 1839 779 1901 quamcunque
793 1819 1067 1902 conspirationem
1081 1815 1295 1897 firmaverint,

143 1914 191 1982 ⁴ut
209 1903 331 1986 triplici
352 1903 478 1963 ratione
502 1901 698 1963 iudicentur.
740 1901 862 1978 Primo,
890 1911 926 1962 ut
948 1902 1137 1986 ubicunque
1160 1903 1296 1984 aliquod

94 2061 96 2066 ,
153 1986 275 2047 malum
294 2007 354 2068 per
374 1985 437 2047 hoc
452 1993 673 2068 perpetratum
692 1985 804 2061 fuerit,
827 1993 974 2046 auctores
993 1986 1071 2046 facti
1092 1985 1296 2046 interfician-

151 2080 225 2140 tur;
248 2069 411 2130 adiutores
433 2089 511 2128 vero
535 2089 648 2128 eorum
677 2067 798 2150 singuli
821 2065 964 2128 alter'ah
995 2069 1098 2129 altero
1123 2068 1297 2164 flagellen-

151 2159 219 2228 tur,
240 2161 271 2213 et
298 2171 391 2212 nares
417 2150 477 2213 sibi
506 2149 647 2212 invicem
672 2150 872 2234 praecidant.
915 2149 978 2211 Ubi
1002 2173 1080 2213 vcro
1108 2147 1193 2211 nihil
1218 2151 1295 2211 mali

151 2243 375 2319 perpetratum
396 2243 454 2311 est,
477 2232 627 2295 similiter
646 2233 780 2316 quidem
797 2233 885 2294 inter
904 2255 937 2294 sc
956 2233 1175 2316 flagellentur,
1195 2243 1227 2295 et
1241 2256 1296 2296 ca-

152 2318 252 2402 pillos
272 2317 333 2379 sibi
347 2315 490 2378 vicissim
508 2317 716 2380 detondeant.
745 2316 874 2379 sivero
893 2316 1003 2398 aliqua
1024 2316 1221 2398 conspiratio
1237 2339 1297 2400 per

141 2403 283 2463 dextras
306 2401 430 2460 firmata
448 2399 560 2477 fuerit,
581 2398 608 2460 si
626 2399 721 2460 liberi
743 2409 830 2477 sunt,
848 2409 904 2460 aut
932 2399 1043 2460 iurent
1067 2421 1142 2460 cum
1170 2400 1297 2462 idoneis

155 2481 353 2545 iuratoribus
372 2481 435 2544 hoc
459 2504 518 2566 pro
539 2481 624 2542 malo
643 2505 708 2543 non
726 2482 853 2561 fecisse,
872 2492 927 2543 aut
946 2482 972 2544 si
993 2483 1100 2543 iacere
1122 2504 1188 2550 uon
1203 2493 1298 2564 potu·

156 2566 254 2644 crint,
272 2589 361 2626 suam
382 2567 488 2658 legem
509 2561 720 2646 componant;
743 2565 870 2626 sivero
895 2565 984 2626 servi
1009 2574 1096 2642 sunt,
1125 2563 1297 2647 flagellen-

119 2667 121 2673 ‘
154 2660 221 2710 tur.
261 2651 303 2710 Et
329 2659 366 2709 ut
388 2649 427 2710 de
448 2658 576 2710 caetero
597 2649 750 2730 inregno
772 2658 883 2710 nostro
904 2647 995 2708 nulla
1012 2647 1202 2708 huiusmodi
1222 2671 1298 2712 cou-

155 2731 301 2816 spiratio,
323 2753 385 2793 nec
401 2752 461 2816 per
479 2740 724 2809 sacramentum,
746 2753 807 2792 nec
826 2731 896 2794 sinc
921 2740 1121 2816 sacramento
1140 2731 1204 2792 fiat.
1299 2723 1304 2734 ⁸

596 2839 653 2900 De
681 2838 842 2920 periuriis.

239 2944 297 3007 XI.
337 2945 386 3005 De
404 2940 569 3026 periuriis,
594 2953 630 3006 ut
653 2953 838 3022 caveantur,
865 2953 897 3006 et
920 2965 985 3007 non
1003 2944 1213 3006 admittantur
1232 2953 1299 3006 tes·

156 3039 204 3090 tes
221 3030 261 3090 ad
281 3030 500 3093 iuramentum
514 3035 686 3108 antequam
702 3026 928 3088 discutiantur.
968 3028 1010 3088 Et
1032 3028 1057 3089 si
1070 3029 1174 3089 aliter
1189 3027 1301 3090 dison·

155 3114 181 3173 ti
202 3135 267 3181 non
283 3119 430 3194 possunt,
448 3119 640 3190 separentur
661 3109 700 3168 ab
723 3109 874 3187 invicem,
899 3119 930 3170 et
955 3109 1164 3193 singulariter
1185 3109 1299 3193 inqui-

155 3205 279 3257 rantur.
300 3195 343 3254 Et
360 3215 426 3253 non
444 3192 504 3254 soli
521 3192 696 3252 accusatori
714 3192 812 3253 liceat
827 3202 923 3253 testes
938 3192 1071 3274 eligere,
1091 3194 1222 3255 ahsente
1240 3213 1299 3254 suo

158 3287 336 3339 causatore.
378 3275 421 3336 Et
444 3274 577 3336 omnino
603 3275 725 3352 nullus,
755 3275 818 3336 nisi
847 3275 990 3351 ieiunus,
1014 3276 1054 3336 ad
1080 3276 1300 3339 iuramentum

157 3361 210 3424 vel
234 3361 274 3420 ad
295 3359 519 3422 testimonium
537 3357 732 3418 admittatur.
775 3359 817 3418 Et
840 3356 896 3418 ille
928 3357 986 3440 qui
1009 3359 1054 3419 ¹ad
1078 3359 1301 3436 testimonium

158 3443 342 3521 adducitur,
361 3441 387 3503 si
409 3442 581 3517 refutatur,
601 3439 686 3500 dicat
706 3441 762 3500 ille
785 3439 842 3522 qui
869 3462 945 3501 cum
973 3442 1096 3503 refutat
1123 3452 1156 3504 et
1184 3441 1301 3525 probet

160 3547 260 3608 quare
282 3524 536 3606 illumrecipere
555 3523 647 3583 nolit.
690 3523 732 3583 Et
758 3523 797 3584 de
822 3521 891 3605 ipso
908 3545 1002 3605 pago,
1022 3545 1089 3586 non
1119 3525 1158 3587 de
1185 3525 1300 3599 altero,

161 3617 257 3668 testes
273 3608 448 3690 eligantur,
469 3606 531 3668 nisi
557 3607 641 3667 forte
658 3605 789 3687 longius
808 3616 897 3666 extra
918 3607 1104 3666 comitatum
1136 3629 1231 3668 causa
1259 3605 1302 3666 sit

161 3689 368 3833 inquirpnda.
389 3689 471 3752 Etsi
486 3689 559 3772 quis
574 3689 744 3753 convictus
758 3689 858 3750 fuerit
870 3688 1020 3773 periurii,
1032 3691 1146 3772 perdat
1158 3709 1301 3768 manum,
1381 3708 1385 3714 ’

163 3781 269 3833 autre
296 3772 381 3832 imat.
477 3825 481 3831 ,

244 3880 301 3941 De
320 3877 507 3951 Advocatio,
534 3875 764 3951 Vicedominis‚
792 3877 943 3951 Vicoriis,
966 3892 997 3940 et
1015 3878 1219 3940 Centenariis.

247 3983 323 4046 Xll.
362 3985 414 4045 De
436 3981 619 4062 Advocatis,
637 3985 870 4063 Vicedominis,
887 3985 1037 4061 Vicariis,
1054 3994 1085 4046 ct
1097 3985 1302 4050 Centenariis

162 4067 283 4153 pravis,
298 4077 335 4128 ut
353 4066 520 4147 tollantur,
543 4077 575 4130 et
590 4063 670 4130 t'ales
687 4067 851 4153 eligantur
870 4069 985 4153 quales
1008 4077 1041 4130 et
1063 4067 1165 4130 sciant
1190 4077 1224 4131 et
1244 4091 1304 4134 ve·

129 4299 131 4306 ‘
198 4291 225 4363 r)
242 4293 345 4352 cluss
361 4259 660 4376 plociunp‘pslocitum.
