2928 4986
277 347 311 399 n.
332 341 420 400 cau.
525 340 663 398 aucun
683 297 922 397 sanic-onum
1018 337 1082 395 ate.
1186 317 1259 392 333

118 507 217 554 causa
239 486 357 570 agitur,
380 485 503 568 positae
528 493 621 554 sunt;
653 482 729 564 quia
753 503 818 544 nou
835 489 882 544 est
896 475 1053 541 credibile
1079 484 1117 537 ut
1135 477 1187 539 vel
1220 478 1260 544 de

119 573 208 637 statu
225 569 392 646 bominis,
414 569 467 630 vel
488 568 529 628 de
548 565 750 650 possessione
773 562 950 626 cuiuslibet
968 581 1027 644 per
1046 559 1126 622 alios
1143 559 1261 624 melius

120 655 170 718 rei
186 653 302 715 veritas
320 651 471 733 cognosci
494 649 601 712 valeat
621 671 720 731 quam
735 669 796 732 per
812 647 886 708 illos
901 644 959 727 qui
981 642 1155 706 viciniores
1174 655 1262 710 saint.

116 739 157 800 si
182 745 290 797 autem
320 733 488 796 contentio
515 753 599 814 quae
625 731 712 792 inter
737 752 792 792 eos
816 738 933 791 exorta
964 737 1028 806 est,
1055 725 1091 786 in
1116 726 1271 792 confinio

117 821 263 881 duorum
287 817 498 878 comitatuum
519 813 636 892 fuerit,
648 815 758 876 ‘liceat
776 813 823 874 eis
848 813 887 874 de
915 809 1024 873 vicina
1042 818 1184 872 centena
1202 813 1260 874 ad·

118 901 256 964 iacentis
273 899 446 962 comitatis
469 899 510 960 ad
526 919 654 958 causam
672 918 763 959 suam
779 904 878 958 testes
893 893 1023 954 babere.

424 1007 480 1068 De
499 1006 632 1090 proprio
650 1005 685 1063 in
701 1005 836 1064 bannum
851 1002 956 1061 misso.

199 1116 261 1176 ‘'xl.
305 1112 541 1194 Cuiuscunque
560 1112 702 1174 hominis
718 1110 898 1195 proprietas
919 1109 960 1170 ob
982 1107 1108 1171 crimen
1126 1107 1262 1194 aliquod

122 1200 232 1282 (quod
249 1195 335 1258 idem
349 1196 447 1258 habet
463 1198 500 1276 a)
515 1197 734 1272 commissum,
758 1193 792 1252 in
810 1192 956 1252 bannum
973 1193 1075 1253 fuerit
1094 1193 1204 1272 missa,
1228 1201 1262 1256 et

120 1283 180 1343 ille
196 1302 230 1342 re
251 1280 398 1362 cognita,
417 1300 457 1340 ne
479 1279 635 1340 iustitiam
656 1279 769 1354 faciat,
792 1274 906 1338 venire
926 1275 1103 1354 distulerit,
1123 1297 1262 1337 annum·

119 1387 187 1446 'que
213 1385 250 1424 ac
270 1363 356 1423 diem
374 1362 408 1424 in
432 1383 470 1422 eo
488 1363 596 1423 banno
614 1363 704 1422 illam
724 1381 792 1422 esse
809 1356 1011 1442 permiserit,
1032 1357 1170 1420 ulterius
1190 1381 1262 1421 eam

123 1469 189 1508 non
216 1445 382 1526 adquirat,
411 1444 468 1506 sed
491 1445 559 1528 ipsa
580 1447 657 1506 fisco
679 1453 789 1506 nostro
815 1441 965 1502 societur.
1006 1441 1162 1502 Debitum
1182 1464 1260 1506 vero

121 1529 213 1612 quod
236 1527 263 1588 is
283 1527 376 1588 cuius
401 1528 545 1604 ea‘fuit,
570 1528 696 1589 solvere
718 1523 849 1602 debuit,
868 1545 928 1606 per
948 1523 1112 1588 Comitem
1139 1545 1176 1586 ac
1198 1525 1260 1586 mi-

121 1611 241 1671 nistros
266 1611 335 1671 eius
374 1610 465 1670 iuxta
488 1607 743 1671 aestimationem
762 1607 872 1668 damni
898 1607 938 1668 de
963 1607 1060 1669 rebus
1087 1607 1261 1672 mobilibus

121 1716 207 1774 quae
231 1693 262 1751 in
289 1691 400 1752 eadem
421 1693 616 1776 proprietate
633 1692 784 1753 inventae
804 1690 945 1764 fuerint,
967 1688 1017 1750 bis
1038 1693 1158 1787 quibus
1173 1692 1262 1755 idem

123 1776 252 1839 debitor
260 1775 338 1851 fuit,
354 1776 546 1836 exsolvatur.
563 1774 699 1853 Quodsi
713 1795 822 1835 rerum
835 1772 1005 1834 mobilium
1015 1773 1135 1836 ibidem
1148 1775 1262 1836 inven-

123 1870 230 1932 tarum
248 1857 410 1939 quantitas
424 1859 464 1919 ad
477 1858 743 1940 compositionem
756 1877 822 1916 non
837 1855 1015 1932 suffecerit,
1030 1859 1070 1920 de
1085 1857 1260 1918 immobili·

125 1943 185 2003 bus
205 1940 412 2023 supplentem
437 1951 469 2000 et
484 1941 573 2022 quod
596 1940 810 2022 superfuerit,
833 1938 917 1999 sicut
938 1938 1061 2002 dictum
1082 1949 1146 2018 est,
1165 1941 1259 2003 fiscus

127 2034 236 2086 noster
245 2023 415 2106 possideat.
434 2019 469 2084 si
483 2023 567 2082 nihil
583 2043 682 2105 super
690 2019 956 2104 compositionem
967 2044 1133 2085 remanere
1147 2034 1261 2108 potue·

124 2107 178 2183 rit,
193 2116 296 2168 totum
308 2105 340 2166 in
353 2105 442 2164 illam
457 2105 670 2188 expendatur.
688 2105 722 2166 si
731 2113 838 2164 autem
848 2103 945 2165 homo
956 2105 1013 2166 ille
1025 2107 1171 2170 nondum
1185 2128 1260 2192 oqm

121 2190 190 2251 suis
205 2188 418 2250 coheredibus
437 2189 604 2271 proprium
618 2209 713 2249 suam
726 2187 867 2248 divisum
882 2187 1013 2266 habuit,
1031 2200 1188 2252 convocet
1204 2212 1260 2254 cos

120 2275 258 2348 Comes,
278 2281 310 2332 et
328 2293 403 2332 cum
423 2272 468 2333 cis
484 2271 661 2354 legitimam
673 2270 866 2333 divisionem
879 2271 992 2341 faciat;
1016 2281 1048 2332 et
1060 2281 1156 2351 tunc,
1176 2273 1261 2336 sicut

120 2355 322 2416 iamdictam
341 2364 409 2432 est,
431 2364 555 2436 partem
572 2355 640 2414 eius
657 2353 733 2414 fisco
758 2361 867 2414 nostro
886 2353 1031 2432 addicat,
1051 2363 1084 2416 et
1099 2357 1260 2438 composi-

123 2437 248 2499 tionem
269 2437 308 2497 de
329 2458 384 2513 ea,
411 2436 500 2504 iuxta
520 2437 652 2498 modum
668 2458 706 2498 su
731 2435 817 2498 erilis
840 2436 1126 2518 comprehensum,
1147 2433 1199 2502 bis
1218 2439 1260 2500 ad

123 2542 204 2601 quos
228 2520 285 2578 illa
304 2519 429 2601 legibus
450 2520 609 2602 pertinet,
627 2459 782 2581 exsolvat.
824 2520 920 2597 Quod
934 2519 960 2581 si
981 2541 1048 2580 non
1068 2521 1108 2584 de
1122 2523 1185 2584 alia
1202 2543 1257 2600 rc,

123 2603 180 2663 sed
195 2602 234 2662 de
255 2603 324 2683 ipsa
340 2603 537 2684 proprietate
553 2624 636 2684 quae
654 2601 687 2662 in
699 2603 844 2662 bannum
861 2603 954 2664 missa
970 2603 1051 2681 fuit,
1074 2625 1111 2666 ac
1123 2627 1183 2689 per
1193 2605 1258 2666 hoc

120 2685 158 2744 in
171 2693 317 2744 :nostram
328 2695 518 2765 potestatem
530 2685 660 2746 redacta
675 2696 740 2761 est,
757 2685 864 2746 fuerat
881 2685 1124 2769 interpellatus,
1143 2689 1259 2750 Comes

123 2767 156 2826 in
168 2765 259 2827 cuius
269 2766 450 2828 ministerio
461 2788 608 2828 eam-esse
622 2767 814 2842 constiterit,
827 2767 891 2830 hoo
904 2769 944 2829 ad
957 2763 1104 2830 notitiam
1117 2779 1259 2832 nostram

121 2850 267 2932 perferre
283 2860 390 2927 curet,
406 2857 443 2910 ut
464 2871 523 2910 nos
545 2851 681 2912 eandem
701 2851 950 2934 proprietatem,
979 2873 1061 2933 quae
1078 2854 1258 2915 secundum

123 2931 343 3014 supradictum
367 2932 498 2993 modum
520 2931 554 2990 in
587 2943 731 2994 nostrum
751 2933 932 2994 dominium
952 2934 1084 2994 redacto
1103 2944 1169 3012 est,
1198 2957 1259 3018 per

118 3014 288 3097 praecepti
304 3015 406 3076 nostri
425 3014 648 3076 auctoritatem
669 3016 702 3086 in
724 3014 774 3077 ius
794 3024 826 3077 et
839 3024 1031 3099 potestatem
1045 3016 1186 3080 bominis
1200 3018 1258 3100 qui

117 3119 194 3158 eam
209 3097 403 3178 quaerebat,
427 3097 454 3158 si
472 3119 530 3157 sua
548 3117 616 3159 esse
634 3098 748 3176 debet,
766 3099 921 3161 faciamus
935 3099 1118 3182 pervenire.

581 3207 637 3267 De
654 3208 806 3284 mannire.

206 3314 278 3374 Xll.
314 3311 355 3373 'Si
376 3312 448 3395 quis
477 3313 517 3374 dc
542 3322 626 3375 statu
650 3327 729 3388 suo,
756 3313 790 3374 id
820 3321 883 3391 est,
910 3311 950 3374 de
974 3311 1121 3373 libertate
1141 3312 1195 3373 vel
1216 3313 1257 3374 de

118 3395 302 3456 hereditate
324 3395 567 3478 compellendus
592 3405 656 3473 est,
676 3395 765 3456 iuxta
785 3394 866 3478 legis
888 3393 1152 3457 constitutionem
1165 3417 1258 3456 mau-

125 3479 244 3538 niatur.
285 3480 334 3538 De
349 3477 482 3538 caeteris
502 3501 578 3540 vero
595 3479 719 3556 causis,
741 3478 829 3538 unde
846 3477 920 3560 quis
937 3477 1096 3538 rationem
1113 3487 1161 3540 est
1180 3477 1257 3540 red-

123 3561 270 3636 diturus,
295 3583 360 3620 non
383 3560 588 3638 manniatur,
610 3561 664 3622 sed
688 3583 747 3644 per
764 3561 923 3622 Comitem
945 3560 1127 3621 banniatur.
1168 3561 1210 3623 Et
1230 3561 1257 3622 si

118 3651 194 3723 post
211 3664 309 3702 unam
325 3653 356 3703 et
369 3643 502 3703 alteram
515 3643 649 3704 Comitis
666 3641 920 3705 admonitionem
937 3642 1054 3738 aliquis
1067 3643 1106 3704 ad
1123 3641 1258 3705 mallum

121 3724 234 3784 venire
252 3725 406 3800 noluerit,
417 3725 515 3788 rebus
529 3727 598 3788 eius
611 3727 645 3786 in
655 3726 798 3786 bannum
812 3725 914 3788 missis
929 3745 1041 3790 ventre
1059 3735 1091 3786 et
1104 3725 1258 3788 iustitiam

119 3807 229 3867 lacere
245 3807 467 3890 compellatur.

495 3917 548 3977 De
564 3911 670 3995 faidis
692 3912 884 3975 coercendis.

203 4020 291 4080 xtlt.
336 4018 375 4078 δί
411 4020 484 4100 quis
514 4020 623 4100 aliqua
654 4021 842 4082 necessitate
876 4028 1011 4102 cogente
1041 4019 1255 4082 homicidium

118 4101 296 4179 commisit,
324 4101 438 4164 Comes
463 4102 497 4162 in
519 4103 613 4164 cuius
635 4103 815 4164 ministerio
840 4124 891 4164 res
920 4112 1102 4185 perpetrata
1127 4113 1198 4182 est,
1222 4111 1256 4166 et

152 4301 196 4369 Ia)
214 4301 248 4354 al.
266 4319 312 4355 mc.
331 4299 366 4353 oti
382 4317 423 4356 ac.
