2952 4988
287 313 430 375 acan.
541 313 938 373 asouaraaacoauu
1042 309 1107 374 aa.w
1218 296 1292 368 273

135 507 137 512 .
149 455 321 540 facientes,
331 478 448 540 resque
459 443 626 518 Ecclesiae
638 455 846 540 diripientes,
863 453 1025 518 Ecclesias
1034 453 1291 540 sacerdotesque

150 548 263 600 contra
280 540 406 602 divinas
426 539 609 602 sanctiones
634 549 807 615 vexantes,
830 537 980 618 sacrilegi
997 532 1170 618 vocantur,
1193 549 1292 623 atque

148 623 374 692 indubitanter
390 623 525 684 infames
540 622 755 704 sacrilegique
774 621 916 682 habendi
932 627 1016 681 s'unt.

192 751 291 835 Quid
306 773 346 818 ⁴ea
360 773 439 834 quoe
455 753 593 813 Domino
614 760 856 823 consecrantur,
881 749 926 809 ad
937 743 988 810 ias
1005 753 1252 814 ecclesiasticum

566 857 567 861 ¹
638 835 808 919 pertinent.

233 942 288 1009 Xl.
330 941 377 1002 Ea
391 963 474 1023 quae
490 941 631 1002 Domino
650 940 832 1002 offeruntur
845 940 898 1002 vel
914 949 1166 1020 consecrantur,
1186 940 1226 1001 ad
1243 937 1294 1028 ius

146 1025 315 1106 pertinent
330 1025 560 1094 Sacerdotem
579 1033 611 1083 et
626 1022 776 1104 sacrilegi
790 1031 866 1083 sunt
880 1045 991 1085 omnes
1006 1025 1062 1106 qui
1078 1040 1115 1086 ea
1129 1023 1294 1086 auferunt.

192 1153 291 1239 Quid
312 1157 417 1217 omnia
436 1175 516 1238 quoe
541 1154 610 1214 Deo
634 1139 838 1232 offeruntur,
859 1154 974 1237 procul
993 1151 1089 1215 dubio
1117 1167 1148 1214 et
1170 1173 1253 1216 con-

634 1247 808 1298 recreatur.

225 1341 303 1406 Xll.
346 1342 465 1404 Omnia
487 1364 571 1424 quae
597 1341 739 1402 Domino
764 1340 964 1420 offeruntur,
999 1337 1237 1424 proculdubio
1263 1352 1298 1406 et

150 1435 392 1486 consecrantur.
406 1427 449 1486 Et
461 1447 525 1486 non
538 1426 584 1486 sol
591 1426 643 1484 itm
656 1423 812 1486 sacrificia
829 1445 912 1507 quae
927 1423 1186 1504 sifiamrdotibus
1195 1443 1298 1510 ¹super

149 1509 249 1568 altare
267 1509 408 1569 Domino
429 1517 681 1586 consecrantur,
700 1507 879 1568 oblationes
894 1507 1040 1568 fidelium
1052 1509 1224 1587 dicuntur,
1240 1510 1298 1571 sed

148 1590 309 1674 quicquid
332 1591 361 1651 ei
384 1591 401 1649 t
421 1590 573 1650 fidelibus
592 1589 793 1666 offeruntur,
816 1591 884 1652 sive
907 1591 940 1648 in
963 1591 1149 1673 mancipiis,
1173 1593 1296 1655 sivein

148 1674 250 1755 agris,
273 1673 398 1748 vineis,
421 1673 540 1756 sylvis,
568 1674 690 1752 pratis,
723 1673 833 1754 aquis,
864 1694 1061 1754 aquarumve
1087 1675 1296 1752 decursibus,

150 1753 308 1834 artificiis,
324 1755 426 1832 libris,
454 1755 783 1838 utensilibus,petr·is,
796 1756 964 1834 aediliciis,
982 1757 1302 1841 vestimentis,‘pelli·

149 1837 222 1916 bas,
233 1838 401 1915 laneficiis,
412 1838 597 1920 pecoribus,
607 1838 744 1922 pascuis,
753 1838 958 1916 membranis,
967 1839 1139 1899 mobilibus
1147 1849 1178 1900 et
1189 1841 1301 1900 immo-

148 1921 293 1998 bilibus,
319 1921 373 1982 vel
387 1943 605 2004 quaecunque
620 1923 659 1982 de
671 1921 722 1982 his
732 1922 830 1994 rebus
846 1923 886 1982 ad
906 1922 1036 1982 laudem
1048 1922 1111 1982 Dei
1131 1922 1224 2002 fiunt,
1244 1922 1299 1984 vel

151 2005 414 2086 supplementum
424 2014 552 2065 sauctae
567 2003 733 2065 Ecclesiae
749 2003 883 2086 eiusque
894 2002 1123 2075 Sacerdotibus
1134 2015 1231 2087 atquc
1249 2027 1300 2065 or·

151 2095 263 2147 natum
293 2097 433 2148 raestare
444 2096 591 2170 possunt,
602 2086 912 2168 DeoEcclesiaeque
929 2109 1005 2147 suae
1019 2087 1298 2170 iquibusounqac

151 2110 1300 2254 ultrbolieruntur,l]omin0indubitanterconsecranturetadiusper·

151 2247 1299 2335 tinentSacerdotumthuiaChristumetEcclesiamunampersonam

152 2357 221 2397 esse
241 2336 402 2398 veraciter
419 2337 632 2419 agnoscimus,
651 2356 866 2431 quaecunque
884 2336 1050 2398 Ecclesiae
1068 2346 1156 2413 sunt,
1175 2337 1299 2400 Christi

153 2428 248 2494 sunt,
272 2428 304 2478 et
322 2440 404 2502 quae
418 2415 583 2481 Ecclesiae
604 2419 658 2480 vel
674 2419 706 2478 in
723 2417 914 2500 supradictis
926 2419 980 2480 vel
997 2419 1030 2478 in
1044 2419 1298 2502 quibuscunque

152 2501 339 2582 speciebus,
355 2501 423 2563 sive
437 2502 750 2585 pollicitationibus,
769 2502 839 2562 sire
851 2501 1060 2584 pignoribus,
1079 2503 1144 2564 sive
1159 2503 1298 2586 scriptis,

152 2586 219 2646 sive
236 2585 456 2668 corporalibus
472 2587 569 2647 rebus
585 2585 786 2662 offeruntur,
806 2584 935 2645 Christo
951 2583 1139 2644 offeruntur.
1157 2583 1200 2648 Et
1213 2607 1297 2668 quac

153 2668 191 2726 ab
211 2667 358 2728 Ecclesia
374 2669 444 2729 cius
461 2689 660 2751 quocunque
680 2677 863 2730 commento
885 2668 1069 2728 alienantur
1091 2668 1144 2730 vel
1167 2671 1297 2735 tollun-

151 2760 224 2827 tur,
246 2749 313 2811 sive
329 2750 521 2830 alienando,
545 2753 614 2812 sive
636 2750 807 2826 vastando,
830 2751 899 2812 sive
922 2751 1126 2828 invadendo,
1151 2752 1217 2814 sire
1234 2751 1297 2824 mie
1323 2795 1326 2808 .
1364 2739 1379 2832 ,¹³
1409 2734 1414 2744 ι

37 2850 43 2858 ’
134 2833 319 2910 ·norand0,
343 2834 411 2908 sive
435 2834 642 2916 diripiendo,
664 2832 793 2895 Christo
807 2835 980 2894 tolluntur.
1022 2834 1065 2893 Et
1085 2835 1110 2894 si
1136 2832 1175 2895 ab
1194 2833 1297 2898 amico

151 2915 318 2998 quippiam
335 2938 447 2998 rapere
465 2919 589 2978 fartum
604 2909 667 2993 est',
690 2916 864 2998 praecipue
879 2915 1007 2976 Christo
1020 2917 1163 2977 Domino
1175 2927 1296 2994 nostru,

150 2998 207 3081 qui
224 3007 271 3058 est
282 2999 358 3059 Rex
377 3001 501 3082 Regum
523 3010 553 3061 et
570 2999 728 3060 Dominus
740 2999 986 3059 Dominantium
996 3043 1005 3077 ,
1028 2997 1154 3082 aliquid
1168 3002 1296 3062 auferre

152 3081 204 3142 vel
220 3081 381 3158 alienare,
396 3085 449 3142 vel
460 3083 628 3166 subripere
645 3082 699 3143 vel
713 3091 854 3160 vastare,
869 3082 1077 3162 sacrilegium
1094 3091 1151 3143 est.
1174 3084 1296 3144 Omnes

151 3185 290 3244 namque
310 3165 475 3240 Ecclesiae
489 3161 670 3249 praedones
684 3164 943 3226 manifestissime
960 3175 1036 3225 sunt
1054 3165 1213 3244 sacrilegi.
1255 3167 1297 3226 Et

151 3243 263 3308 nullus
281 3247 476 3330 sacrilegus,
492 3249 555 3310 nisi
571 3267 628 3328 per
642 3269 756 3328 puram
769 3247 1001 3330 probatamque
1020 3258 1117 3328 atque
1131 3248 1296 3330 publicam

149 3329 406 3412 poenitentiam,
431 3341 464 3392 et
486 3353 545 3414 per
561 3327 729 3392 Ecclesiae
752 3331 1022 3406 satisfactionem,
1044 3331 1297 3415 Episcoporum-

150 3433 215 3492 que
233 3433 293 3493 per
308 3414 421 3474 maniis
434 3415 673 3498 impositionem
691 3413 780 3472 iuxta
794 3413 965 3474 canonicas
980 3411 1170 3476 sanctiones
1183 3429 1297 3476 recort-

151 3491 368 3574 ciliationem,
387 3518 523 3578 regnum
535 3497 596 3558 Dei
610 3495 802 3578 possiclcbit;
826 3505 858 3556 et
876 3517 941 3555 non
963 3494 1068 3568 solirm
1086 3497 1218 3580 iregno
1233 3497 1296 3561 Dei

151 3575 187 3636 lit
210 3577 360 3650 alienus,
385 3581 555 3640 sedetiam
573 3581 590 3640 sl
611 3577 780 3647 liminibus
800 3588 929 3640 sanctae
947 3577 1134 3654 Ecclesiae,
1157 3589 1191 3640 et
1206 3603 1299 3663 prae·

152 3659 247 3740 cipue
260 3659 301 3716 ab
313 3660 402 3721 illius
417 3661 514 3743 quam
527 3662 637 3738 laesit,
653 3681 756 3740 usque
772 3661 812 3721 ad
823 3659 1021 3743 praedictam
1034 3661 1297 3743 sattslactionem,

151 3741 290 3802 extorris
310 3743 458 3804 efficitur.
480 3745 611 3805 Talium
626 3765 704 3806 vero
719 3745 880 3804 scelerum
893 3742 1128 3826 patratoribus,
1151 3745 1212 3806 nisi
1227 3757 1299 3830 post

148 3823 348 3907 praedictam
363 3825 630 3904 satisfactionem,
650 3845 711 3885 nec
731 3827 814 3887 vivis
831 3849 891 3886 nec
908 3827 1042 3888 mortuis
1058 3829 1297 3891 communicare

151 3897 322 3977 debemus
336 3907 411 3988 quia
421 3909 478 3990 qui
488 3911 572 3990 rapit
581 3909 753 3990 pecuniam
762 3909 901 3990 proximi
912 3909 973 3986 sni,
985 3909 1296 3990 iniquitatemfacit:

150 3989 207 4071 qui
222 3999 330 4048 autem
339 3991 678 4072 pecuniamEcclesiae
694 3987 873 4071 abstulerit,
891 3991 1096 4074 sacrilegium
1115 3993 1202 4054 facit.
1231 3995 1299 4072 Qui

151 4093 218 4130 non
237 4071 343 4132 solirm
362 4069 531 4150 sacrilegi,
553 4074 610 4134 sed
632 4073 730 4134 etiam
752 4076 843 4136 fures
866 4073 1014 4157 sacrilegi
1037 4085 1069 4135 et
1088 4075 1179 4158 lupi,
1202 4085 1298 4161 atque

149 4152 332 4216 homicidae
357 4176 602 4238 pauperumque
624 4167 792 4217 necatores
811 4166 910 4236 sunt,
941 4166 974 4216 et
1003 4159 1139 4240 insuper
1163 4160 1299 4222 anathe-

150 4236 243 4299 matis
270 4236 403 4300 vinonlo
424 4239 565 4303 damnati
586 4259 694 4302 coram
714 4241 785 4301 Deo
806 4249 837 4302 et
858 4239 984 4302 Sanctis
1006 4241 1076 4302 eius
1098 4239 1290 4319 efficiuntur

1053 4349 1096 4420 18
