2952 4988
276 363 421 421 acan.
527 364 664 423 moun
685 361 923 420 ruaucoaua
993 361 1090 428 soa.
1195 342 1267 418 235

125 505 294 568 licentiam
313 502 431 569 hatest
447 529 538 570 suam
553 505 712 570 iustitiam*
735 503 927 588 requirendi
956 504 996 566 de
1022 505 1126 570 causis
1150 515 1273 590 perpe·'

125 589 219 652 tratis
237 579 410 670 postqdaim
432 591 472 652 ad
491 603 627 654 mortem
648 589 810 652 iudicatus
832 597 888 668 est.
930 591 979 652 De
999 589 1183 678 praeteritis
1198 611 1269 652 ma-
1292 637 1295 642 -

127 682 204 734 neat
219 673 304 732 sicut
321 673 417 757 supra
437 673 651 736 diiudicatum
668 673 742 734 fuit.
1215 687 1217 694 ’

210 755 344 816 XXXII.
388 759 431 816 Ut
449 760 564 820 Comes
579 757 636 840 qui
657 757 800 819 latrones
820 756 854 816 in
875 753 1036 816 forbanno
1056 751 1197 833 miserit,
1216 753 1269 818 ri-

126 837 211 900 cinis
230 836 296 898 suis
314 839 494 902 Comitibus
515 852 631 902 notum
649 839 746 900 faciat
769 840 913 903 eundem
931 839 1092 899 latronem
1113 857 1181 899 esse
1199 838 1265 900 for-

125 920 372 997 bannitum-ut
391 923 444 982 illi
465 945 540 986 eum
562 947 629 985 non
645 920 816 1006 recipiant.
898 952 900 957 ·

208 1003 358 1067 XXXIII.
400 1009 442 1066 Ut
456 1009 567 1069 nullus
585 1006 739 1090 quislibet
751 1007 867 1068 Missus
882 1007 1009 1083 noster,
1024 1002 1271 1084 nequeComes‚

127 1107 235 1170 neque
251 1084 374 1166 Iudex,
392 1100 447 1150 aut
469 1091 657 1166 scabinios,
676 1087 813 1150 cuilibet
836 1087 992 1149 iustitiam
1013 1083 1149 1150 dilatare
1173 1109 1270 1170 prae-

127 1178 247 1248 sumat,
259 1168 286 1229 si
301 1171 410 1233 statim
429 1173 604 1257 adimpleta
613 1171 734 1256 poterit
745 1193 813 1234 esse
827 1171 1009 1232 secundam
1019 1168 1270 1240 rectitudinem

127 1255 387 1335 nequepraemia
403 1277 463 1338 pro
477 1256 540 1319 hoo
554 1254 732 1340 lquolibet
744 1253 876 1318 homine
891 1275 951 1339 per
963 1255 1084 1316 malum
1099 1250 1271 1338 ingenium
1367 1325 1369 1332 .

126 1337 275 1420 accipere
293 1350 510 1417 praesumant.

210 1419 364 1490 XXXIV.
405 1425 448 1484 Ut
478 1443 573 1486 nemo
601 1430 735 1507 propter
764 1419 977 1504 cupiditatem
1015 1418 1200 1504 pecuniae,
1237 1421 1282 1484 et²

126 1513 262 1587 propter
275 1503 442 1566 avaritiam
456 1528 564 1585 suam,
580 1507 670 1590 priris
688 1505 743 1568 det
755 1505 916 1590 pretium,
939 1513 971 1563 et
987 1502 1130 1564 futuram
1145 1523 1274 1586 coemp-
1356 1585 1358 1592 Ι

127 1587 252 1649 tionem
266 1586 327 1648 sihi
350 1599 540 1672 praeparet,
563 1585 601 1652 ut
620 1590 758 1673 duplum
783 1589 836 1650 vel
858 1586 993 1671 triplum
1014 1596 1095 1648 tunc
1116 1585 1270 1668 recipiam

128 1670 187 1732 sed
204 1679 285 1731 tunc
305 1673 431 1734 tantiam
447 1674 577 1756 quando
595 1674 721 1735 fruetus
739 1692 893 1758 praesens
908 1679 974 1748 est,
998 1669 1072 1743 illos
1096 1678 1271 1752 comparet.

116 1800 121 1812 ·
211 1777 345 1842 XXXV.
385 1781 433 1841 De
452 1779 670 1864 hospitalitate
691 1787 725 1842 et
747 1773 1185 1862 'susceptioneiterantium
1207 1785 1273 1838 tam

128 1856 301 1920 Missurum
317 1871 501 1924 nostrorum
519 1866 616 1946 quim
629 1863 833 1946 reliquorum
848 1863 1010 1922 honorum
1026 1858 1207 1920 hominum.
1300 1897 1303 1900 -

101 1976 108 2001 ·'
217 1968 365 2031 XXXVI.
399 1971 507 2050 'Quod
518 1971 630 2034 Missos
642 1980 767 2032 nostros
782 1969 937 2033 advicem
947 1976 1091 2029 nostram
1102 1965 1271 2032 mittimus.

210 2073 377 2138 XXXVII.
406 2081 466 2139 'De
484 2078 624 2160 illisqui
645 2080 761 2142 vinum
778 2089 809 2140 et
826 2099 988 2140 annonam
1010 2075 1158 2166 pendunt
1176 2084 1271 2136 ante-

128 2174 225 2236 quam
239 2159 453 2242 oolligantur‚
471 2171 502 2222 et
515 2183 575 2245 per
588 2164 672 2225 hano
687 2162 889 2226 occasionem
901 2181 1060 2246 pauperes
1073 2158 1270 2238 efficiuntur.
1299 2228 1302 2232 ⁴

252 2326 519 2414 caelaturas
560 2355 791 2418 secuuuun
831 2353 934 2418 aaut
975 2353 1145 2416 uocem.

271 2483 439 2577 Capitula
455 2513 546 2582 quae
565 2490 731 2562 Domnus
743 2489 904 2562 Karolus
922 2491 1120 2562 constituit.

441 2655 571 2718 quu‘x
614 2659 953 2720 Gariannonum

152 2839 178 2877 1.
192 2765 262 2878 De
282 2818 458 2881 hominibus
478 2823 523 2884 ad
536 2836 673 2901 'mortem
742 2845 771 2907 9.
785 2825 833 2884 De
856 2845 919 2884 non
930 2824 1070 2907 cogendo
1084 2825 1267 2910 adpositam
1370 2880 1373 2884 .

231 2900 434 2974 diiudicatis,
458 2919 488 2965 et
502 2909 613 2989 postet
627 2909 672 2966 eis
829 2909 899 2978 ire,
917 2906 1014 2970 calaad
1032 2911 1158 2974 telonei.

232 2987 469 3060 aa'tacoueessa,
483 2991 511 3050 si
520 2991 674 3050 iustitiam

231 3069 443 3154 quaesierint.

730 3006 774 3075 io.
788 3015 836 3074 De
846 3017 903 3076 troc
912 3017 941 3074 si
948 3017 1118 3094 Presbyter
1127 3027 1268 3076 sanctum

828 3101 965 3159 chrisma
982 3097 1109 3160 dederit
1121 3095 1166 3160 ad
1180 3095 1267 3166 iudi-

150 3193 179 3234 2.
193 3173 677 3260 Deltominecuz'postiudicium
828 3183 911 3241 cium
928 3181 1184 3244 subvertendum.

234 3261 533 3356 Vllafflllfflffassiss
549 3265 577 3322 Si
589 3285 599 3321 ¹
603 3263 679 3348 ΜΨ
730 3287 838 3348 11.De
862 3287 1047 3362 Iadicibus⁴
1068 3286 1247 3350 Advocatis
1255 3331 1268 3360 ,

233 3354 310 3402 taam
323 3343 460 3404 reddere
474 3347 623 3407 noluerat.
827 3371 1024 3469 praepositis
1035 3415 1047 3444 ,
1078 3385 1109 3432 ει
1139 3371 1270 3452 reliquis

151 3449 180 3508 3.
193 3449 241 3509 De
255 3453 376 3513 latrone
381 3451 583 3533 forbannito.
647 3459 650 3466 '
829 3454 988 3514 Mimans
997 3497 1009 3526 ,
1032 3455 1141 3540 quales
1155 3456 1227 3514 sint.

152 3532 183 3607 4.
197 3534 245 3592 De
259 3533 377 3595 Comite
393 3538 549 3598 latronem
561 3539 595 3598 in
597 3534 677 3618 sor-

236 3617 372 3676 bannum
387 3621 539 3680 mittente.

154 3693 184 3757 5.
198 3695 684 3838 Der'llisjiciadplaeitumban:
1051 3761 1057 3774 Ι
1104 3733 1106 3740 ι

238 3781 303 3838 nin·
341 3781 460 3842 ehem,
730 3761 776 3820 15.
789 3760 838 3820 De
855 3761 951 3823 mallo
966 3761 1105 3846 publico.

152 3883 400 3960 atteteritur,
414 3889 458 3949 ad
466 3891 679 3953 testimonium
730 3868 776 3944 14·
790 3869 839 3928 De
848 3869 1053 3966 sacrameutis
1065 3867 1112 3932 ad
1114 3867 1270 3955 palatium

235 3968 406 4030 dicendum
426 3973 677 4056 qualiter-adhi,
828 3951 1027 4013 adhramitis.

179 4062 182 4078 ’
235 4051 377 4112 beantur.
731 4057 776 4123 15.
788 4059 837 4119 De
850 4060 1073 4156 ‚hospitalitate
1096 4069 1128 4120 et
1143 4078 1271 4144 suscep·

153 4179 182 4240 7.
196 4158 245 4218 De
255 4157 376 4218 iustitia
385 4162 551 4234 cuiuslibet
562 4163 677 4225 antello
830 4156 915 4204 ‘wne
930 4143 1156 4204 “memmium

190 4263 195 4274 ·
234 4241 375 4324 quolibet
390 4242 570 4307 dilatanda.
732 4247 777 4310 16.
791 4248 839 4311 Ne
851 4249 920 4332 quis
931 4271 1088 4312 annonam
1101 4271 1190 4312 satam
1197 4273 1273 4312 ‘stert-¹

153 4323 182 4388 8.
197 4322 246 4384 De
263 4339 412 4387 ntereato.
528 4395 529 4398 Ἴ
832 4331 888 4392 dat
905 4345 1071 4417 antequam
1094 4333 1272 4416 colligatur.

730 3591 776 3630 12.
790 3570 839 3629 De
866 3569 1011 3632 cavenda
1036 3567 1209 3653 cupiditate
1239 3581 1270 3630 et

830 3653 978 3716 avaritia.
