2920 4972
296 281 440 346 nsua.
546 281 684 342 sanun
703 281 936 342 rnaaconuu
997 288 1095 352 an.
1238 271 1285 348 61

147 420 298 511 Qualiter
310 423 350 486 de
369 423 540 488 Comitibur
554 424 609 486 uel
625 428 728 485 nassis
749 425 918 488 dominicis
934 429 1070 492 iustitias
1090 443 1154 495 non
1163 433 1288 518 facian.

550 509 633 570 tibus
656 509 813 586 agendum
841 512 891 572 sit.

230 619 317 682 XXI.
345 618 380 680 Si
401 619 519 680 Comes
545 617 580 678 in
607 637 666 679 suo
691 616 873 680 ministerio
896 617 1034 683 iustitias
1063 645 1130 686 non
1155 626 1285 710 iecerit,

144 703 263 767 Missos
282 712 408 765 nostros
427 703 453 778 l)
478 701 512 761 in
535 723 592 762 sua
612 721 684 764 casa
708 701 834 762 soniare
858 701 1076 788 sociatusque
1095 708 1174 771 dum
1194 711 1289 774 iusti.

146 788 213 848 tiae
234 785 354 848 ibidem
375 781 477 848 factae
496 783 630 846 fuerint.
683 783 727 844 Et
745 783 772 845 si
793 805 902 847 vassus
927 797 1038 850 noster
1060 789 1198 854 iustitias
1221 815 1287 857 non

146 870 283 946 fecerit,
305 878 385 930 tuno
408 879 440 930 et
454 869 569 930 Comes
586 877 617 929 et
633 866 748 928 Missus
768 867 807 928 ad
827 867 928 949 ipsius
952 891 1056 933 casam
1077 875 1226 957 sedeant,
1257 889 1289 942 et

148 954 191 1016 de
211 974 270 1014 suo
292 951 405 1014 vivant
426 951 597 1034 quousque
620 949 776 1011 iustitiam
801 951 906 1014 iaciat.

188 1065 241 1123 De
262 1063 311 1123 lais
329 1063 386 1148 qui
397 1063 537 1148 pretium
553 1079 615 1146 pro
633 1058 733 1202 saido
751 1063 892 1144 recipere
917 1075 950 1122 et
969 1065 1124 1126 iustitiam
1133 1064 1246 1146 facere

655 1161 696 1204 no
712 1155 777 1203 unt.

231 1245 333 1316 xxnl
359 1252 394 1315 si
415 1251 488 1335 quis
504 1272 565 1334 pso
586 1250 672 1312 faida
695 1249 836 1334 pretium
853 1252 1000 1335 recipere
1024 1275 1089 1316 non
1106 1255 1189 1335 vult,
1208 1266 1288 1319 tunc

148 1337 191 1400 ad
215 1359 274 1402 nos
301 1337 343 1398 sit
369 1334 591 1412 transmissus,
621 1343 653 1396 et
669 1354 729 1396 nos
750 1355 826 1396 eum
853 1333 1029 1418 dirigemus
1056 1337 1113 1398 ubi
1135 1340 1289 1402 damnum

148 1419 284 1482 minime
301 1419 402 1503 possit
422 1419 540 1480 facere.
582 1417 689 1479 Simili
708 1418 804 1480 modo
831 1427 863 1480 et
883 1419 940 1502 qui
962 1441 1021 1502 pro
1043 1419 1130 1482 faida
1147 1425 1289 1506 pretium

148 1506 276 1567 solvere
295 1501 450 1580 uoluerit,
472 1509 534 1564 nee
560 1499 715 1562 iustitiam
730 1499 849 1563 exinde
863 1503 982 1580 iacere,
999 1501 1031 1562 in
1046 1503 1102 1564 tali
1124 1505 1198 1568 loco
1213 1529 1289 1570 eum

148 1588 277 1650 mittere
292 1586 443 1649 volumus
460 1593 497 1646 ut
507 1606 567 1668 pro
582 1585 697 1646 eodem
711 1583 814 1646 maius
830 1584 983 1646 damnum
1002 1597 1047 1662 m)
1062 1607 1127 1650 nou
1144 1601 1275 1654 crescat.

148 1705 198 1766 De
220 1704 395 1766 latronibus
418 1703 465 1765 bis
489 1722 550 1787 per
567 1703 717 1774 membra,
745 1700 885 1762 ettertid
904 1705 1085 1786 pervitam
1105 1705 1288 1790 puniendis,

230 1811 349 1874 XXIII.
375 1813 424 1874 De
451 1811 633 1873 latronibus
662 1811 705 1870 ita
731 1807 947 1894 praecipimus
978 1811 1216 1876 observandum
1240 1817 1289 1892 (ut

146 1917 207 1980 pro
228 1905 264 1970 n)
284 1894 387 1978 prima
410 1894 507 1977 eulpa
527 1917 594 1956 non
623 1893 814 1971 moriantur,
835 1894 892 1956 sed
921 1893 1052 1954 oculum
1071 1895 1223 1977 perdant3
1246 1898 1287 1960 de

147 1978 292 2042 secunda
314 1979 394 2041 verb
415 1978 512 2058 culpa
536 1999 631 2039 nasus
648 1975 750 2060 ipsius
765 1975 900 2040 latronIs
923 1975 1109 2060 capulatum
1136 1977 1177 2042 de
1192 1979 1288 2044 tertia

98 2094 105 2108 ·
147 2061 240 2140 verb,
264 2060 291 2123 si
305 2083 339 2124 se
355 2083 421 2127 non
442 2060 676 2139 emendaverit,
695 2058 861 2122 moriatur.

301 2227 505 2294 Euareia
535 2227 761 2288 Dncnsruu
794 2227 958 2290 Ksaonr
991 2225 1127 2288 Rnors.

208 2333 213 2354 ⁹
231 2358 310 2420 Post
324 2370 418 2444 caput
436 2357 592 2418 decimum
608 2359 782 2442 superioris
801 2358 993 2443 Capituloris
1013 2364 1156 2446 seqnitur
1173 2366 1208 2424 in
1221 2362 1288 2426 edi-

149 2443 235 2502 tione
253 2439 419 2504 Sirmondi
438 2455 532 2525 caput
545 2439 584 2502 de
602 2441 778 2502 latronibus
792 2443 825 2501 in
836 2441 1012 2502 custodiam
1025 2446 1148 2505 missis:
1165 2446 1238 2508 licet
1252 2449 1287 2508 in'

147 2525 236 2584 nullo
257 2545 367 2585 eonem
386 2525 630 2608 exemplarium,
643 2544 722 2628 puae
733 2525 880 2583 Bolnzius
896 2525 993 2597 uidit,
1012 2531 1199 2609 reperiatur.
1237 2532 1286 2594 Ne

147 2609 220 2688 quis
236 2619 340 2668 tamen
361 2607 513 2688 conqueri
527 2618 635 2690 posset
648 2629 668 2665 a
687 2606 776 2666 nobis
796 2605 922 2690 aliquid
929 2612 1188 2692 praetermissum
1194 2610 1286 2694 fuis-

147 2709 195 2764 se,
217 2691 286 2752 lieic
304 2703 398 2752 entra
422 2687 567 2776 ordinem
584 2689 757 2772 posuimus.

380 2795 430 2857 De
456 2797 632 2862 latronibus
660 2799 694 2856 in
721 2797 898 2858 custodiam
922 2801 1036 2860 missis.

228 2902 277 2964 De
299 2902 480 2964 latronibus
498 2903 555 2986 qui
576 2903 610 2963 in
636 2905 812 2967 custodiam
835 2907 921 2970 missi
942 2918 1029 2986 sunt,
1052 2918 1088 2970 ut
1104 2910 1217 2970 nullus
1235 2909 1287 2970 Iu·

147 2984 212 3046 dex
235 2985 386 3068 publicus
411 2986 554 3133 pppetium
579 2989 710 3086 pendat.
758 2989 804 3084 lit
826 2989 852 3050 si
872 2990 934 3086 hac
954 2991 1094 3088 lacent,
1127 2991 1287 3054 honorem

146 3089 243 3130 suum
257 3070 381 3154 perdat.
453 3076 465 3130 t
484 3091 543 3152 qui
562 3070 742 3134 Ecclesiam
756 3074 936 3155 infregeru,
958 3083 1122 3136 moriatur.

141 3373 146 3380 .
172 3295 425 3359 DECRETALE
452 3299 627 3362 PRECUM
648 3301 923 3381 QUORUMDAM
947 3303 1262 3370 EPISCOPORUM.
1323 3317 1327 3322 '

153 3413 328 3502 Qualiter
347 3443 421 3514 pro
450 3419 552 3512 Rege
579 3433 614 3490 et
639 3423 803 3491 exercitu
830 3423 908 3490 eius
933 3422 1006 3492 iccio
1032 3426 1188 3496 instanti
1211 3427 1288 3496 tri-

148 3511 339 3586 bulatione
371 3519 396 3588 ὰ
416 3517 597 3611 fidelibus
632 3521 672 3592 in
705 3519 939 3592 orationibus
980 3537 1015 3592 et
1047 3525 1288 3617 eleemosynis

475 3617 561 3689 Deo
587 3621 877 3716 supplicandum
903 3623 961 3691 sit.

150 3729 351 3872 Capitulare
372 3793 512 3876 qualiter
532 3796 716 3858 institutum
736 3808 782 3860 est
807 3799 840 3858 in
862 3797 924 3861 hoc
947 3799 1183 3883 Episcoporum
1207 3808 1287 3862 cou-

148 3883 249 3962 rentu
267 3883 310 3953 o),
329 3875 436 3956 idest,
455 3888 492 3938 ut
509 3881 738 3964 unusquisque
752 3881 932 3967 Episcopus
947 3892 1011 3944 tres
1029 3881 1139 3946 Missas
1154 3891 1188 3946 et
1205 3884 1289 3968 psal-

153 4033 414 4055 Ἣ

179 4103 257 4168 ljal.
274 4121 334 4158 mss.
353 4109 440 4160 Misso
460 4123 578 4179 nostro;
596 4115 690 4168 Misso.
777 4121 810 4182 u)
829 4115 863 4169 al.
876 4133 923 4171 ms.
943 4115 1050 4172 desunt.

145 4191 147 4196 ·
180 4179 221 4238 m)
239 4174 273 4256 al.
291 4193 350 4299 inps.
372 4181 464 4232 maior
479 4181 595 4240 damnus
605 4205 616 4252 ,·
634 4205 692 4240 mo·
779 4193 810 4252 o)
828 4187 861 4239 al.
879 4205 937 4242 mss.
958 4205 1097 4245 consensu.

251 4263 296 4298 sor
333 4265 450 4302 amasam.
