2958 4986
205 295 278 372 1⁵4
455 315 491 378 n.
507 313 603 376 cun.
703 299 964 374 cnrlruususn
1055 322 1119 381 sos.

226 459 255 524 5.
279 459 442 545 Quaenam
471 457 592 544 populo
621 460 750 544 praeci·
804 457 849 535 ¹4·
879 457 922 521 Ut
941 461 1122 524 ebrietatem
1146 463 1182 522 in
1204 481 1238 522 se
1260 472 1292 520 et
1313 461 1350 522 in

224 624 255 688 6.
267 539 348 686 Ἐμὲ
369 540 562 604 insinuanda
580 542 654 602 sint.
883 543 957 603 aliis
978 556 1119 606 caueant.

290 623 475 770 disdoeimb'
497 624 646 709 ἃΡοΡῑιῙο
667 623 750 686 dan·
805 646 850 710 15.
881 647 924 710 Ut
938 671 1009 712 cum
1026 653 1188 714 extraneis
1206 651 1351 712 mulieri·

226 815 255 876 y.
278 787 446 878 Quomodb
470 787 666 854 dividendae
687 793 751 853 sint
882 733 940 794 bus
956 737 1188 857 walahum
1290 841 1297 855 ι

288 874 439 936 decimae,
804 839 850 902 16.
881 839 923 902 Ut
935 840 1151 940 fideiussores
1174 861 1239 901 non
1266 853 1349 912 sant,

227 957 261 1021 8,.
283 957 326 1022 Ur
356 954 468 1104 ssim
488 955 602 1018 divina
624 979 751 1044 compe,
882 937 914 984 et
947 925 1104 986 secularia
1131 920 1253 984 sudeam
1281 944 1351 984 non

285 1043 364 1102 tenti
385 1061 420 1102 us
448 1041 537 1102 boris
569 1061 634 1102 non
659 1062 751 1124 prag.
881 1007 1006 1068 adeant.

288 1125 471 1184 termittant.
804 1135 849 1194 ¹7·
869 1113 919 1174 De
935 1116 1133 1200 possessione
1148 1115 1338 1195 trigintaan

225 1227 255 1292 9.
281 1206 324 1269 Ut
338 1207 455 1268 Missas
469 1204 751 1269 extraEcclesiam
883 1219 1006 1259 norum·

289 1311 353 1353 non
374 1289 541 1352 celebrent·
807 1305 853 1369 ιθ.
883 1304 926 1366 Ut
945 1326 1034 1367 arma
1052 1327 1115 1368 non
1130 1318 1260 1386 gerant,
1289 1327 1350 1372 nec

209 1393 255 1436 so.
282 1373 324 1471 Ut
346 1391 485 1470 congrua
509 1385 651 1457 tempora
675 1372 753 1456 bap·
883 1387 955 1448 lites
971 1401 1129 1450 moveant.

289 1469 375 1516 llbml
391 1467 568 1515 serventur.

209 1557 256 1598 ιι.
284 1536 327 1599 Ut
355 1533 480 1622 infirmi
508 1537 650 1620 quolibet
673 1549 754 1599 tem.
807 1524 853 1588 ¹9·
884 1501 927 1647 gt
957 1505 1104 1567 tabernas
1139 1524 1204 1565 non
1239 1505 1349 1591 ingre.

313 1639 368 1680 ore
389 1619 596 1703 baptizentur.
910 1600 1025 1648 laniat·

190 1683 257 1764 λη.
314 1713 326 1762 ι
349 1722 410 1786 pro
437 1701 598 1785 hapa-sm
622 1715 653 1764 a
680 1703 753 1764 diis
803 1690 853 1730 aa.
883 1669 1145 1731 Utbinramcnto
1159 1670 1349 1732 abstineant.

290 1783 510 1870 spiritualibus
529 1788 667 1868 pretium
689 1807 753 1848 non
805 1783 854 1846 ἀι.
886 1785 928 1850 Ut
942 1787 1169 1867 poenitentiam
1188 1782 1349 1870 confiten-

289 1867 429 1948 exigant.
885 1869 966 1930 tibus
983 1881 1014 1930 et
1033 1869 1186 1930 uiaticum
1206 1865 1349 1952 infirmis

210 1953 256 2014 13.
283 1949 327 2012 Ut
357 1951 392 2010 in
423 1969 485 2032 qua
511 1947 655 2012 ordinati
681 1964 754 2014 sunt
884 1951 1033 2012 tribuant.
1140 2003 1147 2018 ,

289 2031 434 2095 Ecclesia
447 2047 661 2117 permaneant.
803 2055 851 2096 na.
876 2035 925 2094 De
948 2035 1092 2096 unctione
1110 2034 1324 2124 infirmorum.

314 2199 479 2261 incurrans
502 2217 728 2261 saruscarrrs
749 2198 912 2262 ennam
933 2221 971 2261 ιτ
993 2220 1100 2262 sanun
1123 2220 1251 2261 rsxrus.

303 2311 347 2376 Ut
369 2310 560 2378 Sacerdotes
578 2312 707 2376 assidat
728 2327 820 2377 orent
833 2335 895 2400 pro
920 2313 1040 2378 domno
1057 2317 1267 2401 Imperatore.

267 2423 293 2485 l.
314 2424 358 2484 Ut
377 2417 488 2486 cuncti
508 2421 698 2485 Sacerdotes
721 2423 873 2567 qrecibus
894 2421 1030 2484 assiduis
1046 2444 1105 2506 pro
1123 2421 1189 2484 vita
1206 2429 1239 2481 et
1251 2420 1357 2503 impe-

207 2506 259 2570 rio
274 2505 394 2569 Domui
414 2505 632 2590 Imperatoris,
655 2516 688 2568 et
708 2505 729 2566 fi
745 2505 851 2568 iorum
867 2528 904 2568 ac
922 2506 1064 2566 filiarum
1080 2506 1194 2583 salute,
1216 2513 1322 2565 orent.

520 2613 563 2676 Ut
584 2627 676 2676 orent
697 2631 758 2696 pro
776 2609 939 2697 Episcopo
968 2634 1034 2674 suo.
1110 2677 1114 2692 q

289 2721 332 2786 11.
365 2722 409 2783 Ut
425 2719 653 2803 unusquisque
675 2719 831 2782 Sacerdos
852 2721 1050 2802 quotidianis
1074 2701 1198 2784 assistat
1230 2719 1355 2787 oratia-

209 2801 306 2868 nibus
323 2823 384 2889 pro
404 2801 564 2866 Pontifice
586 2803 679 2868 cuius
695 2803 897 2886 gubernatur
910 2804 1080 2886 regimine.

382 2910 432 2970 De
448 2929 525 2976 cura
542 2908 705 2980 Ecclesiae
723 2922 754 2970 et
772 2930 937 2977 sacrarum
958 2911 1183 2994 Reliquiarum.

290 3017 349 3080 111.
383 3018 428 3078 Ut
447 3015 673 3098 unusquisque
689 3017 844 3080 Sacerdos
862 3019 1032 3080 ecclesiam
1054 3041 1143 3080 suam
1166 3038 1242 3078 cum
1263 3017 1357 3079 omni

211 3099 383 3184 diligentia
398 3097 568 3170 aedificet3
598 3107 631 3160 et
646 3100 813 3182 Reliquias
831 3101 1027 3163 Sanctorum
1048 3125 1122 3164 cum
1137 3121 1261 3163 summo
1282 3111 1359 3163 stu-2·

210 3185 267 3247 dio
282 3182 470 3268 vigiliarum
487 3181 592 3243 noctis
612 3191 646 3244 et
666 3182 793 3245 diurnis
815 3182 930 3248 officiis
950 3195 1131 3248 conservet.

408 3286 452 3348 Ut
469 3289 670 3370 euangelium
691 3289 813 3354 Christi
832 3292 951 3376 populo
971 3291 1167 3379 praedicent.

292 3370 349 3432 IV.
390 3371 434 3430 Ut
452 3373 600 3454 oum'bus
621 3372 713 3434 festis
738 3383 771 3435 et
796 3373 911 3460 diebus
936 3375 1107 3437 dominicis
1128 3371 1360 3462 unusquisque

212 3451 368 3518 Sacerdos
388 3453 596 3536 evangelium
615 3454 736 3518 Christi
752 3457 877 3542 populo
892 3459 1068 3540 praedicet.

256 3591 258 3594 ·
362 3575 365 3582 ’
390 3561 551 3644 Quaenam
568 3563 687 3648 populo
730 3565 817 3625 raeci
840 3561 878 3624 ud
897 3564 1089 3626 insinuanda
1110 3565 1185 3624 sint.

295 3645 336 3710 V.
377 3644 420 3704 Ut
453 3645 678 3728 unusquisque
701 3583 859 3710 Sacerdbs
893 3648 1073 3709 orationem
1101 3643 1299 3720 dominicam
1328 3651 1363 3709 et

213 3726 395 3824 symbolum
412 3727 535 3822 populo
557 3727 618 3789 sibi
636 3731 805 3798 commisso
821 3729 948 3792 curiose
966 3731 1123 3811 insinuet,
1142 3751 1178 3790 ac
1195 3727 1296 3788 totius
1311 3746 1365 3784 re-

213 3809 347 3956 lrgioqils
376 3809 520 3871 studlum
555 3819 588 3872 et
619 3810 869 3875 Christianitatis
900 3813 1025 3875 cultum
1054 3833 1168 3876 eorum
1197 3808 1364 3872 mentibus

219 3901 311 3956 osten
336 3899 377 3954 at.

522 3975 570 4042 lle
591 3973 724 4046 decimis
745 3978 765 4040 a
783 3980 902 4062 populo
931 3978 1059 4041 dandis.

300 4085 356 4148 Vl.
399 4085 442 4144 Ut
463 4085 689 4168 unusquisque
718 4086 874 4148 Sacerdos
905 4097 1040 4149 cunctos
1072 4086 1133 4150 sihi
1160 4085 1366 4170 pertinentes

219 4167 364 4246 erudiat,
388 4175 424 4226 ut
444 4168 546 4229 sciant
567 4170 710 4250 qualiter
731 4169 870 4238 decimas
896 4170 994 4235 totius
1016 4169 1177 4236 facultatis
1206 4167 1366 4236 Ecclesiis
1451 4199 1453 4206 ν

221 4249 343 4317 divinis
363 4247 470 4314 debite
493 4249 637 4320 alienant.
