2952 4988
242 333 278 387 Α.
297 330 389 414 ωη.
501 329 638 388 arcun
658 327 896 390 raancoauu
1000 331 1063 388 sos.
1181 313 1253 392 2¹1

116 474 137 535 b
159 468 414 554 negotiatoribus
438 468 627 553 exigantur,
649 479 715 531 tam
734 469 774 533 dc
787 471 960 554 pontibus,
985 473 1149 554 ququuc
1164 483 1198 538 et
1214 474 1256 540 de

118 555 269 637 navigiis,
289 573 348 615 seu
361 553 519 614 mercatis.
559 554 650 616 Nova
664 574 742 616 vero
760 553 828 616 sire
850 555 989 633 iniusta,¹
1006 554 1063 616 ubi
1083 557 1137 618 vel
1157 557 1257 620 funes

116 639 319 713 tenduntur,
348 637 401 698 vel
422 657 496 696 cum
513 635 650 697 navibus
669 636 727 696 suh
744 636 897 718 pontibus
917 636 1093 720 transitur,
1120 661 1181 701 seu
1203 640 1256 702 his

117 719 256 797 similia,
284 719 318 778 in
344 717 462 799 quibus
484 717 614 778 nullum
635 718 833 779 adiutorium
851 719 1042 781 iterantibus
1064 730 1257 805 praestatur,

119 811 241 863 utnon
261 801 442 884 exigantur.
483 799 642 861 Similiter
662 800 759 862 etiam
776 823 837 862 nec
854 801 893 862 de
910 801 961 863 his
984 802 1132 885 qui-sine
1154 825 1258 888 nego-

118 883 223 946 tiandi
239 905 334 946 causa
356 881 567 946 substantiam
579 905 670 943 suam
692 884 732 945 de
755 906 820 944 una
835 884 930 944 domo
944 906 1001 946 sua
1018 885 1060 946 ad
1081 886 1188 964 aliam,
1203 893 1260 947 aut

119 966 162 1028 ad
181 967 354 1050 palatium,
383 987 442 1028 seu
467 965 701 1026 inexercitum
725 966 859 1028 ducunt.
901 966 935 1027 si
955 965 1036 1050 quid
1056 990 1136 1031 vero
1158 967 1261 1030 fuerit

120 1049 217 1111 unde.
229 1049 407 1127 dubitetur,
426 1047 466 1109 ad
481 1047 621 1132 primum
638 1049 795 1131 placitum
815 1057 962 1112 nostrum
978 1051 1160 1134 quodcum
1182 1049 1271 1137 ipsis·

120 1131 228 1195 Missis
245 1131 389 1193 habituri
406 1153 534 1209 sumus,
559 1131 789 1213 interrogetur.

400 1236 450 1298 De
464 1225 619 1320 fugitiuis
638 1237 773 1298 Clerieis
792 1238 860 1298 sive
884 1235 984 1300 laicis.
1038 1245 1046 1274 ⁵

205 1347 294 1410 XVI.
334 1348 384 1408 De
404 1343 551 1428 fugitivis
571 1343 707 1406 Clericis
727 1343 795 1407 sire
814 1344 917 1423 laicis,
939 1341 993 1406 vel
1010 1345 1107 1407 etiam
1120 1344 1261 1428 feminis,
1359 1379 1363 1386 ⁴

122 1427 209 1494 sicut
232 1429 296 1490 iam
318 1429 352 1490 in
374 1427 438 1489 alio
458 1427 637 1511 Capitulari
658 1427 900 1510 praecepimus,
922 1426 966 1488 ita
982 1439 1140 1492 serretur.
1257 1433 1260 1440 ’

193 1561 243 1622 De
263 1561 371 1623 liberis
390 1561 568 1623 bominibus
590 1557 636 1622 ud
656 1560 823 1620 seruitium
838 1558 904 1632 Dei
931 1580 964 1621 se
986 1558 1201 1650 tradentibus.

206 1667 311 1730 XVII.
352 1667 401 1728 De
420 1665 532 1727 liberis
548 1663 734 1728 hominihus
750 1665 808 1748 qui
826 1665 868 1728 ud
884 1666 1053 1730 servitium
1073 1669 1137 1732 Dei
1152 1690 1186 1732 se
1202 1673 1266 1733 tra·

124 1750 203 1816 dere
221 1749 350 1827 volunt,
370 1749 510 1845 ut-prids
525 1747 590 1809 boc
609 1770 675 1809 non
701 1749 823 1810 faciant
840 1750 938 1830 quim
955 1750 973 1812 al
989 1751 1082 1814 nobis
1098 1751 1267 1814 licentiam

123 1832 299 1916 postulent.
342 1833 412 1892 Hoc
429 1832 503 1893 ideo
523 1831 600 1913 quia
619 1830 802 1893 audirimus
823 1831 949 1914 aliquos
971 1854 1012 1894 ex
1029 1833 1107 1913 illis,
1120 1854 1188 1895 uon
1201 1844 1268 1897 tam

126 1915 222 1978 causi
244 1913 425 1977 devotionis
442 1915 541 1996 quim
560 1912 740 1975 exercitum
757 1935 816 1988 seu
833 1914 928 1977 aliam
948 1915 1152 1978 functionem
1171 1937 1267 1999 rega·

125 1988 384 2080 lcm‘sugiendo,
408 1997 564 2079 quosdam
580 2017 660 2058 vero
680 1996 865 2080 cupiditatis
886 1999 981 2058 causis
1003 1999 1043 2060 ub
1062 1999 1114 2060 his
1133 1998 1193 2080 qui
1214 2017 1267 2060 res
1312 2061 1317 2070 ,

126 2079 260 2142 illorum
278 2079 534 2164 concupiscunt,
563 2078 804 2144 circumventos
818 2079 1012 2144 audirimus.
1052 2081 1097 2152 Et
1110 2078 1174 2143 hoc
1190 2080 1266 2144 ideo

126 2161 204 2228 fieri
220 2161 441 2246 prohibemus.
884 2179 885 2182 ’

453 2266 504 2330 De
526 2272 729 2355 oppressione
750 2289 936 2356 pauperum.
981 2301 983 2314 ‹

209 2374 331 2439 XVIII.
371 2377 420 2436 De
446 2371 655 2456 oppressione
679 2396 861 2460 pauperum
881 2376 1062 2439 liberorum
1084 2375 1266 2456 hominum,

125 2467 255 2520 utnon
280 2457 358 2517 fiant
384 2458 402 2518 t
431 2457 668 2540 potentioribus
696 2479 756 2541 per
784 2458 918 2540 aliquod
946 2461 1068 2520 malum
1097 2458 1282 2542 ingenium'

128 2549 242 2604 contra
264 2539 417 2602 iustitiam
431 2541 586 2622 oppressi,
609 2540 654 2600 ita
670 2549 706 2600 nt
722 2541 823 2602 coacti
846 2561 899 2602 res
918 2561 1031 2603 eorum
1051 2543 1196 2606 vendant
1212 2549 1270 2604 aut

128 2623 267 2685 tradant.
308 2622 386 2683 Ideo
399 2620 479 2683 haec
494 2630 526 2683 et
547 2623 643 2704 supri
665 2631 697 2684 et
714 2623 769 2684 hic
785 2623 824 2685 de
841 2623 953 2686 liberis
970 2623 1158 2686 bominibus
1177 2623 1279 2687 dixi·

128 2727 219 2782 mus,
239 2727 280 2766 ne
303 2705 387 2765 forte
408 2713 559 2786 parentes
574 2715 686 2784 contra
702 2704 857 2774 iustitiam
872 2705 952 2767 fiant
970 2705 1205 2784 exhereditati,
1234 2714 1269 2768 et

128 2788 238 2870 regale
257 2786 447 2868 obsequium
467 2785 652 2867 minuatur,¹
672 2797 704 2849 et
725 2787 786 2872 ipsi
800 2786 949 2868 heredes,
964 2798 1099 2872 propter
1114 2787 1271 2870 indigen·

127 2871 216 2947 tiam,
234 2868 376 2932 mendici
396 2869 450 2931 vel
466 2868 607 2931 latrones
628 2893 686 2932 seu
699 2871 923 2934 malefactores
942 2871 1135 2934 efficiantur.
1175 2871 1219 2932 Et
1233 2877 1270 2932 ut

127 2953 255 3035 saepius
272 2974 338 3013 uon
353 2952 431 3012 fiant
446 2951 591 3030 banniti,
618 2953 680 3023 nisi
697 2954 781 3016 sicut
798 2953 833 3016 in
853 2953 918 3016 alio
938 2953 1118 3040 Capitulari
1132 2972 1268 3040 praece·

127 3035 254 3122 pimus,
282 3035 329 3096 ita
350 3042 511 3096 serretur.
1151 3060 1158 3078 x

314 3142 365 3202 Dc
383 3141 537 3202 Ecclesiis
558 3161 613 3202 seu
637 3141 763 3204 Sanctis
789 3141 918 3207 nouiter
936 3145 1084 3206 inuentis.

153 3262 156 3272 '
211 3249 298 3311 XIX.
339 3250 388 3309 De
409 3246 566 3309 Ecclesiis
589 3269 647 3310 seu
665 3247 792 3310 Sanctis
821 3251 951 3312 noviter
974 3249 1044 3312 sine
1077 3250 1270 3312 auctoritate

129 3333 290 3410 inventis,
318 3329 381 3392 nisi
399 3329 562 3414 Episcopo
585 3331 742 3414 probante
767 3331 899 3394 minimi
930 3340 1148 3394 venerenturs
1182 3331 1271 3397 salvs

130 3415 274 3478 etiamst
290 3413 330 3476 de
346 3412 408 3475 boc
424 3414 509 3476 etde
523 3415 672 3476 omnibus
688 3413 843 3504 Ecclesiis
859 3415 1014 3477 canonici
1029 3412 1229 3502 auctoritate.
1264 3437 1267 3442 ·

537 3517 587 3582 De
601 3516 701 3602 falsis
720 3521 863 3608 monetis.

214 3627 286 3690 XX.
326 3629 376 3688 De
396 3626 486 3690 falsis
501 3625 659 3706 monetis,
681 3627 758 3708 quia
775 3626 810 3687 in
826 3626 939 3690 multis
955 3627 1037 3690 locis
1053 3637 1166 3690 contra
1181 3626 1272 3690 iusti-

131 3709 210 3772 tiam
230 3718 263 3770 et
280 3718 391 3770 contra
413 3710 556 3772 edictum
576 3719 729 3772 nostrum¹
742 3709 842 3789 fiunt,
867 3711 1018 3773 volumus
1033 3719 1069 3770 ut
1090 3710 1185 3771 nullo
1206 3711 1272 3772 alio
1341 3742 1345 3752 ·

132 3789 206 3854 loco
225 3800 351 3851 moneta
376 3791 428 3867 sit,
447 3792 510 3854 nisi
528 3793 563 3852 in
575 3792 695 3875 palatio
716 3803 846 3864 nostr03
872 3793 934 3855 nisi
949 3794 1034 3855 forti
1056 3793 1186 3868 duobis
1209 3792 1272 3858 ite-

131 3875 205 3936 rbm
224 3874 319 3934 aliter
341 3873 443 3938 fuerit
464 3874 658 3936 ordinatum.
708 3876 844 3938 Denarii
867 3898 946 3941 vero
971 3876 1029 3962 qui
1052 3883 1212 3959 pensant,
1239 3885 1273 3938 et

132 3956 214 4018 meri
231 3965 318 4033 sunt,
343 3955 473 4020 stabiles
491 3978 559 4020 esse
573 3965 718 4041 possunt.

507 4119 510 4126 .
575 4066 624 4126 De
648 4067 833 4130 heribanno.

215 4173 303 4234 XXL-
344 4165 393 4236 lle
415 4171 598 4234 heribanno
620 4175 771 4238 volumus
796 4184 832 4236 ut
853 4173 944 4237 Missi
962 4141 1072 4238 ¹nostri
1093 4171 1157 4236 hoc
1186 4197 1273 4240 anno

132 4254 275 4320 fideliter
290 4265 438 4320 exactare
460 4254 598 4320 debeant
617 4257 736 4345 ubsque
755 4258 854 4322 ullius
872 4275 1030 4342 personae
1049 4256 1163 4342 gratis,
1182 4257 1272 4322 blan-
