<?xml version="1.0" encoding="UTF-8"?>
<!DOCTYPE html PUBLIC "-//W3C//DTD XHTML 1.0 Transitional//EN"
    "http://www.w3.org/TR/xhtml1/DTD/xhtml1-transitional.dtd">
<html xmlns="http://www.w3.org/1999/xhtml" xml:lang="en" lang="en">
 <head>
  <title>
</title>
<meta http-equiv="Content-Type" content="text/html;charset=utf-8" />
  <meta name='ocr-system' content='tesseract 3.04.00' />
  <meta name='ocr-capabilities' content='ocr_page ocr_carea ocr_par ocr_line ocrx_word'/>
</head>
<body>
  <div class='ocr_page' id='page_1' title='image "./corpusiurisgerm05visigoog_0367.png"; bbox 0 0 2928 4986; ppageno 0'>
   <div class='ocr_carea' id='block_1_1' title="bbox 200 249 1083 324">
    <p class='ocr_par' dir='ltr' id='par_1_1' title="bbox 200 249 1083 324">
     <span class='ocr_line' id='line_1_1' title="bbox 200 249 1083 324; baseline -0.01 1"><span class='ocrx_word' id='word_1_1' title='bbox 200 249 273 324; x_wconf 83' lang='lat'><strong>354</strong></span> <span class='ocrx_word' id='word_1_2' title='bbox 408 261 551 323; x_wconf 73' lang='lat' dir='ltr'><strong>acea.</strong></span> <span class='ocrx_word' id='word_1_3' title='bbox 657 259 913 320; x_wconf 77' lang='lat' dir='ltr'><strong>cararueaiaa</strong></span> <span class='ocrx_word' id='word_1_4' title='bbox 1019 261 1083 316; x_wconf 77' lang='lat' dir='ltr'><strong>aas</strong></span> 
     </span>
    </p>
   </div>
   <div class='ocr_carea' id='block_1_2' title="bbox 120 367 1346 1316">
    <p class='ocr_par' dir='ltr' id='par_1_2' title="bbox 120 367 1346 821">
     <span class='ocr_line' id='line_1_2' title="bbox 371 367 376 394; baseline 0 0"><span class='ocrx_word' id='word_1_5' title='bbox 371 367 376 394; x_wconf 87' lang='lat' dir='ltr'><strong>l</strong></span> 
     </span>
     <span class='ocr_line' id='line_1_3' title="bbox 120 398 1345 486; baseline -0.012 -11"><span class='ocrx_word' id='word_1_6' title='bbox 120 473 123 482; x_wconf 86' lang='grc'><em>,</em></span> <span class='ocrx_word' id='word_1_7' title='bbox 199 413 284 486; x_wconf 88' lang='lat' dir='ltr'><strong>beat,</strong></span> <span class='ocrx_word' id='word_1_8' title='bbox 307 416 339 470; x_wconf 87' lang='lat' dir='ltr'><strong>et</strong></span> <span class='ocrx_word' id='word_1_9' title='bbox 354 403 456 468; x_wconf 84' lang='lat' dir='ltr'><strong>alodis</strong></span> <span class='ocrx_word' id='word_1_10' title='bbox 475 403 545 466; x_wconf 88' lang='lat' dir='ltr'><strong>eius</strong></span> <span class='ocrx_word' id='word_1_11' title='bbox 562 401 596 463; x_wconf 90' lang='lat' dir='ltr'><strong>in</strong></span> <span class='ocrx_word' id='word_1_12' title='bbox 615 402 760 463; x_wconf 86' lang='lat' dir='ltr'><strong>bannum</strong></span> <span class='ocrx_word' id='word_1_13' title='bbox 779 403 940 473; x_wconf 80' lang='lat' dir='ltr'><strong>mittatnr3</strong></span> <span class='ocrx_word' id='word_1_14' title='bbox 969 399 1042 462; x_wconf 89' lang='lat' dir='ltr'><strong>etsi</strong></span> <span class='ocrx_word' id='word_1_15' title='bbox 1059 415 1182 462; x_wconf 76' lang='lat' dir='ltr'><strong>annum</strong></span> <span class='ocrx_word' id='word_1_16' title='bbox 1199 405 1235 460; x_wconf 90' lang='lat' dir='ltr'><strong>et</strong></span> <span class='ocrx_word' id='word_1_17' title='bbox 1255 398 1345 460; x_wconf 86' lang='lat' dir='ltr'><strong>diem</strong></span> 
     </span>
     <span class='ocr_line' id='line_1_4' title="bbox 201 483 1344 570; baseline -0.01 -15"><span class='ocrx_word' id='word_1_18' title='bbox 201 497 237 556; x_wconf 84' lang='lat' dir='ltr'><strong>iu</strong></span> <span class='ocrx_word' id='word_1_19' title='bbox 264 499 375 553; x_wconf 85' lang='lat' dir='ltr'><strong>nostro</strong></span> <span class='ocrx_word' id='word_1_20' title='bbox 401 487 511 548; x_wconf 85' lang='lat' dir='ltr'><strong>banno</strong></span> <span class='ocrx_word' id='word_1_21' title='bbox 540 487 771 570; x_wconf 74' lang='lat' dir='ltr'><strong>permanserit,</strong></span> <span class='ocrx_word' id='word_1_22' title='bbox 801 487 841 547; x_wconf 93' lang='lat' dir='ltr'><strong>ad</strong></span> <span class='ocrx_word' id='word_1_23' title='bbox 862 486 976 558; x_wconf 72' lang='lat' dir='ltr'><strong>liscum</strong></span> <span class='ocrx_word' id='word_1_24' title='bbox 995 494 1141 546; x_wconf 80' lang='lat' dir='ltr'><strong>nostrum</strong></span> <span class='ocrx_word' id='word_1_25' title='bbox 1161 483 1344 565; x_wconf 72' lang='lat' dir='ltr'><strong>redigatur,</strong></span> 
     </span>
     <span class='ocr_line' id='line_1_5' title="bbox 201 567 1346 658; baseline -0.011 -19"><span class='ocrx_word' id='word_1_26' title='bbox 201 586 235 640; x_wconf 86' lang='lat' dir='ltr'><strong>et</strong></span> <span class='ocrx_word' id='word_1_27' title='bbox 259 583 370 658; x_wconf 89' lang='lat' dir='ltr'><strong>captus</strong></span> <span class='ocrx_word' id='word_1_28' title='bbox 395 569 591 630; x_wconf 85' lang='lat' dir='ltr'><strong>inexilium</strong></span> <span class='ocrx_word' id='word_1_29' title='bbox 617 569 795 650; x_wconf 81' lang='lat' dir='ltr'><strong>religetur,</strong></span> <span class='ocrx_word' id='word_1_30' title='bbox 815 579 849 631; x_wconf 89' lang='lat' dir='ltr'><strong>et</strong></span> <span class='ocrx_word' id='word_1_31' title='bbox 866 567 910 628; x_wconf 77' lang='lat' dir='ltr'><strong>ilsi</strong></span> <span class='ocrx_word' id='word_1_32' title='bbox 934 567 1058 629; x_wconf 86' lang='lat' dir='ltr'><strong>tamdiu</strong></span> <span class='ocrx_word' id='word_1_33' title='bbox 1081 567 1288 629; x_wconf 75' lang='lat' dir='ltr'><strong>custodiatur</strong></span> <span class='ocrx_word' id='word_1_34' title='bbox 1313 578 1346 628; x_wconf 91' lang='lat' dir='ltr'><strong>et</strong></span> 
     </span>
     <span class='ocr_line' id='line_1_6' title="bbox 202 649 1343 738; baseline -0.011 -18"><span class='ocrx_word' id='word_1_35' title='bbox 202 657 445 738; x_wconf 79' lang='lat' dir='ltr'>constringatur</span> <span class='ocrx_word' id='word_1_36' title='bbox 465 653 569 714; x_wconf 89' lang='lat' dir='ltr'><strong>donec</strong></span> <span class='ocrx_word' id='word_1_37' title='bbox 585 661 716 714; x_wconf 87' lang='lat' dir='ltr'><strong>coactus</strong></span> <span class='ocrx_word' id='word_1_38' title='bbox 735 653 806 713; x_wconf 92' lang='lat' dir='ltr'><strong>Deo</strong></span> <span class='ocrx_word' id='word_1_39' title='bbox 826 661 859 712; x_wconf 90' lang='lat' dir='ltr'><strong>et</strong></span> <span class='ocrx_word' id='word_1_40' title='bbox 878 657 1006 712; x_wconf 88' lang='lat' dir='ltr'><strong>sauctae</strong></span> <span class='ocrx_word' id='word_1_41' title='bbox 1024 649 1193 714; x_wconf 83' lang='lat' dir='ltr'><strong>Ecclesiae</strong></span> <span class='ocrx_word' id='word_1_42' title='bbox 1214 650 1343 712; x_wconf 59' lang='lat' dir='ltr'><strong>satisl&#39;a»</strong></span> 
     </span>
     <span class='ocr_line' id='line_1_7' title="bbox 202 733 914 821; baseline -0.018 -16"><span class='ocrx_word' id='word_1_43' title='bbox 202 742 277 819; x_wconf 88' lang='lat' dir='ltr'><strong>ciat,</strong></span> <span class='ocrx_word' id='word_1_44' title='bbox 300 737 389 821; x_wconf 88' lang='lat' dir='ltr'><strong>quod</strong></span> <span class='ocrx_word' id='word_1_45' title='bbox 406 733 498 816; x_wconf 84' lang='lat' dir='ltr'><strong>prius</strong></span> <span class='ocrx_word' id='word_1_46' title='bbox 515 735 610 818; x_wconf 79' lang='lat' dir='ltr'><strong>gratis</strong></span> <span class='ocrx_word' id='word_1_47' title='bbox 624 737 733 797; x_wconf 84' lang='lat' dir='ltr'><strong>facere</strong></span> <span class='ocrx_word' id='word_1_48' title='bbox 754 735 914 794; x_wconf 89' lang='lat' dir='ltr'><strong>noluerat.</strong></span> 
     </span>
    </p>

    <p class='ocr_par' dir='ltr' id='par_1_3' title="bbox 202 813 1346 1316">
     <span class='ocr_line' id='line_1_8' title="bbox 284 813 1344 899; baseline -0.008 -16"><span class='ocrx_word' id='word_1_49' title='bbox 284 823 329 883; x_wconf 90' lang='lat' dir='ltr'><strong>Et</strong></span> <span class='ocrx_word' id='word_1_50' title='bbox 345 821 371 882; x_wconf 91' lang='lat' dir='ltr'><strong>si</strong></span> <span class='ocrx_word' id='word_1_51' title='bbox 390 818 540 880; x_wconf 88' lang='lat' dir='ltr'><strong>omnibus</strong></span> <span class='ocrx_word' id='word_1_52' title='bbox 560 817 651 878; x_wconf 83' lang='lat' dir='ltr'><strong>vobis</strong></span> <span class='ocrx_word' id='word_1_53' title='bbox 668 819 727 880; x_wconf 90' lang='lat' dir='ltr'><strong>ista</strong></span> <span class='ocrx_word' id='word_1_54' title='bbox 740 816 1010 899; x_wconf 78' lang='lat' dir='ltr'><strong>complacuerint,</strong></span> <span class='ocrx_word' id='word_1_55' title='bbox 1031 813 1140 876; x_wconf 89' lang='lat' dir='ltr'><strong>dicite.</strong></span> <span class='ocrx_word' id='word_1_56' title='bbox 1181 815 1225 878; x_wconf 87' lang='lat' dir='ltr'><strong>Et</strong></span> <span class='ocrx_word' id='word_1_57' title='bbox 1244 815 1344 875; x_wconf 89' lang='lat' dir='ltr'><strong>tertio</strong></span> 
     </span>
     <span class='ocr_line' id='line_1_9' title="bbox 202 899 1343 980; baseline -0.011 -12"><span class='ocrx_word' id='word_1_58' title='bbox 202 906 242 967; x_wconf 84' lang='lat' dir='ltr'><strong>ab</strong></span> <span class='ocrx_word' id='word_1_59' title='bbox 259 901 408 966; x_wconf 81' lang='lat' dir='ltr'><strong>omnibns</strong></span> <span class='ocrx_word' id='word_1_60' title='bbox 423 902 659 962; x_wconf 86' lang='lat' dir='ltr'><strong>conclamatum</strong></span> <span class='ocrx_word' id='word_1_61' title='bbox 673 912 737 963; x_wconf 89' lang='lat' dir='ltr'><strong>cst:</strong></span> <span class='ocrx_word' id='word_1_62' title='bbox 760 901 879 962; x_wconf 81' lang='lat' dir='ltr'><strong>Placet.</strong></span> <span class='ocrx_word' id='word_1_63' title='bbox 921 901 964 960; x_wconf 90' lang='lat' dir='ltr'><strong>Et</strong></span> <span class='ocrx_word' id='word_1_64' title='bbox 977 899 1193 980; x_wconf 80' lang='lat' dir='ltr'><strong>Imperatores</strong></span> <span class='ocrx_word' id='word_1_65' title='bbox 1209 909 1242 962; x_wconf 92' lang='lat' dir='ltr'><strong>et</strong></span> <span class='ocrx_word' id='word_1_66' title='bbox 1257 901 1343 979; x_wconf 72' lang='lat' dir='ltr'><strong>penis</strong></span> 
     </span>
     <span class='ocr_line' id='line_1_10' title="bbox 203 980 1344 1066; baseline -0.008 -17"><span class='ocrx_word' id='word_1_67' title='bbox 203 1009 314 1058; x_wconf 86' lang='lat' dir='ltr'><strong>omues</strong></span> <span class='ocrx_word' id='word_1_68' title='bbox 336 982 462 1048; x_wconf 84' lang='lat' dir='ltr'><strong>Galliae</strong></span> <span class='ocrx_word' id='word_1_69' title='bbox 483 994 515 1044; x_wconf 92' lang='lat' dir='ltr'><strong>et</strong></span> <span class='ocrx_word' id='word_1_70' title='bbox 529 983 721 1046; x_wconf 82' lang='lat' dir='ltr'><strong>Germaniae</strong></span> <span class='ocrx_word' id='word_1_71' title='bbox 738 983 910 1066; x_wconf 84' lang='lat' dir='ltr'><strong>Principes</strong></span> <span class='ocrx_word' id='word_1_72' title='bbox 925 980 1198 1064; x_wconf 86' lang='lat' dir='ltr'><strong>subscripserunt,</strong></span> <span class='ocrx_word' id='word_1_73' title='bbox 1220 982 1344 1062; x_wconf 83' lang='lat' dir='ltr'><strong>singuli</strong></span> 
     </span>
     <span class='ocr_line' id='line_1_11' title="bbox 203 1061 1345 1154; baseline -0.008 -21"><span class='ocrx_word' id='word_1_74' title='bbox 203 1069 347 1154; x_wconf 84' lang='lat' dir='ltr'><strong>singulas</strong></span> <span class='ocrx_word' id='word_1_75' title='bbox 377 1065 533 1129; x_wconf 85' lang='lat' dir='ltr'><strong>facientes</strong></span> <span class='ocrx_word' id='word_1_76' title='bbox 562 1087 685 1132; x_wconf 88' lang='lat' dir='ltr'><strong>eruces.</strong></span> <span class='ocrx_word' id='word_1_77' title='bbox 736 1068 780 1128; x_wconf 89' lang='lat' dir='ltr'><strong>Et</strong></span> <span class='ocrx_word' id='word_1_78' title='bbox 804 1063 1054 1128; x_wconf 87' lang='lat' dir='ltr'><strong>Ecclesiasticus</strong></span> <span class='ocrx_word' id='word_1_79' title='bbox 1085 1061 1177 1124; x_wconf 91' lang='lat' dir='ltr'><strong>Ordo</strong></span> <span class='ocrx_word' id='word_1_80' title='bbox 1203 1066 1277 1126; x_wconf 92' lang='lat' dir='ltr'><strong>Deo</strong></span> <span class='ocrx_word' id='word_1_81' title='bbox 1312 1073 1345 1126; x_wconf 86' lang='lat' dir='ltr'><strong>et</strong></span> 
     </span>
     <span class='ocr_line' id='line_1_12' title="bbox 202 1145 1346 1234; baseline -0.005 -20"><span class='ocrx_word' id='word_1_82' title='bbox 202 1147 410 1234; x_wconf 85' lang='lat' dir='ltr'><strong>Principibus</strong></span> <span class='ocrx_word' id='word_1_83' title='bbox 426 1149 538 1210; x_wconf 90' lang='lat' dir='ltr'><strong>laudes</strong></span> <span class='ocrx_word' id='word_1_84' title='bbox 555 1149 735 1214; x_wconf 85' lang='lat' dir='ltr'><strong>referentes</strong></span> <span class='ocrx_word' id='word_1_85' title='bbox 750 1148 910 1234; x_wconf 82' lang='lat' dir='ltr'><strong>hymnum</strong></span> <span class='ocrx_word' id='word_1_86' title='bbox 928 1145 972 1206; x_wconf 86' lang='lat' dir='ltr'><strong>Te</strong></span> <span class='ocrx_word' id='word_1_87' title='bbox 987 1147 1091 1208; x_wconf 81' lang='lat' dir='ltr'><strong>Deum</strong></span> <span class='ocrx_word' id='word_1_88' title='bbox 1102 1145 1272 1209; x_wconf 74' lang='lat' dir='ltr'><strong>laudamus</strong></span> <span class='ocrx_word' id='word_1_89' title='bbox 1290 1147 1346 1208; x_wconf 75' lang='lat' dir='ltr'><strong>da-</strong></span> 
     </span>
     <span class='ocr_line' id='line_1_13' title="bbox 205 1229 942 1316; baseline -0.007 -17"><span class='ocrx_word' id='word_1_90' title='bbox 205 1239 428 1300; x_wconf 81' lang='lat' dir='ltr'><strong>cantaverunt.</strong></span> <span class='ocrx_word' id='word_1_91' title='bbox 470 1233 514 1296; x_wconf 85' lang='lat' dir='ltr'><strong>Et</strong></span> <span class='ocrx_word' id='word_1_92' title='bbox 526 1231 572 1294; x_wconf 88' lang='lat' dir='ltr'><strong>sic</strong></span> <span class='ocrx_word' id='word_1_93' title='bbox 592 1232 697 1298; x_wconf 88' lang='lat' dir='ltr'><strong>solnta</strong></span> <span class='ocrx_word' id='word_1_94' title='bbox 714 1241 762 1296; x_wconf 84' lang='lat' dir='ltr'><strong>est</strong></span> <span class='ocrx_word' id='word_1_95' title='bbox 781 1229 942 1316; x_wconf 81' lang='lat' dir='ltr'><strong>synodus.</strong></span> 
     </span>
    </p>
   </div>
   <div class='ocr_carea' id='block_1_3' title="bbox 471 1385 1145 1508">
    <p class='ocr_par' dir='ltr' id='par_1_4' title="bbox 471 1385 1145 1508">
     <span class='ocr_line' id='line_1_14' title="bbox 471 1385 1145 1508; baseline 0.003 -8"><span class='ocrx_word' id='word_1_96' title='bbox 471 1459 473 1464; x_wconf 74' lang='grc'>’</span> <span class='ocrx_word' id='word_1_97' title='bbox 570 1385 974 1504; x_wconf 77' lang='lat' dir='ltr'><strong>CAPITutAnE</strong></span> <span class='ocrx_word' id='word_1_98' title='bbox 1063 1495 1068 1508; x_wconf 82' lang='lat'><strong>,</strong></span> <span class='ocrx_word' id='word_1_99' title='bbox 1142 1453 1145 1464; x_wconf 81' lang='lat'><em>&#39;</em></span> 
     </span>
    </p>
   </div>
   <div class='ocr_carea' id='block_1_4' title="bbox 205 1549 1342 1730">
    <p class='ocr_par' dir='ltr' id='par_1_5' title="bbox 205 1549 1342 1730">
     <span class='ocr_line' id='line_1_15' title="bbox 205 1549 1342 1647; baseline -0.004 -15"><span class='ocrx_word' id='word_1_100' title='bbox 205 1549 265 1632; x_wconf 87' lang='lat' dir='ltr'><strong>De</strong></span> <span class='ocrx_word' id='word_1_101' title='bbox 311 1556 439 1628; x_wconf 83' lang='lat' dir='ltr'><strong>Gensis</strong></span> <span class='ocrx_word' id='word_1_102' title='bbox 471 1553 689 1627; x_wconf 87' lang='lat' dir='ltr'><strong>Manasterii</strong></span> <span class='ocrx_word' id='word_1_103' title='bbox 729 1550 883 1630; x_wconf 78' lang='lat' dir='ltr'><strong>Sanctae</strong></span> <span class='ocrx_word' id='word_1_104' title='bbox 919 1559 1049 1630; x_wconf 84' lang='lat' dir='ltr'><strong>Crucis</strong></span> <span class='ocrx_word' id='word_1_105' title='bbox 1084 1558 1342 1647; x_wconf 85' lang='lat' dir='ltr'><strong>Pictaviensis,</strong></span> 
     </span>
     <span class='ocr_line' id='line_1_16' title="bbox 331 1657 1215 1730; baseline 0 -3"><span class='ocrx_word' id='word_1_106' title='bbox 331 1659 456 1727; x_wconf 88' lang='lat' dir='ltr'><strong>datum</strong></span> <span class='ocrx_word' id='word_1_107' title='bbox 488 1657 590 1726; x_wconf 88' lang='lat' dir='ltr'><strong>cirea</strong></span> <span class='ocrx_word' id='word_1_108' title='bbox 619 1679 755 1726; x_wconf 88' lang='lat' dir='ltr'><strong>annum</strong></span> <span class='ocrx_word' id='word_1_109' title='bbox 781 1657 922 1729; x_wconf 82' lang='lat' dir='ltr'><strong>Christi</strong></span> <span class='ocrx_word' id='word_1_110' title='bbox 947 1657 1215 1730; x_wconf 81' lang='lat' dir='ltr'><strong>Dcccxxlt.</strong></span> 
     </span>
    </p>
   </div>
   <div class='ocr_carea' id='block_1_5' title="bbox 202 1785 1455 2262">
    <p class='ocr_par' dir='ltr' id='par_1_6' title="bbox 202 1785 1455 2262">
     <span class='ocr_line' id='line_1_17' title="bbox 211 1785 1346 1888; baseline 0 -28"><span class='ocrx_word' id='word_1_111' title='bbox 211 1789 430 1888; x_wconf 60' lang='lat' dir='ltr'><strong>capitulare</strong></span> <span class='ocrx_word' id='word_1_112' title='bbox 455 1785 502 1857; x_wconf 85' lang='lat' dir='ltr'><strong>de</strong></span> <span class='ocrx_word' id='word_1_113' title='bbox 525 1787 761 1862; x_wconf 79' lang='lat' dir='ltr'><strong>Monacterio</strong></span> <span class='ocrx_word' id='word_1_114' title='bbox 787 1791 953 1864; x_wconf 82' lang='lat' dir='ltr'><strong>Sanctae</strong></span> <span class='ocrx_word' id='word_1_115' title='bbox 980 1792 1135 1881; x_wconf 81' lang='lat' dir='ltr'><strong>Crucis,</strong></span> <span class='ocrx_word' id='word_1_116' title='bbox 1163 1791 1267 1884; x_wconf 85' lang='lat' dir='ltr'><strong>quod</strong></span> <span class='ocrx_word' id='word_1_117' title='bbox 1290 1799 1346 1860; x_wconf 79' lang='lat' dir='ltr'><strong>est</strong></span> 
     </span>
     <span class='ocr_line' id='line_1_18' title="bbox 206 1879 1345 1986; baseline -0.001 -26"><span class='ocrx_word' id='word_1_118' title='bbox 206 1892 320 1960; x_wconf 83' lang='lat' dir='ltr'><strong>situm</strong></span> <span class='ocrx_word' id='word_1_119' title='bbox 345 1879 447 1960; x_wconf 82' lang='lat' dir='ltr'><strong>iutrd</strong></span> <span class='ocrx_word' id='word_1_120' title='bbox 470 1883 728 1961; x_wconf 76' lang='lat' dir='ltr'><strong>I&#39;ictaueaaem</strong></span> <span class='ocrx_word' id='word_1_121' title='bbox 752 1889 900 1981; x_wconf 84' lang='lat' dir='ltr'><strong>urbem,</strong></span> <span class='ocrx_word' id='word_1_122' title='bbox 927 1893 1030 1986; x_wconf 86' lang='lat' dir='ltr'><strong>quod</strong></span> <span class='ocrx_word' id='word_1_123' title='bbox 1049 1892 1245 1985; x_wconf 79' lang='lat' dir='ltr'><strong>piissimus</strong></span> <span class='ocrx_word' id='word_1_124' title='bbox 1271 1893 1345 1960; x_wconf 86' lang='lat' dir='ltr'><strong>Im·</strong></span> 
     </span>
     <span class='ocr_line' id='line_1_19' title="bbox 202 1977 1455 2086; baseline -0.001 -28"><span class='ocrx_word' id='word_1_125' title='bbox 202 2004 363 2084; x_wconf 83' lang='lat' dir='ltr'><strong>perator</strong></span> <span class='ocrx_word' id='word_1_126' title='bbox 388 1987 634 2080; x_wconf 79' lang='lat' dir='ltr'><strong>Lugdovicua</strong></span> <span class='ocrx_word' id='word_1_127' title='bbox 654 1989 752 2084; x_wconf 85' lang='lat' dir='ltr'><strong>fieri</strong></span> <span class='ocrx_word' id='word_1_128' title='bbox 776 1993 998 2086; x_wconf 82' lang='lat' dir='ltr'><strong>praecepit,</strong></span> <span class='ocrx_word' id='word_1_129' title='bbox 1031 2004 1143 2086; x_wconf 84' lang='lat' dir='ltr'><strong>atque</strong></span> <span class='ocrx_word' id='word_1_130' title='bbox 1177 2002 1219 2060; x_wconf 83' lang='lat' dir='ltr'><strong>nt</strong></span> <span class='ocrx_word' id='word_1_131' title='bbox 1243 1990 1344 2059; x_wconf 85' lang='lat' dir='ltr'><strong>idem</strong></span> <span class='ocrx_word' id='word_1_132' title='bbox 1454 1977 1455 1996; x_wconf 52' lang='lat'>¹</span> 
     </span>
     <span class='ocr_line' id='line_1_20' title="bbox 207 2086 1342 2186; baseline -0.001 -27"><span class='ocrx_word' id='word_1_133' title='bbox 207 2087 257 2160; x_wconf 85' lang='lat' dir='ltr'><strong>ab</strong></span> <span class='ocrx_word' id='word_1_134' title='bbox 282 2086 453 2159; x_wconf 82' lang='lat' dir='ltr'><strong>omnibus</strong></span> <span class='ocrx_word' id='word_1_135' title='bbox 477 2087 761 2178; x_wconf 81' lang='lat' dir='ltr'><strong>observaretur,</strong></span> <span class='ocrx_word' id='word_1_136' title='bbox 784 2091 952 2182; x_wconf 72' lang='lat' dir='ltr'><strong>glorioso</strong></span> <span class='ocrx_word' id='word_1_137' title='bbox 965 2092 1055 2186; x_wconf 78' lang='lat' dir='ltr'><strong>filio</strong></span> <span class='ocrx_word' id='word_1_138' title='bbox 1080 2113 1147 2161; x_wconf 81' lang='lat' dir='ltr'><strong>cuo</strong></span> <span class='ocrx_word' id='word_1_139' title='bbox 1174 2091 1342 2184; x_wconf 79' lang='lat' dir='ltr'><strong>Pippino</strong></span> 
     </span>
     <span class='ocr_line' id='line_1_21' title="bbox 212 2191 866 2262; baseline 0 -2"><span class='ocrx_word' id='word_1_140' title='bbox 212 2207 216 2214; x_wconf 85' lang='lat'>·</span> <span class='ocrx_word' id='word_1_141' title='bbox 673 2191 866 2262; x_wconf 78' lang='lat' dir='ltr'><strong>commisit</strong></span> 
     </span>
    </p>
   </div>
   <div class='ocr_carea' id='block_1_6' title="bbox 122 2332 1345 2478">
    <p class='ocr_par' dir='ltr' id='par_1_7' title="bbox 122 2332 1345 2478">
     <span class='ocr_line' id='line_1_22' title="bbox 122 2332 1345 2478; baseline 0 -26"><span class='ocrx_word' id='word_1_142' title='bbox 122 2441 125 2448; x_wconf 92' lang='lat'>.</span> <span class='ocrx_word' id='word_1_143' title='bbox 159 2439 161 2448; x_wconf 35' lang='lat' dir='ltr'><em>s</em></span> <span class='ocrx_word' id='word_1_144' title='bbox 209 2368 288 2460; x_wconf 61' lang='lat' dir='ltr'><strong>Cap·</strong></span> <span class='ocrx_word' id='word_1_145' title='bbox 309 2367 336 2426; x_wconf 86' lang='grc' dir='ltr'><strong>Ῑ·</strong></span> <span class='ocrx_word' id='word_1_146' title='bbox 360 2332 423 2450; x_wconf 90' lang='lat' dir='ltr'><strong>Ut</strong></span> <span class='ocrx_word' id='word_1_147' title='bbox 440 2392 457 2452; x_wconf 77' lang='lat' dir='ltr'><strong>i</strong></span> <span class='ocrx_word' id='word_1_148' title='bbox 475 2391 605 2454; x_wconf 89' lang='lat' dir='ltr'><strong>nemine</strong></span> <span class='ocrx_word' id='word_1_149' title='bbox 625 2393 808 2475; x_wconf 86' lang='lat' dir='ltr'><strong>praedictae</strong></span> <span class='ocrx_word' id='word_1_150' title='bbox 830 2385 1099 2458; x_wconf 78' lang='lat' dir='ltr'><strong>sanctimoniales</strong></span> <span class='ocrx_word' id='word_1_151' title='bbox 1117 2391 1345 2478; x_wconf 84' lang='lat' dir='ltr'><strong>opprimantur</strong></span> 
     </span>
    </p>
   </div>
   <div class='ocr_carea' id='block_1_7' title="bbox 206 2473 1346 2620">
    <p class='ocr_par' dir='ltr' id='par_1_8' title="bbox 206 2473 1346 2620">
     <span class='ocr_line' id='line_1_23' title="bbox 206 2473 1346 2618; baseline 0.001 -84"><span class='ocrx_word' id='word_1_152' title='bbox 206 2473 329 2618; x_wconf 57' lang='lat' dir='ltr'><strong>iuliustte</strong></span> <span class='ocrx_word' id='word_1_153' title='bbox 347 2473 401 2538; x_wconf 82' lang='lat' dir='ltr'><strong>rel</strong></span> <span class='ocrx_word' id='word_1_154' title='bbox 423 2475 695 2556; x_wconf 89' lang='lat' dir='ltr'><strong>condemnentur,</strong></span> <span class='ocrx_word' id='word_1_155' title='bbox 717 2479 756 2539; x_wconf 89' lang='lat' dir='ltr'><strong>ab</strong></span> <span class='ocrx_word' id='word_1_156' title='bbox 774 2479 844 2564; x_wconf 87' lang='lat' dir='ltr'><strong>ipso</strong></span> <span class='ocrx_word' id='word_1_157' title='bbox 858 2480 987 2542; x_wconf 86' lang='lat' dir='ltr'><strong>Damno</strong></span> <span class='ocrx_word' id='word_1_158' title='bbox 1004 2479 1141 2564; x_wconf 87' lang='lat' dir='ltr'><strong>Pippino</strong></span> <span class='ocrx_word' id='word_1_159' title='bbox 1157 2479 1244 2558; x_wconf 83' lang='lat' dir='ltr'><strong>Rege</strong></span> <span class='ocrx_word' id='word_1_160' title='bbox 1266 2497 1346 2560; x_wconf 60' lang='lat' dir='ltr'><strong>prod</strong></span> 
     </span>
     <span class='ocr_line' id='line_1_24' title="bbox 207 2578 369 2620; baseline 0.012 -2"><span class='ocrx_word' id='word_1_161' title='bbox 207 2579 241 2618; x_wconf 81' lang='lat' dir='ltr'><strong>ri</strong></span> <span class='ocrx_word' id='word_1_162' title='bbox 268 2578 304 2618; x_wconf 90' lang='lat' dir='ltr'><strong>ea</strong></span> <span class='ocrx_word' id='word_1_163' title='bbox 321 2579 369 2620; x_wconf 89' lang='lat' dir='ltr'><strong>ur.</strong></span> 
     </span>
    </p>
   </div>
   <div class='ocr_carea' id='block_1_8' title="bbox 290 2639 1346 2726">
    <p class='ocr_par' dir='ltr' id='par_1_9' title="bbox 290 2639 1346 2726">
     <span class='ocr_line' id='line_1_25' title="bbox 290 2639 1346 2726; baseline 0.001 -27"><span class='ocrx_word' id='word_1_164' title='bbox 290 2639 331 2699; x_wconf 94' lang='lat'><strong>11.</strong></span> <span class='ocrx_word' id='word_1_165' title='bbox 374 2640 416 2700; x_wconf 92' lang='lat' dir='ltr'><strong>Ut</strong></span> <span class='ocrx_word' id='word_1_166' title='bbox 434 2639 452 2699; x_wconf 81' lang='lat' dir='ltr'><strong>l</strong></span> <span class='ocrx_word' id='word_1_167' title='bbox 469 2640 598 2702; x_wconf 88' lang='lat' dir='ltr'><strong>nemine</strong></span> <span class='ocrx_word' id='word_1_168' title='bbox 621 2643 798 2726; x_wconf 89' lang='lat' dir='ltr'><strong>temporale</strong></span> <span class='ocrx_word' id='word_1_169' title='bbox 814 2644 983 2707; x_wconf 81' lang='lat' dir='ltr'><strong>servitium</strong></span> <span class='ocrx_word' id='word_1_170' title='bbox 1002 2642 1145 2706; x_wconf 85' lang='lat' dir='ltr'><strong>exterius</strong></span> <span class='ocrx_word' id='word_1_171' title='bbox 1161 2641 1229 2702; x_wconf 90' lang='lat' dir='ltr'><strong>ullo</strong></span> <span class='ocrx_word' id='word_1_172' title='bbox 1246 2639 1346 2702; x_wconf 90' lang='lat' dir='ltr'><strong>modo</strong></span> 
     </span>
    </p>
   </div>
   <div class='ocr_carea' id='block_1_9' title="bbox 128 2721 1456 2822">
    <p class='ocr_par' dir='ltr' id='par_1_10' title="bbox 128 2721 1456 2822">
     <span class='ocr_line' id='line_1_26' title="bbox 128 2721 1456 2822; baseline 0.002 -40"><span class='ocrx_word' id='word_1_173' title='bbox 128 2721 131 2730; x_wconf 86' lang='grc'><strong>’</strong></span> <span class='ocrx_word' id='word_1_174' title='bbox 208 2732 394 2805; x_wconf 85' lang='lat' dir='ltr'><strong>quaeratur,</strong></span> <span class='ocrx_word' id='word_1_175' title='bbox 418 2721 480 2784; x_wconf 87' lang='lat' dir='ltr'><strong>nisi</strong></span> <span class='ocrx_word' id='word_1_176' title='bbox 500 2733 659 2805; x_wconf 86' lang='lat' dir='ltr'><strong>quantum</strong></span> <span class='ocrx_word' id='word_1_177' title='bbox 677 2727 716 2786; x_wconf 90' lang='lat' dir='ltr'><strong>ab</strong></span> <span class='ocrx_word' id='word_1_178' title='bbox 738 2727 785 2822; x_wconf 79' lang='lat' dir='ltr'><strong>eis</strong></span> <span class='ocrx_word' id='word_1_179' title='bbox 800 2728 947 2810; x_wconf 83' lang='lat' dir='ltr'><strong>quaesivi</strong></span> <span class='ocrx_word' id='word_1_180' title='bbox 963 2735 1135 2812; x_wconf 87' lang='lat' dir='ltr'><strong>postquam</strong></span> <span class='ocrx_word' id='word_1_181' title='bbox 1149 2746 1201 2787; x_wconf 88' lang='lat' dir='ltr'><strong>eas</strong></span> <span class='ocrx_word' id='word_1_182' title='bbox 1215 2723 1276 2785; x_wconf 89' lang='lat' dir='ltr'><strong>sub</strong></span> <span class='ocrx_word' id='word_1_183' title='bbox 1295 2744 1348 2784; x_wconf 77' lang='lat' dir='ltr'><strong>re·</strong></span> <span class='ocrx_word' id='word_1_184' title='bbox 1455 2789 1456 2810; x_wconf 17' lang='grc' dir='ltr'>ἶ</span> 
     </span>
    </p>
   </div>
   <div class='ocr_carea' id='block_1_10' title="bbox 208 2805 779 2888">
    <p class='ocr_par' dir='ltr' id='par_1_11' title="bbox 208 2805 779 2888">
     <span class='ocr_line' id='line_1_27' title="bbox 208 2805 779 2888; baseline 0.007 -22"><span class='ocrx_word' id='word_1_185' title='bbox 208 2805 314 2888; x_wconf 82' lang='lat' dir='ltr'><strong>gulari</strong></span> <span class='ocrx_word' id='word_1_186' title='bbox 341 2825 451 2866; x_wconf 90' lang='lat' dir='ltr'><strong>norma</strong></span> <span class='ocrx_word' id='word_1_187' title='bbox 482 2807 593 2868; x_wconf 83' lang='lat' dir='ltr'><strong>vivere</strong></span> <span class='ocrx_word' id='word_1_188' title='bbox 614 2809 779 2870; x_wconf 82' lang='lat' dir='ltr'><strong>constitui.</strong></span> 
     </span>
    </p>
   </div>
   <div class='ocr_carea' id='block_1_11' title="bbox 292 2885 1456 2978">
    <p class='ocr_par' dir='ltr' id='par_1_12' title="bbox 292 2885 1456 2978">
     <span class='ocr_line' id='line_1_28' title="bbox 292 2885 1456 2978; baseline -0.001 -30"><span class='ocrx_word' id='word_1_189' title='bbox 292 2887 349 2948; x_wconf 86' lang='grc' dir='ltr'><strong>ΙΙΙ.</strong></span> <span class='ocrx_word' id='word_1_190' title='bbox 392 2885 550 2950; x_wconf 89' lang='lat' dir='ltr'><strong>Similiter</strong></span> <span class='ocrx_word' id='word_1_191' title='bbox 570 2899 606 2949; x_wconf 91' lang='lat' dir='ltr'><strong>ut</strong></span> <span class='ocrx_word' id='word_1_192' title='bbox 627 2911 679 2953; x_wconf 87' lang='lat' dir='ltr'><strong>res</strong></span> <span class='ocrx_word' id='word_1_193' title='bbox 700 2890 899 2971; x_wconf 88' lang='lat' dir='ltr'><strong>monasterii,</strong></span> <span class='ocrx_word' id='word_1_194' title='bbox 919 2914 999 2978; x_wconf 89' lang='lat' dir='ltr'><strong>quas</strong></span> <span class='ocrx_word' id='word_1_195' title='bbox 1019 2889 1115 2954; x_wconf 90' lang='lat' dir='ltr'><strong>modo</strong></span> <span class='ocrx_word' id='word_1_196' title='bbox 1130 2887 1262 2965; x_wconf 87' lang='lat' dir='ltr'><strong>habent,</strong></span> <span class='ocrx_word' id='word_1_197' title='bbox 1277 2909 1345 2948; x_wconf 93' lang='lat' dir='ltr'><strong>non</strong></span> <span class='ocrx_word' id='word_1_198' title='bbox 1455 2923 1456 2964; x_wconf 78' lang='lat'>3</span> 
     </span>
    </p>
   </div>
   <div class='ocr_carea' id='block_1_12' title="bbox 112 2969 1349 4050">
    <p class='ocr_par' dir='ltr' id='par_1_13' title="bbox 117 2969 1346 3140">
     <span class='ocr_line' id='line_1_29' title="bbox 117 2969 1346 3056; baseline 0 -26"><span class='ocrx_word' id='word_1_199' title='bbox 117 3023 121 3030; x_wconf 89' lang='lat'>.</span> <span class='ocrx_word' id='word_1_200' title='bbox 208 2969 299 3052; x_wconf 90' lang='lat' dir='ltr'><strong>prius</strong></span> <span class='ocrx_word' id='word_1_201' title='bbox 328 2969 367 3030; x_wconf 90' lang='lat' dir='ltr'><strong>ab</strong></span> <span class='ocrx_word' id='word_1_202' title='bbox 390 2969 460 3030; x_wconf 91' lang='lat' dir='ltr'><strong>ullo</strong></span> <span class='ocrx_word' id='word_1_203' title='bbox 483 2973 674 3034; x_wconf 85' lang='lat' dir='ltr'><strong>auferantur</strong></span> <span class='ocrx_word' id='word_1_204' title='bbox 696 2976 794 3056; x_wconf 70' lang='lat' dir='ltr'><strong>quidm</strong></span> <span class='ocrx_word' id='word_1_205' title='bbox 814 2984 869 3034; x_wconf 89' lang='lat' dir='ltr'><strong>aut</strong></span> <span class='ocrx_word' id='word_1_206' title='bbox 887 2986 963 3038; x_wconf 91' lang='lat' dir='ltr'><strong>ante</strong></span> <span class='ocrx_word' id='word_1_207' title='bbox 987 2977 1152 3034; x_wconf 88' lang='lat' dir='ltr'><strong>Domuum</strong></span> <span class='ocrx_word' id='word_1_208' title='bbox 1166 2971 1346 3055; x_wconf 87' lang='lat' dir='ltr'><strong>Pippiunm</strong></span> 
     </span>
     <span class='ocr_line' id='line_1_30' title="bbox 209 3053 1224 3140; baseline 0.001 -28"><span class='ocrx_word' id='word_1_209' title='bbox 209 3062 265 3112; x_wconf 88' lang='lat' dir='ltr'><strong>aut</strong></span> <span class='ocrx_word' id='word_1_210' title='bbox 281 3061 356 3112; x_wconf 89' lang='lat' dir='ltr'><strong>ante</strong></span> <span class='ocrx_word' id='word_1_211' title='bbox 376 3053 536 3114; x_wconf 62' lang='lat' dir='ltr'><strong>comita-&#39;n</strong></span> <span class='ocrx_word' id='word_1_212' title='bbox 552 3057 663 3137; x_wconf 86' lang='lat' dir='ltr'><strong>palatii</strong></span> <span class='ocrx_word' id='word_1_213' title='bbox 689 3057 779 3119; x_wconf 89' lang='lat' dir='ltr'><strong>illius</strong></span> <span class='ocrx_word' id='word_1_214' title='bbox 801 3060 943 3140; x_wconf 86' lang='lat' dir='ltr'><strong>praelata</strong></span> <span class='ocrx_word' id='word_1_215' title='bbox 959 3057 1041 3120; x_wconf 87' lang='lat' dir='ltr'><strong>ratio</strong></span> <span class='ocrx_word' id='word_1_216' title='bbox 1059 3054 1224 3116; x_wconf 84' lang='lat' dir='ltr'><strong>reddatur.</strong></span> 
     </span>
    </p>

    <p class='ocr_par' dir='ltr' id='par_1_14' title="bbox 112 3127 1348 3388">
     <span class='ocr_line' id='line_1_31' title="bbox 291 3127 1346 3225; baseline 0 -31"><span class='ocrx_word' id='word_1_217' title='bbox 291 3135 347 3198; x_wconf 90' lang='lat' dir='ltr'><strong>IV.</strong></span> <span class='ocrx_word' id='word_1_218' title='bbox 390 3127 432 3194; x_wconf 84' lang='lat' dir='ltr'><strong>Ut</strong></span> <span class='ocrx_word' id='word_1_219' title='bbox 451 3139 626 3218; x_wconf 89' lang='lat' dir='ltr'><strong>temporale</strong></span> <span class='ocrx_word' id='word_1_220' title='bbox 647 3140 814 3201; x_wconf 83' lang='lat' dir='ltr'><strong>servitium</strong></span> <span class='ocrx_word' id='word_1_221' title='bbox 839 3141 873 3200; x_wconf 90' lang='lat' dir='ltr'><strong>iu</strong></span> <span class='ocrx_word' id='word_1_222' title='bbox 897 3163 996 3225; x_wconf 88' lang='lat' dir='ltr'><strong>opere</strong></span> <span class='ocrx_word' id='word_1_223' title='bbox 1014 3138 1157 3202; x_wconf 86' lang='lat' dir='ltr'><strong>femineo</strong></span> <span class='ocrx_word' id='word_1_224' title='bbox 1178 3135 1217 3196; x_wconf 87' lang='lat' dir='ltr'><strong>ab</strong></span> <span class='ocrx_word' id='word_1_225' title='bbox 1235 3134 1282 3196; x_wconf 83' lang='lat' dir='ltr'><strong>eis</strong></span> <span class='ocrx_word' id='word_1_226' title='bbox 1303 3133 1346 3194; x_wconf 88' lang='lat' dir='ltr'><strong>ad</strong></span> 
     </span>
     <span class='ocr_line' id='line_1_32' title="bbox 112 3215 1348 3306; baseline 0.001 -29"><span class='ocrx_word' id='word_1_227' title='bbox 112 3240 122 3261; x_wconf 71' lang='lat'><em>¹</em></span> <span class='ocrx_word' id='word_1_228' title='bbox 207 3223 333 3300; x_wconf 90' lang='lat' dir='ltr'><strong>partem</strong></span> <span class='ocrx_word' id='word_1_229' title='bbox 361 3215 556 3279; x_wconf 89' lang='lat' dir='ltr'><strong>dominicam</strong></span> <span class='ocrx_word' id='word_1_230' title='bbox 581 3221 768 3284; x_wconf 73' lang='lat' dir='ltr'><strong>nullatenus</strong></span> <span class='ocrx_word' id='word_1_231' title='bbox 795 3235 986 3306; x_wconf 75' lang='lat' dir='ltr'><strong>quaeraturs</strong></span> <span class='ocrx_word' id='word_1_232' title='bbox 1021 3222 1097 3305; x_wconf 89' lang='lat' dir='ltr'><strong>quia</strong></span> <span class='ocrx_word' id='word_1_233' title='bbox 1125 3219 1152 3281; x_wconf 91' lang='lat' dir='ltr'><strong>si</strong></span> <span class='ocrx_word' id='word_1_234' title='bbox 1179 3219 1242 3280; x_wconf 91' lang='lat' dir='ltr'><strong>hoc</strong></span> <span class='ocrx_word' id='word_1_235' title='bbox 1272 3215 1348 3279; x_wconf 77' lang='lat' dir='ltr'><strong>lieri.</strong></span> 
     </span>
     <span class='ocr_line' id='line_1_33' title="bbox 208 3301 1145 3388; baseline 0 -26"><span class='ocrx_word' id='word_1_236' title='bbox 208 3301 371 3382; x_wconf 90' lang='lat' dir='ltr'><strong>coeperit,</strong></span> <span class='ocrx_word' id='word_1_237' title='bbox 394 3301 528 3362; x_wconf 88' lang='lat' dir='ltr'><strong>omnino</strong></span> <span class='ocrx_word' id='word_1_238' title='bbox 546 3303 625 3364; x_wconf 92' lang='lat' dir='ltr'><strong>ordo</strong></span> <span class='ocrx_word' id='word_1_239' title='bbox 641 3305 799 3387; x_wconf 80' lang='lat' dir='ltr'><strong>regularis</strong></span> <span class='ocrx_word' id='word_1_240' title='bbox 820 3316 904 3368; x_wconf 90' lang='lat' dir='ltr'><strong>stare</strong></span> <span class='ocrx_word' id='word_1_241' title='bbox 926 3327 993 3368; x_wconf 90' lang='lat' dir='ltr'><strong>non</strong></span> <span class='ocrx_word' id='word_1_242' title='bbox 1015 3301 1145 3388; x_wconf 89' lang='lat' dir='ltr'><strong>poterit.</strong></span> 
     </span>
    </p>

    <p class='ocr_par' dir='ltr' id='par_1_15' title="bbox 206 3382 1348 3692">
     <span class='ocr_line' id='line_1_34' title="bbox 293 3382 1345 3472; baseline 0.002 -32"><span class='ocrx_word' id='word_1_243' title='bbox 293 3383 332 3442; x_wconf 89' lang='lat' dir='ltr'><strong>V.</strong></span> <span class='ocrx_word' id='word_1_244' title='bbox 374 3383 423 3442; x_wconf 88' lang='lat' dir='ltr'><strong>De</strong></span> <span class='ocrx_word' id='word_1_245' title='bbox 441 3387 577 3446; x_wconf 84' lang='lat' dir='ltr'><strong>caeteris</strong></span> <span class='ocrx_word' id='word_1_246' title='bbox 600 3409 675 3447; x_wconf 86' lang='lat' dir='ltr'><strong>vero</strong></span> <span class='ocrx_word' id='word_1_247' title='bbox 697 3389 942 3469; x_wconf 85' lang='lat' dir='ltr'><strong>quaestionibus</strong></span> <span class='ocrx_word' id='word_1_248' title='bbox 959 3411 1039 3472; x_wconf 88' lang='lat' dir='ltr'><strong>quas</strong></span> <span class='ocrx_word' id='word_1_249' title='bbox 1058 3382 1188 3456; x_wconf 83' lang='lat' dir='ltr'><strong>autulii</strong></span> <span class='ocrx_word' id='word_1_250' title='bbox 1207 3383 1246 3442; x_wconf 90' lang='lat' dir='ltr'><strong>ab</strong></span> <span class='ocrx_word' id='word_1_251' title='bbox 1266 3382 1345 3464; x_wconf 84' lang='lat' dir='ltr'><strong>ipsis</strong></span> 
     </span>
     <span class='ocr_line' id='line_1_35' title="bbox 208 3464 1345 3547; baseline -0.001 -22"><span class='ocrx_word' id='word_1_252' title='bbox 208 3473 263 3525; x_wconf 86' lang='lat' dir='ltr'><strong>aut</strong></span> <span class='ocrx_word' id='word_1_253' title='bbox 289 3464 374 3547; x_wconf 86' lang='lat' dir='ltr'><strong>ipsae</strong></span> <span class='ocrx_word' id='word_1_254' title='bbox 394 3478 558 3545; x_wconf 88' lang='lat' dir='ltr'><strong>quaerunt</strong></span> <span class='ocrx_word' id='word_1_255' title='bbox 583 3469 622 3529; x_wconf 86' lang='lat' dir='ltr'><strong>ab</strong></span> <span class='ocrx_word' id='word_1_256' title='bbox 649 3470 739 3547; x_wconf 89' lang='lat' dir='ltr'><strong>aliis,</strong></span> <span class='ocrx_word' id='word_1_257' title='bbox 771 3472 951 3533; x_wconf 89' lang='lat' dir='ltr'><strong>secundum</strong></span> <span class='ocrx_word' id='word_1_258' title='bbox 977 3468 1249 3532; x_wconf 86' lang='lat' dir='ltr'><strong>consuetudinem</strong></span> <span class='ocrx_word' id='word_1_259' title='bbox 1268 3474 1345 3524; x_wconf 88' lang='lat' dir='ltr'><strong>ante</strong></span> 
     </span>
     <span class='ocr_line' id='line_1_36' title="bbox 207 3547 1348 3634; baseline 0.011 -26"><span class='ocrx_word' id='word_1_260' title='bbox 207 3547 368 3608; x_wconf 89' lang='lat' dir='ltr'><strong>Comitem</strong></span> <span class='ocrx_word' id='word_1_261' title='bbox 389 3547 443 3608; x_wconf 84' lang='lat' dir='ltr'><strong>vel</strong></span> <span class='ocrx_word' id='word_1_262' title='bbox 461 3549 607 3614; x_wconf 89' lang='lat' dir='ltr'><strong>Vicarios</strong></span> <span class='ocrx_word' id='word_1_263' title='bbox 624 3552 693 3614; x_wconf 89' lang='lat' dir='ltr'><strong>eius</strong></span> <span class='ocrx_word' id='word_1_264' title='bbox 709 3553 864 3614; x_wconf 87' lang='lat' dir='ltr'><strong>iustitiam</strong></span> <span class='ocrx_word' id='word_1_265' title='bbox 881 3555 1019 3618; x_wconf 86' lang='lat' dir='ltr'><strong>reddant</strong></span> <span class='ocrx_word' id='word_1_266' title='bbox 1033 3562 1065 3616; x_wconf 90' lang='lat' dir='ltr'><strong>et</strong></span> <span class='ocrx_word' id='word_1_267' title='bbox 1081 3549 1258 3634; x_wconf 64' lang='lat' dir='ltr'><strong>accipiam</strong></span> <span class='ocrx_word' id='word_1_268' title='bbox 1277 3557 1348 3608; x_wconf 65' lang='lat' dir='ltr'><strong>ian·</strong></span> 
     </span>
     <span class='ocr_line' id='line_1_37' title="bbox 206 3629 545 3692; baseline 0.006 -2"><span class='ocrx_word' id='word_1_269' title='bbox 206 3639 277 3690; x_wconf 89' lang='lat' dir='ltr'><strong>tum</strong></span> <span class='ocrx_word' id='word_1_270' title='bbox 299 3640 335 3690; x_wconf 90' lang='lat' dir='ltr'><strong>ut</strong></span> <span class='ocrx_word' id='word_1_271' title='bbox 354 3629 436 3690; x_wconf 74' lang='lat' dir='ltr'><strong>iustis</strong></span> <span class='ocrx_word' id='word_1_272' title='bbox 458 3629 545 3692; x_wconf 85' lang='lat' dir='ltr'><strong>fiant.</strong></span> 
     </span>
    </p>

    <p class='ocr_par' dir='ltr' id='par_1_16' title="bbox 206 3713 1348 3886">
     <span class='ocr_line' id='line_1_38' title="bbox 291 3713 1348 3782; baseline -0.001 -8"><span class='ocrx_word' id='word_1_273' title='bbox 291 3713 346 3774; x_wconf 89' lang='lat' dir='ltr'><strong>Vl.</strong></span> <span class='ocrx_word' id='word_1_274' title='bbox 389 3715 431 3772; x_wconf 92' lang='lat' dir='ltr'><strong>Ut</strong></span> <span class='ocrx_word' id='word_1_275' title='bbox 447 3715 580 3776; x_wconf 89' lang='lat' dir='ltr'><strong>omnino</strong></span> <span class='ocrx_word' id='word_1_276' title='bbox 596 3726 745 3778; x_wconf 86' lang='lat' dir='ltr'><strong>caveatur</strong></span> <span class='ocrx_word' id='word_1_277' title='bbox 764 3741 805 3781; x_wconf 92' lang='lat' dir='ltr'><strong>ne</strong></span> <span class='ocrx_word' id='word_1_278' title='bbox 827 3720 913 3782; x_wconf 87' lang='lat' dir='ltr'><strong>ultra</strong></span> <span class='ocrx_word' id='word_1_279' title='bbox 930 3718 1155 3782; x_wconf 88' lang='lat' dir='ltr'><strong>centenarium</strong></span> <span class='ocrx_word' id='word_1_280' title='bbox 1173 3735 1348 3775; x_wconf 88' lang='lat' dir='ltr'><strong>numerum</strong></span> 
     </span>
     <span class='ocr_line' id='line_1_39' title="bbox 206 3795 1291 3886; baseline 0.001 -31"><span class='ocrx_word' id='word_1_281' title='bbox 206 3795 424 3878; x_wconf 78' lang='lat' dir='ltr'><strong>Congregatio</strong></span> <span class='ocrx_word' id='word_1_282' title='bbox 445 3795 502 3855; x_wconf 87' lang='lat' dir='ltr'><strong>illa</strong></span> <span class='ocrx_word' id='word_1_283' title='bbox 518 3818 577 3879; x_wconf 89' lang='lat' dir='ltr'><strong>per</strong></span> <span class='ocrx_word' id='word_1_284' title='bbox 593 3798 818 3884; x_wconf 87' lang='lat' dir='ltr'><strong>cuiuscunque</strong></span> <span class='ocrx_word' id='word_1_285' title='bbox 834 3803 1028 3886; x_wconf 88' lang='lat' dir='ltr'><strong>petitionem</strong></span> <span class='ocrx_word' id='word_1_286' title='bbox 1043 3798 1291 3882; x_wconf 86' lang='lat' dir='ltr'><strong>multiplicetur.</strong></span> 
     </span>
    </p>

    <p class='ocr_par' dir='ltr' id='par_1_17' title="bbox 203 3877 1349 4050">
     <span class='ocr_line' id='line_1_40' title="bbox 288 3877 1347 3964; baseline 0 -25"><span class='ocrx_word' id='word_1_287' title='bbox 288 3877 361 3939; x_wconf 87' lang='lat' dir='ltr'><strong>Vll.</strong></span> <span class='ocrx_word' id='word_1_288' title='bbox 411 3881 454 3938; x_wconf 91' lang='lat' dir='ltr'><strong>Ut</strong></span> <span class='ocrx_word' id='word_1_289' title='bbox 489 3879 623 3941; x_wconf 88' lang='lat' dir='ltr'><strong>omnino</strong></span> <span class='ocrx_word' id='word_1_290' title='bbox 647 3883 857 3964; x_wconf 81' lang='lat' dir='ltr'><strong>provideatur</strong></span> <span class='ocrx_word' id='word_1_291' title='bbox 890 3906 932 3947; x_wconf 91' lang='lat' dir='ltr'><strong>ne</strong></span> <span class='ocrx_word' id='word_1_292' title='bbox 960 3884 1164 3947; x_wconf 80' lang='lat' dir='ltr'><strong>clericorum</strong></span> <span class='ocrx_word' id='word_1_293' title='bbox 1190 3893 1347 3940; x_wconf 80' lang='lat' dir='ltr'><strong>numerus</strong></span> 
     </span>
     <span class='ocr_line' id='line_1_41' title="bbox 203 3959 1349 4050; baseline 0.003 -31"><span class='ocrx_word' id='word_1_294' title='bbox 203 3959 377 4042; x_wconf 69' lang='lat' dir='ltr'><strong>plusquam</strong></span> <span class='ocrx_word' id='word_1_295' title='bbox 398 3982 467 4022; x_wconf 81' lang='lat' dir='ltr'>xxx.</span> <span class='ocrx_word' id='word_1_296' title='bbox 493 3973 664 4044; x_wconf 72' lang='lat' dir='ltr'><strong>ungentum</strong></span> <span class='ocrx_word' id='word_1_297' title='bbox 688 3974 724 4026; x_wconf 91' lang='lat' dir='ltr'><strong>et</strong></span> <span class='ocrx_word' id='word_1_298' title='bbox 749 3966 817 4049; x_wconf 72' lang='lat' dir='ltr'><strong>ipsi&#39;</strong></span> <span class='ocrx_word' id='word_1_299' title='bbox 830 3985 890 4050; x_wconf 89' lang='lat' dir='ltr'><strong>per</strong></span> <span class='ocrx_word' id='word_1_300' title='bbox 912 3967 1021 4030; x_wconf 86' lang='lat' dir='ltr'><strong>omnia</strong></span> <span class='ocrx_word' id='word_1_301' title='bbox 1051 3964 1232 4028; x_wconf 86' lang='lat' dir='ltr'><strong>addictam</strong></span> <span class='ocrx_word' id='word_1_302' title='bbox 1255 3964 1349 4023; x_wconf 88' lang='lat' dir='ltr'><strong>Con·</strong></span> 
     </span>
    </p>
   </div>
   <div class='ocr_carea' id='block_1_13' title="bbox 204 4042 1456 4134">
    <p class='ocr_par' dir='ltr' id='par_1_18' title="bbox 204 4042 1456 4134">
     <span class='ocr_line' id='line_1_42' title="bbox 204 4042 1456 4134; baseline -0.004 -25"><span class='ocrx_word' id='word_1_303' title='bbox 204 4042 427 4124; x_wconf 77' lang='lat' dir='ltr'><strong>gregationem</strong></span> <span class='ocrx_word' id='word_1_304' title='bbox 460 4055 589 4108; x_wconf 87' lang='lat' dir='ltr'><strong>sanctae</strong></span> <span class='ocrx_word' id='word_1_305' title='bbox 615 4047 741 4122; x_wconf 82' lang='lat' dir='ltr'><strong>Crucis·¹</strong></span> <span class='ocrx_word' id='word_1_306' title='bbox 759 4049 897 4114; x_wconf 71' lang='lat' dir='ltr'><strong>honesti</strong></span> <span class='ocrx_word' id='word_1_307' title='bbox 923 4059 957 4112; x_wconf 93' lang='lat' dir='ltr'><strong>et</strong></span> <span class='ocrx_word' id='word_1_308' title='bbox 979 4048 1125 4134; x_wconf 70' lang='lat' dir='ltr'><strong>perlecti</strong></span> <span class='ocrx_word' id='word_1_309' title='bbox 1153 4043 1349 4108; x_wconf 89' lang='lat' dir='ltr'><strong>obedientes</strong></span> <span class='ocrx_word' id='word_1_310' title='bbox 1455 4067 1456 4070; x_wconf 43' lang='lat'>¹</span> 
     </span>
    </p>
   </div>
   <div class='ocr_carea' id='block_1_14' title="bbox 203 4123 1349 4296">
    <p class='ocr_par' dir='ltr' id='par_1_19' title="bbox 203 4123 1349 4296">
     <span class='ocr_line' id='line_1_43' title="bbox 203 4123 1349 4210; baseline 0.003 -26"><span class='ocrx_word' id='word_1_311' title='bbox 203 4125 269 4184; x_wconf 89' lang='lat' dir='ltr'><strong>siut</strong></span> <span class='ocrx_word' id='word_1_312' title='bbox 291 4133 386 4206; x_wconf 88' lang='lat' dir='ltr'><strong>atque</strong></span> <span class='ocrx_word' id='word_1_313' title='bbox 400 4125 539 4188; x_wconf 87' lang='lat' dir='ltr'><strong>subiecti</strong></span> <span class='ocrx_word' id='word_1_314' title='bbox 560 4173 635 4189; x_wconf 89' lang='grc'><strong>.....</strong></span> <span class='ocrx_word' id='word_1_315' title='bbox 678 4131 737 4192; x_wconf 91' lang='lat' dir='ltr'><strong>Sin</strong></span> <span class='ocrx_word' id='word_1_316' title='bbox 754 4133 987 4210; x_wconf 89' lang='lat' dir='ltr'><strong>antem‚.liber</strong></span> <span class='ocrx_word' id='word_1_317' title='bbox 1004 4129 1157 4194; x_wconf 85' lang='lat' dir='ltr'><strong>discedat.</strong></span> <span class='ocrx_word' id='word_1_318' title='bbox 1199 4123 1349 4188; x_wconf 85' lang='lat' dir='ltr'><strong>Colonus</strong></span> 
     </span>
     <span class='ocr_line' id='line_1_44' title="bbox 204 4206 1305 4296; baseline 0.003 -30"><span class='ocrx_word' id='word_1_319' title='bbox 204 4215 313 4268; x_wconf 86' lang='lat' dir='ltr'><strong>antem</strong></span> <span class='ocrx_word' id='word_1_320' title='bbox 332 4206 384 4270; x_wconf 82' lang='lat' dir='ltr'><strong>rel</strong></span> <span class='ocrx_word' id='word_1_321' title='bbox 404 4228 518 4274; x_wconf 86' lang='lat' dir='ltr'><strong>servus</strong></span> <span class='ocrx_word' id='word_1_322' title='bbox 539 4210 580 4272; x_wconf 87' lang='lat' dir='ltr'><strong>ad</strong></span> <span class='ocrx_word' id='word_1_323' title='bbox 599 4213 746 4278; x_wconf 76' lang='lat' dir='ltr'><strong>nattuale</strong></span> <span class='ocrx_word' id='word_1_324' title='bbox 767 4215 946 4296; x_wconf 80' lang='lat' dir='ltr'><strong>servitium,</strong></span> <span class='ocrx_word' id='word_1_325' title='bbox 968 4214 1050 4282; x_wconf 81' lang='lat' dir='ltr'><strong>velit</strong></span> <span class='ocrx_word' id='word_1_326' title='bbox 1067 4213 1161 4292; x_wconf 91' lang='lat' dir='ltr'><strong>nolit,</strong></span> <span class='ocrx_word' id='word_1_327' title='bbox 1182 4209 1305 4273; x_wconf 87' lang='lat' dir='ltr'><strong>redeat.</strong></span> 
     </span>
    </p>
   </div>
   <div class='ocr_carea' id='block_1_15' title="bbox 0 0 1473 4986">
    <p class='ocr_par' dir='ltr' id='par_1_20' title="bbox 0 0 1473 4986">
     <span class='ocr_line' id='line_1_45' title="bbox 0 0 1473 4986; baseline 0 0"><span class='ocrx_word' id='word_1_328' title='bbox 0 0 1473 4986; x_wconf 95' lang='lat' dir='ltr'><strong> </strong></span> 
     </span>
    </p>
   </div>
  </div>
 </body>
</html>
