2958 4986
298 307 441 368 acan.
553 307 688 365 aranu
709 305 945 374 raauconuu
1053 304 1114 366 aa.
1202 285 1274 360 109

380 448 660 534 Qualiteroanma
678 449 822 510 soluatur
839 468 901 532 pro
909 443 1017 528 saida.

216 551 336 618 XXXI.
378 556 534 618 Dedimus
550 564 740 639 potestatem
765 553 945 616 Comitibas
968 554 1115 614 bannum
1144 555 1272 619 mlttere

131 635 221 702 infra
239 639 495 701 suo-ministerio
511 641 549 702 de
570 637 655 700 saida
668 639 722 700 rel
739 636 911 698 maioribus
922 635 1030 700 causis
1047 635 1080 696 in
1099 637 1211 702 solidis
1225 662 1273 700 sc-

132 724 275 806 xaginta.
314 724 366 783 ·De
388 722 568 784 minoribus
589 743 667 784 vero
687 722 792 782 causis
814 717 947 782 Comitis
962 719 1107 782 bannum
1131 720 1166 781 in
1192 722 1272 784 soli-

131 807 184 869 dis
208 805 380 868 duodecim
394 805 629 868 constituimus.

358 922 408 981 De
426 923 600 982 iuramento
623 921 657 982 in
679 919 824 982 Ecclesia
845 915 1051 1003 praestando·

217 1024 351 1089 XXXII.
395 1029 430 1090 si
448 1029 587 1091 cuilibet
606 1027 731 1088 homini
756 1034 991 1104 sacramentum
1017 1023 1113 1092 debet
1141 1023 1271 1109 aliquis,

128 1111 288 1172 aframeat
309 1112 404 1172 illum
431 1113 470 1172 ad
499 1113 679 1174 Ecclesiam
700 1119 898 1171 sacramento
918 1107 964 1169 'ad
997 1109 1084 1176 diem
1106 1117 1270 1172 statutum.

131 1196 175 1256 Et
196 1194 223 1256 si
244 1195 352 1255 iurare
376 1198 616 1278 contempserit,
640 1193 737 1254 fidem
758 1193 864 1267 faciat,
883 1200 915 1252 ct
933 1191 1053 1254 solidos
1083 1190 1272 1273 quindecim

128 1287 306 1360 componat
317 1278 375 1358 qui
390 1277 551 1341 inactivus
576 1276 735 1363 apparuit,
754 1284 786 1336 et
805 1276 961 1358 deinceps
979 1291 1107 1338 causatu
1125 1275 1271 1360 pleniter

127 1361 308 1422 emendare
325 1361 431 1422 faciat.

592 1439 641 1503 De
665 1443 827 1527 periuriis.

215 1543 367 1610 XXXIII.
408 1549 458 1612 De
477 1549 627 1634 periuris,
650 1549 829 1612 secundum
849 1548 955 1632 legem
972 1549 1137 1612 Saxonum
1160 1547 1211 1610 sit.

131 1667 181 1728 Ne
195 1663 340 1726 Saxones
356 1678 452 1744 egara
467 1677 639 1726 conventus
649 1661 806 1750 publicos,
826 1667 890 1726 nisi
905 1666 1150 1748 periussionem
1165 1660 1268 1745 Regis„

213 1772 363 1834 XXXIV.
414 1771 648 1833 Interdiximus
686 1781 723 1832 ut
759 1793 869 1832 omnes
896 1772 1039 1832 Saxones
1073 1771 1269 1852 generaliter

128 1853 469 1936 conventus'publicos
485 1873 549 1914 nec
565 1855 696 1932 faciant,
711 1853 776 1915 nisi
794 1854 877 1915 forre
890 1854 1005 1914 Missus
1020 1863 1130 1914 noster
1142 1854 1181 1916 de
1197 1875 1269 1916 ver·

125 1937 173 1996 bo
193 1946 302 1996 nostro
329 1957 382 1996 eos
402 1958 597 2019 congregare
615 1937 740 1997 lecerit.
782 1937 946 1998 sedunus
971 1936 1086 2018 uisque
1101 1938 1215 1998 Comes
1231 1937 1266 1998 in

130 2041 191 2079 suo
212 2019 392 2078 ministerio
416 2019 535 2101 placita
558 2029 590 2079 et
603 2019 740 2080 iustitias
755 2019 860 2080 faciat.
901 2019 943 2080 Et
983 2019 1053 2082 ocal
1079 2019 1267 2084 Sacerdoti·-

23 2144 28 2152 .
125 2101 191 2162 bus
208 2101 433 2164 consideretur
456 2123 497 2163 ne
519 2101 614 2164 aliter
627 2101 732 2163 faciat.

548 2269 575 2330 E
596 2269 622 2330 P
643 2270 658 2330 Ι
679 2269 701 2331 S
724 2265 751 2330 Τ
774 2269 802 2330 0
824 2270 849 2330 L
871 2268 899 2329 A

264 2377 313 2446 ad
334 2375 546 2446 Festradam
571 2379 748 2470 reginam,
776 2379 965 2470 coniugem
990 2399 1105 2468 suam,

311 2507 375 2579 De
388 2499 562 2582 Wctoria
571 2507 758 2598 Avarico,
773 2512 866 2580 etde
881 2509 1064 2581 Letaniia.

130 2621 318 2778 Kranaos,
341 2683 441 2772 gratiil
454 2691 515 2750 Dei
537 2691 606 2750 Rex
632 2690 830 2754 Francorum
854 2699 886 2751 et
909 2689 1205 2773 Longobardorum‚
1228 2708 1265 2754 ac

128 2768 291 2834 Patricius
310 2774 538 2844 Romanorum.
560 2772 696 2833 dilectae
716 2773 807 2834 nobis
826 2783 858 2834 et
877 2773 970 2834 valde
986 2774 1115 2834 amabili
1131 2774 1265 2854 coniugi

130 2865 260 2916 nostrae
282 2856 453 2916 Fastradae
471 2855 625 2938 Reginae.
664 2856 808 2917 Salutem
833 2857 1001 2916 amabilem
1019 2856 1079 2916 tibi
1104 2855 1138 2916 in
1156 2857 1266 2916 Domi*

130 2955 176 2998 uo
194 2958 252 3020 per
266 2935 327 2998 laos
342 2937 448 3021 apices
465 2938 592 3000 mittere
608 2937 803 3017 studuimus,
825 2949 856 3000 et
875 2961 933 3021 per
956 2948 987 3000 te
1008 2938 1201 3000 dulcissimis
1226 2939 1265 2997 fi-

129 3020 236 3082 liebus
259 3021 386 3098 nostris,
411 3021 464 3083 vel
484 3021 618 3082 caeteris
632 3019 784 3083 lidelibas
800 3022 915 3082 nostris
927 3031 1036 3083 tecum
1052 3021 1266 3082 manentibus.

126 3103 297 3164 Scientem
322 3113 353 3164 te
370 3103 458 3164 enim
475 3104 610 3165 facimus
632 3104 709 3185 quia
729 3105 843 3186 gratias
865 3100 934 3165 Deo
953 3104 1021 3166 sani
1044 3113 1077 3164 ct
1105 3103 1186 3166 salvi
1214 3127 1266 3165 su-

129 3208 212 3246 mus.
255 3186 369 3247 Missus
385 3187 519 3267 quidem
535 3187 645 3247 dilecti
672 3186 732 3247 filii
761 3187 862 3248 nostri
884 3185 1027 3270 Pippini,
1056 3186 1187 3248 nomine
1216 3187 1264 3248 ill.

130 3268 226 3328 nobis
240 3267 404 3329 nuntiavit
420 3269 459 3330 de
478 3270 547 3332 eius
566 3269 700 3331 sanitate
721 3291 757 3330 ac
784 3269 901 3330 Domni
925 3265 1115 3352 Apostolici,
1142 3271 1197 3332 vel
1223 3269 1263 3332 de
1305 3265 1306 3270 ἵ

125 3351 309 3412 salvatione
326 3351 502 3414 confinium
516 3362 700 3418 nostrorum
719 3353 785 3414 illis
800 3351 944 3436 partibus
956 3351 1153 3434 positorum:
1177 3353 1264 3414 unde

130 3433 227 3494 valde
251 3433 415 3495 laetificati
439 3437 613 3496 extitimus.
657 3438 698 3496 Et
721 3435 853 3521 insuper
868 3435 981 3496 retulit
1010 3435 1103 3497 nohis
1125 3436 1267 3517 qualiter

129 3515 209 3574 illae
231 3536 349 3594 scarae,
372 3539 450 3598 quas
483 3519 572 3600 prius
597 3519 637 3580 de
665 3518 756 3579 Italia
780 3513 929 3579 iussimus
951 3539 1086 3600 pergere
1120 3519 1265 3600 partibus

128 3595 270 3658 dauriae
286 3599 319 3657 in
335 3599 383 3659 ill.
399 3601 540 3661 confinia
556 3601 775 3679 residendum,
792 3610 1008 3683 perrexerunt
1025 3599 1110 3660 infra
1128 3601 1208 3660 fines
1220 3601 1264 3684 ip·

125 3701 241 3742 sorum
259 3681 384 3742 decimo
400 3679 472 3744 Kal.
488 3685 696 3766 Septembris,
713 3694 745 3744 et
771 3684 916 3744 inierunt
937 3704 1078 3765 pugnam
1101 3678 1182 3744 cum'
1199 3683 1263 3752 eis;

129 3772 165 3822 et
178 3763 268 3824 dedit
280 3765 325 3826 eis
337 3767 426 3826 Deus
440 3767 644 3852 omnipotens
661 3787 720 3849 pro
732 3789 790 3828 sua
804 3765 1024 3832 misericordia
1036 3765 1215 3842 victoriam,
1233 3773 1265 3825 et

127 3845 375 3907 multitudinem
389 3850 428 3909 de
444 3851 519 3936 ipsis
527 3851 639 3922 Avaris
650 3850 895 3926 iuterfecerunt,
905 3849 937 3909 in
948 3857 1083 3926 tantum,
1094 3858 1130 3908 ut
1139 3848 1264 3923 dicunt,

125 3928 220 4008 'quiid
237 3929 270 3988 in
289 3931 399 3992 multis
421 3933 534 3993 diebus
554 3933 656 3993 maior
673 3942 794 4013 strages
816 3933 856 3993 de
875 3932 952 4014 ipsis
973 3929 1086 3992 AvarIs
1103 3932 1186 3991 facta
1198 3945 1263 3990 nou

128 4011 203 4070 fuit.
224 4011 266 4072 Et
283 4013 547 4094 exspoliaverunt
569 4017 674 4098 ipsum
697 4017 830 4091 vallum,
853 4025 885 4075 et
902 4015 1056 4096 sederunt
1074 4009 1194 4074 ibidem
1214 4013 1265 4093 ip-

126 4089 163 4154 sit
179 4103 286 4171 nocte,
310 4097 363 4158 vel
383 4097 417 4156 in
433 4098 582 4176 crastina,
599 4119 702 4179 usque
722 4097 802 4173 horai
829 4097 896 4159 diei
921 4097 1023 4159 tertia.
1063 4097 1106 4156 Et
1127 4093 1266 4179 acceptis

126 4175 244 4258 'spoliis
258 4179 380 4241 reversi
395 4191 471 4242 sunt
491 4181 523 4240 in
543 4203 638 4263 pace;
662 4191 694 4240 et
708 4191 840 4242 centum
862 4179 1098 4263 quinquaginta
1123 4180 1162 4240 de
1190 4178 1266 4261 ipsis
1296 4219 1303 4253 ς

129 4259 243 4321 Araris
276 4261 367 4325 rivos
397 4263 718 4347 comprehenderunt
744 4285 825 4347 quos
855 4273 1062 4326 reservarunt
1095 4271 1130 4322 ut
1159 4272 1265 4322 nostra
