<?xml version="1.0" encoding="UTF-8"?>
<!DOCTYPE html PUBLIC "-//W3C//DTD XHTML 1.0 Transitional//EN"
    "http://www.w3.org/TR/xhtml1/DTD/xhtml1-transitional.dtd">
<html xmlns="http://www.w3.org/1999/xhtml" xml:lang="en" lang="en">
 <head>
  <title>
</title>
<meta http-equiv="Content-Type" content="text/html;charset=utf-8" />
  <meta name='ocr-system' content='tesseract 3.04.00' />
  <meta name='ocr-capabilities' content='ocr_page ocr_carea ocr_par ocr_line ocrx_word'/>
</head>
<body>
  <div class='ocr_page' id='page_1' title='image "./corpusiurisgerm05visigoog_0387.png"; bbox 0 0 2928 4986; ppageno 0'>
   <div class='ocr_carea' id='block_1_1' title="bbox 213 258 1122 336">
    <p class='ocr_par' dir='ltr' id='par_1_1' title="bbox 213 258 1122 336">
     <span class='ocr_line' id='line_1_1' title="bbox 213 258 1122 336; baseline 0.002 -2"><span class='ocrx_word' id='word_1_1' title='bbox 213 258 287 336; x_wconf 80' lang='grc'><strong>374</strong></span> <span class='ocrx_word' id='word_1_2' title='bbox 445 278 479 332; x_wconf 79' lang='lat' dir='ltr'><strong>s.</strong></span> <span class='ocrx_word' id='word_1_3' title='bbox 501 277 589 335; x_wconf 83' lang='lat' dir='ltr'><strong>ces.</strong></span> <span class='ocrx_word' id='word_1_4' title='bbox 698 277 953 336; x_wconf 71' lang='lat' dir='ltr'><strong>certamnen</strong></span> <span class='ocrx_word' id='word_1_5' title='bbox 1058 275 1122 336; x_wconf 78' lang='lat' dir='ltr'><strong>aas</strong></span> 
     </span>
    </p>
   </div>
   <div class='ocr_carea' id='block_1_2' title="bbox 286 419 1291 516">
    <p class='ocr_par' dir='ltr' id='par_1_2' title="bbox 286 419 1291 516">
     <span class='ocr_line' id='line_1_2' title="bbox 286 419 1291 516; baseline 0.001 -24"><span class='ocrx_word' id='word_1_6' title='bbox 286 419 391 492; x_wconf 87' lang='lat' dir='ltr'><strong>Haeo</strong></span> <span class='ocrx_word' id='word_1_7' title='bbox 415 433 500 492; x_wconf 69' lang='lat' dir='ltr'><strong>stent</strong></span> <span class='ocrx_word' id='word_1_8' title='bbox 526 423 695 516; x_wconf 86' lang='lat' dir='ltr'><strong>Capituln</strong></span> <span class='ocrx_word' id='word_1_9' title='bbox 729 424 777 496; x_wconf 87' lang='lat' dir='ltr'><strong>de</strong></span> <span class='ocrx_word' id='word_1_10' title='bbox 801 423 1038 496; x_wconf 84' lang='lat' dir='ltr'><strong>instructione</strong></span> <span class='ocrx_word' id='word_1_11' title='bbox 1063 421 1291 498; x_wconf 73' lang='lat' dir='ltr'><strong>Missurum.</strong></span> 
     </span>
    </p>
   </div>
   <div class='ocr_carea' id='block_1_3' title="bbox 211 541 1439 852">
    <p class='ocr_par' dir='ltr' id='par_1_3' title="bbox 211 541 1439 852">
     <span class='ocr_line' id='line_1_3' title="bbox 293 541 1368 630; baseline 0.004 -26"><span class='ocrx_word' id='word_1_12' title='bbox 293 541 480 604; x_wconf 77' lang='lat' dir='ltr'>Dicendum</span> <span class='ocrx_word' id='word_1_13' title='bbox 494 551 542 604; x_wconf 88' lang='lat' dir='ltr'><strong>est</strong></span> <span class='ocrx_word' id='word_1_14' title='bbox 555 541 620 604; x_wconf 93' lang='lat' dir='ltr'><strong>illis</strong></span> <span class='ocrx_word' id='word_1_15' title='bbox 637 541 715 625; x_wconf 88' lang='lat' dir='ltr'><strong>qaia</strong></span> <span class='ocrx_word' id='word_1_16' title='bbox 734 563 866 606; x_wconf 89' lang='lat' dir='ltr'><strong>necesse</strong></span> <span class='ocrx_word' id='word_1_17' title='bbox 883 553 932 606; x_wconf 88' lang='lat' dir='ltr'><strong>est</strong></span> <span class='ocrx_word' id='word_1_18' title='bbox 949 551 986 604; x_wconf 88' lang='lat' dir='ltr'><strong>nt</strong></span> <span class='ocrx_word' id='word_1_19' title='bbox 1003 542 1229 630; x_wconf 77' lang='lat' dir='ltr'><strong>intelligamus</strong></span> <span class='ocrx_word' id='word_1_20' title='bbox 1248 564 1368 608; x_wconf 85' lang='lat' dir='ltr'><strong>omnes</strong></span> 
     </span>
     <span class='ocr_line' id='line_1_4' title="bbox 212 623 1439 770; baseline 0.002 -82"><span class='ocrx_word' id='word_1_21' title='bbox 212 623 430 722; x_wconf 73' lang='lat' dir='ltr'><strong>cummuniter</strong></span> <span class='ocrx_word' id='word_1_22' title='bbox 445 624 543 708; x_wconf 89' lang='lat' dir='ltr'><strong>quale</strong></span> <span class='ocrx_word' id='word_1_23' title='bbox 564 625 748 770; x_wconf 83' lang='lat' dir='ltr'><strong>pericnlum</strong></span> <span class='ocrx_word' id='word_1_24' title='bbox 770 626 862 688; x_wconf 84' lang='lat' dir='ltr'><strong>nubis</strong></span> <span class='ocrx_word' id='word_1_25' title='bbox 881 625 1058 704; x_wconf 90' lang='lat' dir='ltr'><strong>immineat,</strong></span> <span class='ocrx_word' id='word_1_26' title='bbox 1083 625 1117 686; x_wconf 92' lang='lat' dir='ltr'><strong>in</strong></span> <span class='ocrx_word' id='word_1_27' title='bbox 1144 648 1184 688; x_wconf 91' lang='lat' dir='ltr'><strong>eo</strong></span> <span class='ocrx_word' id='word_1_28' title='bbox 1216 627 1368 688; x_wconf 85' lang='lat' dir='ltr'><strong>maxime</strong></span> <span class='ocrx_word' id='word_1_29' title='bbox 1438 679 1439 690; x_wconf 68' lang='lat'><strong>.</strong></span> 
     </span>
     <span class='ocr_line' id='line_1_5' title="bbox 211 707 562 852; baseline -0.003 -81"><span class='ocrx_word' id='word_1_30' title='bbox 211 707 300 852; x_wconf 68' lang='lat' dir='ltr'><strong>gaud</strong></span> <span class='ocrx_word' id='word_1_31' title='bbox 315 730 349 770; x_wconf 92' lang='grc' dir='ltr'><strong>ιιι</strong></span> <span class='ocrx_word' id='word_1_32' title='bbox 373 716 481 770; x_wconf 88' lang='lat' dir='ltr'><strong>nostra</strong></span> <span class='ocrx_word' id='word_1_33' title='bbox 499 727 562 792; x_wconf 90' lang='lat' dir='ltr'><strong>neg</strong></span> 
     </span>
    </p>
   </div>
   <div class='ocr_carea' id='block_1_4' title="bbox 124 699 1439 3768">
    <p class='ocr_par' dir='ltr' id='par_1_4' title="bbox 577 699 1439 792">
     <span class='ocr_line' id='line_1_6' title="bbox 577 699 1439 792; baseline 0.002 -24"><span class='ocrx_word' id='word_1_34' title='bbox 577 707 698 791; x_wconf 79' lang='lat' dir='ltr'><strong>igentia</strong></span> <span class='ocrx_word' id='word_1_35' title='bbox 717 717 804 770; x_wconf 88' lang='lat' dir='ltr'><strong>tanta</strong></span> <span class='ocrx_word' id='word_1_36' title='bbox 827 709 949 770; x_wconf 84' lang='lat' dir='ltr'><strong>ettnlia</strong></span> <span class='ocrx_word' id='word_1_37' title='bbox 966 729 1027 792; x_wconf 88' lang='lat' dir='ltr'><strong>per</strong></span> <span class='ocrx_word' id='word_1_38' title='bbox 1046 729 1130 790; x_wconf 88' lang='lat' dir='ltr'><strong>quae</strong></span> <span class='ocrx_word' id='word_1_39' title='bbox 1146 711 1246 772; x_wconf 87' lang='lat' dir='ltr'><strong>Deus</strong></span> <span class='ocrx_word' id='word_1_40' title='bbox 1264 709 1369 772; x_wconf 77' lang='lat' dir='ltr'><strong>offen·</strong></span> <span class='ocrx_word' id='word_1_41' title='bbox 1438 699 1439 730; x_wconf 64' lang='lat'><em>³</em></span> 
     </span>
    </p>

    <p class='ocr_par' dir='ltr' id='par_1_5' title="bbox 210 789 1369 1702">
     <span class='ocr_line' id='line_1_7' title="bbox 236 789 1369 876; baseline 0 -24"><span class='ocrx_word' id='word_1_42' title='bbox 236 791 246 852; x_wconf 92' lang='lat' dir='ltr'><strong>i</strong></span> <span class='ocrx_word' id='word_1_43' title='bbox 261 791 379 876; x_wconf 87' lang='lat' dir='ltr'><strong>potnit,</strong></span> <span class='ocrx_word' id='word_1_44' title='bbox 399 797 433 853; x_wconf 88' lang='lat' dir='ltr'><strong>et</strong></span> <span class='ocrx_word' id='word_1_45' title='bbox 453 789 610 853; x_wconf 88' lang='lat' dir='ltr'><strong>honoret</strong></span> <span class='ocrx_word' id='word_1_46' title='bbox 630 789 779 854; x_wconf 84' lang='lat' dir='ltr'><strong>honestas</strong></span> <span class='ocrx_word' id='word_1_47' title='bbox 795 791 889 874; x_wconf 91' lang='lat' dir='ltr'><strong>regni</strong></span> <span class='ocrx_word' id='word_1_48' title='bbox 908 790 1107 870; x_wconf 84' lang='lat' dir='ltr'><strong>decrescere,</strong></span> <span class='ocrx_word' id='word_1_49' title='bbox 1120 790 1234 854; x_wconf 86' lang='lat' dir='ltr'><strong>adhuc</strong></span> <span class='ocrx_word' id='word_1_50' title='bbox 1252 803 1369 854; x_wconf 85' lang='lat' dir='ltr'><strong>autem</strong></span> 
     </span>
     <span class='ocr_line' id='line_1_8' title="bbox 212 872 1369 969; baseline 0.001 -35"><span class='ocrx_word' id='word_1_51' title='bbox 212 873 310 936; x_wconf 85' lang='lat' dir='ltr'><strong>etiam</strong></span> <span class='ocrx_word' id='word_1_52' title='bbox 326 873 423 934; x_wconf 84' lang='lat' dir='ltr'><strong>aliam</strong></span> <span class='ocrx_word' id='word_1_53' title='bbox 437 872 637 938; x_wconf 85' lang='lat' dir='ltr'><strong>intellectum</strong></span> <span class='ocrx_word' id='word_1_54' title='bbox 652 873 807 936; x_wconf 84' lang='lat' dir='ltr'><strong>habemns</strong></span> <span class='ocrx_word' id='word_1_55' title='bbox 829 872 1061 969; x_wconf 70' lang='lat' dir='ltr'><strong>negligentiam</strong></span> <span class='ocrx_word' id='word_1_56' title='bbox 1077 894 1118 936; x_wconf 83' lang='lat' dir='ltr'><strong>ex</strong></span> <span class='ocrx_word' id='word_1_57' title='bbox 1139 875 1254 958; x_wconf 81' lang='lat' dir='ltr'><strong>priori</strong></span> <span class='ocrx_word' id='word_1_58' title='bbox 1275 897 1369 938; x_wconf 86' lang='lat' dir='ltr'><strong>occa·</strong></span> 
     </span>
     <span class='ocr_line' id='line_1_9' title="bbox 212 955 1366 1040; baseline -0.001 -22"><span class='ocrx_word' id='word_1_59' title='bbox 212 956 305 1019; x_wconf 88' lang='lat' dir='ltr'><strong>sione</strong></span> <span class='ocrx_word' id='word_1_60' title='bbox 322 963 441 1035; x_wconf 89' lang='lat' dir='ltr'><strong>notam,</strong></span> <span class='ocrx_word' id='word_1_61' title='bbox 460 956 494 1018; x_wconf 91' lang='lat' dir='ltr'><strong>id</strong></span> <span class='ocrx_word' id='word_1_62' title='bbox 514 966 573 1035; x_wconf 88' lang='lat' dir='ltr'><strong>est,</strong></span> <span class='ocrx_word' id='word_1_63' title='bbox 596 956 685 1040; x_wconf 88' lang='lat' dir='ltr'><strong>qnod</strong></span> <span class='ocrx_word' id='word_1_64' title='bbox 704 957 773 1040; x_wconf 89' lang='lat' dir='ltr'><strong>ipsa</strong></span> <span class='ocrx_word' id='word_1_65' title='bbox 786 957 906 1040; x_wconf 84' lang='lat' dir='ltr'><strong>legatau</strong></span> <span class='ocrx_word' id='word_1_66' title='bbox 924 977 991 1016; x_wconf 91' lang='lat' dir='ltr'><strong>nun</strong></span> <span class='ocrx_word' id='word_1_67' title='bbox 1009 955 1054 1017; x_wconf 89' lang='lat' dir='ltr'><strong>ita</strong></span> <span class='ocrx_word' id='word_1_68' title='bbox 1068 967 1198 1040; x_wconf 89' lang='lat' dir='ltr'><strong>peracta</strong></span> <span class='ocrx_word' id='word_1_69' title='bbox 1221 959 1297 1019; x_wconf 90' lang='lat' dir='ltr'><strong>fnit</strong></span> <span class='ocrx_word' id='word_1_70' title='bbox 1321 958 1366 1018; x_wconf 90' lang='lat' dir='ltr'><strong>si-</strong></span> 
     </span>
     <span class='ocr_line' id='line_1_10' title="bbox 211 1037 1367 1124; baseline -0.002 -22"><span class='ocrx_word' id='word_1_71' title='bbox 211 1047 268 1102; x_wconf 85' lang='lat' dir='ltr'><strong>ent</strong></span> <span class='ocrx_word' id='word_1_72' title='bbox 282 1039 351 1124; x_wconf 85' lang='lat' dir='ltr'><strong>ipsa</strong></span> <span class='ocrx_word' id='word_1_73' title='bbox 373 1038 546 1102; x_wconf 86' lang='lat' dir='ltr'><strong>necessitas</strong></span> <span class='ocrx_word' id='word_1_74' title='bbox 567 1037 762 1124; x_wconf 86' lang='lat' dir='ltr'><strong>deposcebat</strong></span> <span class='ocrx_word' id='word_1_75' title='bbox 774 1065 783 1112; x_wconf 68' lang='grc' dir='ltr'><strong>ς</strong></span> <span class='ocrx_word' id='word_1_76' title='bbox 804 1059 1001 1122; x_wconf 86' lang='lat' dir='ltr'><strong>quamquam</strong></span> <span class='ocrx_word' id='word_1_77' title='bbox 1022 1059 1063 1100; x_wconf 87' lang='lat' dir='ltr'><strong>ex</strong></span> <span class='ocrx_word' id='word_1_78' title='bbox 1083 1049 1174 1122; x_wconf 88' lang='lat' dir='ltr'><strong>parte</strong></span> <span class='ocrx_word' id='word_1_79' title='bbox 1188 1063 1258 1103; x_wconf 80' lang='lat' dir='ltr'><strong>vos</strong></span> <span class='ocrx_word' id='word_1_80' title='bbox 1279 1041 1367 1102; x_wconf 89' lang='lat' dir='ltr'><strong>diea-</strong></span> 
     </span>
     <span class='ocr_line' id='line_1_11' title="bbox 211 1120 1365 1204; baseline -0.001 -20"><span class='ocrx_word' id='word_1_81' title='bbox 211 1122 254 1188; x_wconf 89' lang='lat' dir='ltr'><strong>tis</strong></span> <span class='ocrx_word' id='word_1_82' title='bbox 272 1143 330 1184; x_wconf 86' lang='lat' dir='ltr'><strong>nus</strong></span> <span class='ocrx_word' id='word_1_83' title='bbox 346 1122 512 1186; x_wconf 87' lang='lat' dir='ltr'><strong>materiam</strong></span> <span class='ocrx_word' id='word_1_84' title='bbox 528 1121 563 1183; x_wconf 93' lang='lat' dir='ltr'><strong>in</strong></span> <span class='ocrx_word' id='word_1_85' title='bbox 580 1143 620 1186; x_wconf 93' lang='lat' dir='ltr'><strong>eu</strong></span> <span class='ocrx_word' id='word_1_86' title='bbox 643 1121 769 1185; x_wconf 82' lang='lat' dir='ltr'><strong>dedisse</strong></span> <span class='ocrx_word' id='word_1_87' title='bbox 787 1120 877 1204; x_wconf 89' lang='lat' dir='ltr'><strong>qnod</strong></span> <span class='ocrx_word' id='word_1_88' title='bbox 893 1143 960 1183; x_wconf 93' lang='lat' dir='ltr'><strong>nun</strong></span> <span class='ocrx_word' id='word_1_89' title='bbox 978 1141 1038 1204; x_wconf 89' lang='lat' dir='ltr'><strong>per</strong></span> <span class='ocrx_word' id='word_1_90' title='bbox 1060 1123 1169 1184; x_wconf 88' lang='lat' dir='ltr'><strong>omnia</strong></span> <span class='ocrx_word' id='word_1_91' title='bbox 1181 1123 1244 1184; x_wconf 83' lang='lat' dir='ltr'><strong>&#39;ad</strong></span> <span class='ocrx_word' id='word_1_92' title='bbox 1276 1121 1365 1183; x_wconf 88' lang='lat' dir='ltr'><strong>hanc</strong></span> 
     </span>
     <span class='ocr_line' id='line_1_12' title="bbox 211 1203 1363 1288; baseline -0.003 -20"><span class='ocrx_word' id='word_1_93' title='bbox 211 1203 436 1270; x_wconf 86' lang='lat' dir='ltr'><strong>necessitatem</strong></span> <span class='ocrx_word' id='word_1_94' title='bbox 452 1204 682 1288; x_wconf 85' lang='lat' dir='ltr'><strong>inquirendam</strong></span> <span class='ocrx_word' id='word_1_95' title='bbox 694 1203 825 1288; x_wconf 88' lang='lat' dir='ltr'><strong>plenam</strong></span> <span class='ocrx_word' id='word_1_96' title='bbox 839 1203 931 1266; x_wconf 81' lang='lat' dir='ltr'><strong>vobis</strong></span> <span class='ocrx_word' id='word_1_97' title='bbox 948 1203 1145 1266; x_wconf 83' lang='lat' dir='ltr'><strong>dedissemus</strong></span> <span class='ocrx_word' id='word_1_98' title='bbox 1163 1205 1363 1268; x_wconf 83' lang='lat' dir='ltr'><strong>iussionem.</strong></span> 
     </span>
     <span class='ocr_line' id='line_1_13' title="bbox 210 1286 1362 1371; baseline -0.002 -21"><span class='ocrx_word' id='word_1_99' title='bbox 210 1288 290 1362; x_wconf 76' lang='lat' dir='ltr'><strong>Ideo</strong></span> <span class='ocrx_word' id='word_1_100' title='bbox 310 1307 512 1371; x_wconf 82' lang='lat' dir='ltr'><strong>summopere</strong></span> <span class='ocrx_word' id='word_1_101' title='bbox 527 1286 730 1350; x_wconf 85' lang='lat' dir='ltr'><strong>tractandum</strong></span> <span class='ocrx_word' id='word_1_102' title='bbox 748 1297 796 1356; x_wconf 86' lang='lat' dir='ltr'><strong>est</strong></span> <span class='ocrx_word' id='word_1_103' title='bbox 815 1287 979 1371; x_wconf 91' lang='lat' dir='ltr'><strong>qnumudo</strong></span> <span class='ocrx_word' id='word_1_104' title='bbox 1000 1287 1143 1348; x_wconf 87' lang='lat' dir='ltr'><strong>Domino</strong></span> <span class='ocrx_word' id='word_1_105' title='bbox 1163 1288 1362 1365; x_wconf 83' lang='lat' dir='ltr'><strong>adiuvante,</strong></span> 
     </span>
     <span class='ocr_line' id='line_1_14' title="bbox 211 1368 1361 1456; baseline -0.002 -22"><span class='ocrx_word' id='word_1_106' title='bbox 211 1379 246 1434; x_wconf 87' lang='lat' dir='ltr'><strong>et</strong></span> <span class='ocrx_word' id='word_1_107' title='bbox 267 1371 302 1432; x_wconf 91' lang='lat' dir='ltr'><strong>in</strong></span> <span class='ocrx_word' id='word_1_108' title='bbox 321 1368 484 1456; x_wconf 87' lang='lat' dir='ltr'><strong>praesenti</strong></span> <span class='ocrx_word' id='word_1_109' title='bbox 494 1368 535 1432; x_wconf 92' lang='lat' dir='ltr'><strong>de</strong></span> <span class='ocrx_word' id='word_1_110' title='bbox 550 1369 602 1432; x_wconf 91' lang='lat' dir='ltr'><strong>his</strong></span> <span class='ocrx_word' id='word_1_111' title='bbox 618 1391 702 1454; x_wconf 87' lang='lat' dir='ltr'><strong>qnae</strong></span> <span class='ocrx_word' id='word_1_112' title='bbox 723 1391 783 1454; x_wconf 88' lang='lat' dir='ltr'><strong>per</strong></span> <span class='ocrx_word' id='word_1_113' title='bbox 798 1369 1032 1453; x_wconf 76' lang='lat' dir='ltr'><strong>negligentiam</strong></span> <span class='ocrx_word' id='word_1_114' title='bbox 1053 1377 1086 1432; x_wconf 88' lang='lat' dir='ltr'><strong>et</strong></span> <span class='ocrx_word' id='word_1_115' title='bbox 1109 1369 1282 1432; x_wconf 83' lang='lat' dir='ltr'><strong>incuriam</strong></span> <span class='ocrx_word' id='word_1_116' title='bbox 1303 1371 1361 1432; x_wconf 92' lang='lat' dir='ltr'><strong>de-</strong></span> 
     </span>
     <span class='ocr_line' id='line_1_15' title="bbox 211 1451 1361 1538; baseline -0.003 -20"><span class='ocrx_word' id='word_1_117' title='bbox 211 1461 341 1538; x_wconf 79' lang='lat' dir='ltr'><strong>pravata</strong></span> <span class='ocrx_word' id='word_1_118' title='bbox 354 1461 441 1532; x_wconf 86' lang='lat' dir='ltr'><strong>sunt,</strong></span> <span class='ocrx_word' id='word_1_119' title='bbox 459 1451 674 1536; x_wconf 89' lang='lat' dir='ltr'><strong>corrigantur,</strong></span> <span class='ocrx_word' id='word_1_120' title='bbox 695 1462 729 1515; x_wconf 92' lang='lat' dir='ltr'><strong>et</strong></span> <span class='ocrx_word' id='word_1_121' title='bbox 740 1475 781 1516; x_wconf 92' lang='lat' dir='ltr'><strong>ne</strong></span> <span class='ocrx_word' id='word_1_122' title='bbox 799 1453 884 1516; x_wconf 89' lang='lat' dir='ltr'><strong>altra</strong></span> <span class='ocrx_word' id='word_1_123' title='bbox 902 1451 979 1514; x_wconf 88' lang='lat' dir='ltr'><strong>talia</strong></span> <span class='ocrx_word' id='word_1_124' title='bbox 1000 1451 1079 1513; x_wconf 88' lang='lat' dir='ltr'><strong>fiant</strong></span> <span class='ocrx_word' id='word_1_125' title='bbox 1099 1451 1246 1516; x_wconf 75' lang='lat' dir='ltr'><strong>sollicite</strong></span> <span class='ocrx_word' id='word_1_126' title='bbox 1260 1474 1361 1516; x_wconf 78' lang='lat' dir='ltr'><strong>cave·</strong></span> 
     </span>
     <span class='ocr_line' id='line_1_16' title="bbox 212 1533 1359 1620; baseline 0.002 -24"><span class='ocrx_word' id='word_1_127' title='bbox 212 1547 295 1599; x_wconf 85' lang='lat' dir='ltr'><strong>atur.</strong></span> <span class='ocrx_word' id='word_1_128' title='bbox 334 1535 412 1600; x_wconf 86' lang='lat' dir='ltr'><strong>Post</strong></span> <span class='ocrx_word' id='word_1_129' title='bbox 430 1533 511 1600; x_wconf 88' lang='lat' dir='ltr'><strong>haec</strong></span> <span class='ocrx_word' id='word_1_130' title='bbox 525 1535 606 1598; x_wconf 90' lang='lat' dir='ltr'><strong>socii</strong></span> <span class='ocrx_word' id='word_1_131' title='bbox 625 1534 859 1598; x_wconf 82' lang='lat' dir='ltr'><strong>denominandi</strong></span> <span class='ocrx_word' id='word_1_132' title='bbox 883 1544 970 1615; x_wconf 88' lang='lat' dir='ltr'><strong>sunt,</strong></span> <span class='ocrx_word' id='word_1_133' title='bbox 1000 1541 1034 1597; x_wconf 88' lang='lat' dir='ltr'><strong>et</strong></span> <span class='ocrx_word' id='word_1_134' title='bbox 1055 1543 1135 1598; x_wconf 88' lang='lat' dir='ltr'><strong>tunc</strong></span> <span class='ocrx_word' id='word_1_135' title='bbox 1156 1535 1272 1620; x_wconf 85' lang='lat' dir='ltr'><strong>qualis</strong></span> <span class='ocrx_word' id='word_1_136' title='bbox 1300 1535 1359 1598; x_wconf 92' lang='lat' dir='ltr'><strong>de·</strong></span> 
     </span>
     <span class='ocr_line' id='line_1_17' title="bbox 211 1617 801 1702; baseline -0.003 -20"><span class='ocrx_word' id='word_1_137' title='bbox 211 1619 287 1684; x_wconf 87' lang='lat' dir='ltr'><strong>beat</strong></span> <span class='ocrx_word' id='word_1_138' title='bbox 311 1637 379 1682; x_wconf 90' lang='lat' dir='ltr'><strong>esse</strong></span> <span class='ocrx_word' id='word_1_139' title='bbox 391 1617 510 1702; x_wconf 87' lang='lat' dir='ltr'><strong>legatio</strong></span> <span class='ocrx_word' id='word_1_140' title='bbox 526 1617 729 1702; x_wconf 89' lang='lat' dir='ltr'><strong>iniungenda</strong></span> <span class='ocrx_word' id='word_1_141' title='bbox 744 1627 801 1682; x_wconf 75' lang='lat' dir='ltr'><strong>est.</strong></span> 
     </span>
    </p>

    <p class='ocr_par' dir='ltr' id='par_1_6' title="bbox 213 1697 1354 1954">
     <span class='ocr_line' id='line_1_18' title="bbox 295 1697 1354 1785; baseline -0.004 -21"><span class='ocrx_word' id='word_1_142' title='bbox 295 1699 325 1764; x_wconf 88' lang='lat' dir='ltr'><strong>I.</strong></span> <span class='ocrx_word' id='word_1_143' title='bbox 365 1700 475 1766; x_wconf 89' lang='lat' dir='ltr'><strong>Primo</strong></span> <span class='ocrx_word' id='word_1_144' title='bbox 489 1700 729 1785; x_wconf 88' lang='lat' dir='ltr'><strong>iniungendum</strong></span> <span class='ocrx_word' id='word_1_145' title='bbox 743 1711 792 1764; x_wconf 91' lang='lat' dir='ltr'><strong>est</strong></span> <span class='ocrx_word' id='word_1_146' title='bbox 812 1697 917 1764; x_wconf 78' lang='lat' dir='ltr'><strong>Missis</strong></span> <span class='ocrx_word' id='word_1_147' title='bbox 937 1709 974 1763; x_wconf 89' lang='lat' dir='ltr'><strong>nt</strong></span> <span class='ocrx_word' id='word_1_148' title='bbox 994 1699 1059 1762; x_wconf 88' lang='lat' dir='ltr'><strong>hoe</strong></span> <span class='ocrx_word' id='word_1_149' title='bbox 1079 1700 1278 1763; x_wconf 89' lang='lat' dir='ltr'><strong>omnimodis</strong></span> <span class='ocrx_word' id='word_1_150' title='bbox 1301 1721 1354 1761; x_wconf 86' lang='lat' dir='ltr'><strong>ca-</strong></span> 
     </span>
     <span class='ocr_line' id='line_1_19' title="bbox 213 1783 1352 1868; baseline -0.004 -20"><span class='ocrx_word' id='word_1_151' title='bbox 213 1791 321 1864; x_wconf 77' lang='lat' dir='ltr'><strong>veant,</strong></span> <span class='ocrx_word' id='word_1_152' title='bbox 342 1803 384 1846; x_wconf 91' lang='lat' dir='ltr'><strong>ne</strong></span> <span class='ocrx_word' id='word_1_153' title='bbox 405 1783 528 1868; x_wconf 89' lang='lat' dir='ltr'><strong>populu</strong></span> <span class='ocrx_word' id='word_1_154' title='bbox 545 1783 579 1844; x_wconf 91' lang='lat' dir='ltr'><strong>in</strong></span> <span class='ocrx_word' id='word_1_155' title='bbox 607 1805 722 1846; x_wconf 87' lang='lat' dir='ltr'><strong>eornm</strong></span> <span class='ocrx_word' id='word_1_156' title='bbox 745 1783 949 1868; x_wconf 85' lang='lat' dir='ltr'><strong>pmlectione</strong></span> <span class='ocrx_word' id='word_1_157' title='bbox 973 1783 1067 1846; x_wconf 89' lang='lat' dir='ltr'><strong>oncri</strong></span> <span class='ocrx_word' id='word_1_158' title='bbox 1094 1784 1171 1862; x_wconf 88' lang='lat' dir='ltr'><strong>sint,</strong></span> <span class='ocrx_word' id='word_1_159' title='bbox 1197 1804 1242 1846; x_wconf 93' lang='lat' dir='ltr'><strong>ne</strong></span> <span class='ocrx_word' id='word_1_160' title='bbox 1268 1784 1352 1846; x_wconf 80' lang='lat' dir='ltr'><strong>forte</strong></span> 
     </span>
     <span class='ocr_line' id='line_1_20' title="bbox 213 1865 1125 1954; baseline -0.002 -24"><span class='ocrx_word' id='word_1_161' title='bbox 213 1865 332 1954; x_wconf 86' lang='lat' dir='ltr'><strong>quibus</strong></span> <span class='ocrx_word' id='word_1_162' title='bbox 352 1866 528 1934; x_wconf 80' lang='lat' dir='ltr'><strong>subvenire</strong></span> <span class='ocrx_word' id='word_1_163' title='bbox 545 1865 728 1946; x_wconf 80' lang='lat' dir='ltr'><strong>debuerint,</strong></span> <span class='ocrx_word' id='word_1_164' title='bbox 747 1865 953 1929; x_wconf 86' lang='lat' dir='ltr'><strong>afflictionem</strong></span> <span class='ocrx_word' id='word_1_165' title='bbox 972 1867 1125 1928; x_wconf 85' lang='lat' dir='ltr'><strong>inferant.</strong></span> 
     </span>
    </p>

    <p class='ocr_par' dir='ltr' id='par_1_7' title="bbox 213 1948 1350 2198">
     <span class='ocr_line' id='line_1_21' title="bbox 295 1948 1350 2033; baseline -0.005 -19"><span class='ocrx_word' id='word_1_166' title='bbox 295 1948 340 2014; x_wconf 83' lang='grc' dir='ltr'><strong>ΙΙ.</strong></span> <span class='ocrx_word' id='word_1_167' title='bbox 382 1951 426 2012; x_wconf 88' lang='lat' dir='ltr'><strong>Ut</strong></span> <span class='ocrx_word' id='word_1_168' title='bbox 443 1949 548 2033; x_wconf 87' lang='lat' dir='ltr'><strong>primu</strong></span> <span class='ocrx_word' id='word_1_169' title='bbox 567 1959 708 2012; x_wconf 87' lang='lat' dir='ltr'><strong>nostram</strong></span> <span class='ocrx_word' id='word_1_170' title='bbox 723 1949 846 2033; x_wconf 89' lang='lat' dir='ltr'><strong>populu</strong></span> <span class='ocrx_word' id='word_1_171' title='bbox 871 1949 1071 2012; x_wconf 82' lang='lat' dir='ltr'><strong>voluntatem</strong></span> <span class='ocrx_word' id='word_1_172' title='bbox 1090 1957 1124 2012; x_wconf 91' lang='lat' dir='ltr'><strong>et</strong></span> <span class='ocrx_word' id='word_1_173' title='bbox 1141 1948 1299 2022; x_wconf 87' lang='lat' dir='ltr'><strong>studium,</strong></span> <span class='ocrx_word' id='word_1_174' title='bbox 1319 1957 1350 2010; x_wconf 87' lang='lat' dir='ltr'><strong>et</strong></span> 
     </span>
     <span class='ocr_line' id='line_1_22' title="bbox 213 2030 1346 2129; baseline -0.004 -34"><span class='ocrx_word' id='word_1_175' title='bbox 213 2053 297 2116; x_wconf 88' lang='lat' dir='ltr'><strong>qnae</strong></span> <span class='ocrx_word' id='word_1_176' title='bbox 319 2030 503 2096; x_wconf 89' lang='lat' dir='ltr'><strong>intentione</strong></span> <span class='ocrx_word' id='word_1_177' title='bbox 531 2035 549 2094; x_wconf 81' lang='lat' dir='ltr'><strong>d</strong></span> <span class='ocrx_word' id='word_1_178' title='bbox 573 2031 667 2094; x_wconf 90' lang='lat' dir='ltr'><strong>nobis</strong></span> <span class='ocrx_word' id='word_1_179' title='bbox 687 2031 753 2094; x_wconf 92' lang='lat' dir='ltr'><strong>sint</strong></span> <span class='ocrx_word' id='word_1_180' title='bbox 774 2031 904 2110; x_wconf 90' lang='lat' dir='ltr'><strong>directi,</strong></span> <span class='ocrx_word' id='word_1_181' title='bbox 926 2054 987 2129; x_wconf 91' lang='lat' dir='ltr'><strong>per</strong></span> <span class='ocrx_word' id='word_1_182' title='bbox 1014 2041 1163 2094; x_wconf 82' lang='lat' dir='ltr'><strong>nostrum</strong></span> <span class='ocrx_word' id='word_1_183' title='bbox 1195 2033 1346 2118; x_wconf 85' lang='lat' dir='ltr'><strong>scriptum</strong></span> 
     </span>
     <span class='ocr_line' id='line_1_23' title="bbox 213 2113 1111 2198; baseline -0.003 -20"><span class='ocrx_word' id='word_1_184' title='bbox 213 2114 376 2178; x_wconf 88' lang='lat' dir='ltr'><strong>nuntient.</strong></span> <span class='ocrx_word' id='word_1_185' title='bbox 417 2115 605 2178; x_wconf 85' lang='lat' dir='ltr'><strong>Instruendi</strong></span> <span class='ocrx_word' id='word_1_186' title='bbox 623 2125 700 2180; x_wconf 89' lang='lat' dir='ltr'><strong>sunt</strong></span> <span class='ocrx_word' id='word_1_187' title='bbox 719 2113 816 2177; x_wconf 88' lang='lat' dir='ltr'><strong>etiam</strong></span> <span class='ocrx_word' id='word_1_188' title='bbox 839 2115 920 2198; x_wconf 88' lang='lat' dir='ltr'><strong>quid</strong></span> <span class='ocrx_word' id='word_1_189' title='bbox 932 2115 1111 2198; x_wconf 72' lang='lat' dir='ltr'><strong>inquirant.</strong></span> 
     </span>
    </p>

    <p class='ocr_par' dir='ltr' id='par_1_8' title="bbox 124 2195 1342 3768">
     <span class='ocr_line' id='line_1_24' title="bbox 297 2195 1341 2282; baseline -0.007 -20"><span class='ocrx_word' id='word_1_190' title='bbox 297 2197 362 2264; x_wconf 90' lang='lat' dir='ltr'><strong>lll.</strong></span> <span class='ocrx_word' id='word_1_191' title='bbox 404 2197 442 2260; x_wconf 91' lang='lat' dir='ltr'><strong>ln</strong></span> <span class='ocrx_word' id='word_1_192' title='bbox 467 2198 578 2282; x_wconf 89' lang='lat' dir='ltr'><strong>primis</strong></span> <span class='ocrx_word' id='word_1_193' title='bbox 598 2198 661 2260; x_wconf 89' lang='lat' dir='ltr'><strong>huc</strong></span> <span class='ocrx_word' id='word_1_194' title='bbox 682 2198 819 2260; x_wconf 84' lang='lat' dir='ltr'><strong>maxime</strong></span> <span class='ocrx_word' id='word_1_195' title='bbox 839 2197 1018 2282; x_wconf 87' lang='lat' dir='ltr'><strong>inquirant,</strong></span> <span class='ocrx_word' id='word_1_196' title='bbox 1046 2197 1206 2280; x_wconf 86' lang='lat' dir='ltr'><strong>quomodo</strong></span> <span class='ocrx_word' id='word_1_197' title='bbox 1223 2196 1262 2257; x_wconf 78' lang='lat' dir='ltr'><strong>hi&#39;</strong></span> <span class='ocrx_word' id='word_1_198' title='bbox 1283 2195 1341 2278; x_wconf 89' lang='lat' dir='ltr'><strong>qui</strong></span> 
     </span>
     <span class='ocr_line' id='line_1_25' title="bbox 213 2278 1340 2364; baseline -0.004 -20"><span class='ocrx_word' id='word_1_199' title='bbox 213 2279 372 2364; x_wconf 86' lang='lat' dir='ltr'><strong>pupulum</strong></span> <span class='ocrx_word' id='word_1_200' title='bbox 398 2301 512 2362; x_wconf 88' lang='lat' dir='ltr'><strong>regere</strong></span> <span class='ocrx_word' id='word_1_201' title='bbox 537 2280 675 2359; x_wconf 87' lang='lat' dir='ltr'><strong>debent,</strong></span> <span class='ocrx_word' id='word_1_202' title='bbox 708 2280 932 2364; x_wconf 88' lang='lat' dir='ltr'><strong>unnsquisque</strong></span> <span class='ocrx_word' id='word_1_203' title='bbox 961 2280 995 2341; x_wconf 94' lang='lat' dir='ltr'><strong>in</strong></span> <span class='ocrx_word' id='word_1_204' title='bbox 1024 2302 1083 2344; x_wconf 88' lang='lat' dir='ltr'><strong>sno</strong></span> <span class='ocrx_word' id='word_1_205' title='bbox 1107 2278 1283 2342; x_wconf 86' lang='lat' dir='ltr'><strong>ministerio</strong></span> <span class='ocrx_word' id='word_1_206' title='bbox 1307 2300 1340 2340; x_wconf 89' lang='lat' dir='ltr'><strong>se</strong></span> 
     </span>
     <span class='ocr_line' id='line_1_26' title="bbox 215 2361 1341 2446; baseline -0.002 -22"><span class='ocrx_word' id='word_1_207' title='bbox 215 2363 412 2426; x_wconf 89' lang='lat' dir='ltr'><strong>custoditum</strong></span> <span class='ocrx_word' id='word_1_208' title='bbox 435 2361 568 2442; x_wconf 88' lang='lat' dir='ltr'><strong>habeat,</strong></span> <span class='ocrx_word' id='word_1_209' title='bbox 597 2372 634 2425; x_wconf 88' lang='lat' dir='ltr'><strong>nt</strong></span> <span class='ocrx_word' id='word_1_210' title='bbox 656 2364 717 2446; x_wconf 89' lang='lat' dir='ltr'><strong>qni</strong></span> <span class='ocrx_word' id='word_1_211' title='bbox 737 2361 992 2426; x_wconf 80' lang='lat' dir='ltr'><strong>benefaciendo</strong></span> <span class='ocrx_word' id='word_1_212' title='bbox 1019 2362 1194 2446; x_wconf 87' lang='lat' dir='ltr'><strong>gratiarum</strong></span> <span class='ocrx_word' id='word_1_213' title='bbox 1221 2362 1341 2424; x_wconf 88' lang='lat' dir='ltr'><strong>actione</strong></span> 
     </span>
     <span class='ocr_line' id='line_1_27' title="bbox 213 2443 1340 2528; baseline -0.004 -20"><span class='ocrx_word' id='word_1_214' title='bbox 213 2445 305 2528; x_wconf 87' lang='lat' dir='ltr'><strong>digni</strong></span> <span class='ocrx_word' id='word_1_215' title='bbox 324 2454 401 2508; x_wconf 87' lang='lat' dir='ltr'><strong>sunt</strong></span> <span class='ocrx_word' id='word_1_216' title='bbox 418 2467 658 2528; x_wconf 85' lang='lat' dir='ltr'><strong>cognoscamus,</strong></span> <span class='ocrx_word' id='word_1_217' title='bbox 680 2447 738 2528; x_wconf 88' lang='lat' dir='ltr'><strong>qui</strong></span> <span class='ocrx_word' id='word_1_218' title='bbox 758 2466 835 2508; x_wconf 81' lang='lat' dir='ltr'><strong>vero</strong></span> <span class='ocrx_word' id='word_1_219' title='bbox 855 2446 1092 2508; x_wconf 81' lang='lat' dir='ltr'><strong>correctionem</strong></span> <span class='ocrx_word' id='word_1_220' title='bbox 1104 2455 1137 2508; x_wconf 92' lang='lat' dir='ltr'><strong>et</strong></span> <span class='ocrx_word' id='word_1_221' title='bbox 1157 2443 1340 2527; x_wconf 86' lang='lat' dir='ltr'><strong>increpatio-</strong></span> 
     </span>
     <span class='ocr_line' id='line_1_28' title="bbox 215 2527 1340 2626; baseline -0.005 -36"><span class='ocrx_word' id='word_1_222' title='bbox 215 2551 292 2590; x_wconf 90' lang='lat' dir='ltr'><strong>nem</strong></span> <span class='ocrx_word' id='word_1_223' title='bbox 314 2549 374 2626; x_wconf 89' lang='lat' dir='ltr'><strong>pro</strong></span> <span class='ocrx_word' id='word_1_224' title='bbox 393 2550 508 2590; x_wconf 90' lang='lat' dir='ltr'><strong>eornm</strong></span> <span class='ocrx_word' id='word_1_225' title='bbox 532 2529 739 2612; x_wconf 84' lang='lat' dir='ltr'><strong>negligentiis</strong></span> <span class='ocrx_word' id='word_1_226' title='bbox 759 2537 938 2606; x_wconf 85' lang='lat' dir='ltr'><strong>merentur,</strong></span> <span class='ocrx_word' id='word_1_227' title='bbox 960 2527 1153 2590; x_wconf 88' lang='lat' dir='ltr'><strong>omnimodis</strong></span> <span class='ocrx_word' id='word_1_228' title='bbox 1168 2528 1260 2589; x_wconf 88' lang='lat' dir='ltr'><strong>nubis</strong></span> <span class='ocrx_word' id='word_1_229' title='bbox 1278 2549 1340 2586; x_wconf 87' lang='lat' dir='ltr'><strong>ma-</strong></span> 
     </span>
     <span class='ocr_line' id='line_1_29' title="bbox 214 2609 1341 2694; baseline -0.005 -22"><span class='ocrx_word' id='word_1_230' title='bbox 214 2609 327 2674; x_wconf 80' lang='lat' dir='ltr'><strong>nifestr</strong></span> <span class='ocrx_word' id='word_1_231' title='bbox 347 2610 435 2672; x_wconf 86' lang='lat' dir='ltr'><strong>liant.</strong></span> <span class='ocrx_word' id='word_1_232' title='bbox 476 2611 648 2694; x_wconf 86' lang='lat' dir='ltr'><strong>Inquisitio</strong></span> <span class='ocrx_word' id='word_1_233' title='bbox 668 2621 775 2674; x_wconf 89' lang='lat' dir='ltr'><strong>autem</strong></span> <span class='ocrx_word' id='word_1_234' title='bbox 794 2609 857 2671; x_wconf 92' lang='lat' dir='ltr'><strong>huc</strong></span> <span class='ocrx_word' id='word_1_235' title='bbox 878 2609 975 2672; x_wconf 92' lang='lat' dir='ltr'><strong>mudu</strong></span> <span class='ocrx_word' id='word_1_236' title='bbox 995 2611 1058 2670; x_wconf 85' lang='lat' dir='ltr'><strong>liat.</strong></span> <span class='ocrx_word' id='word_1_237' title='bbox 1098 2610 1273 2694; x_wconf 88' lang='lat' dir='ltr'><strong>Eligantur</strong></span> <span class='ocrx_word' id='word_1_238' title='bbox 1288 2627 1341 2692; x_wconf 86' lang='lat' dir='ltr'><strong>per</strong></span> 
     </span>
     <span class='ocr_line' id='line_1_30' title="bbox 213 2689 1340 2777; baseline -0.008 -20"><span class='ocrx_word' id='word_1_239' title='bbox 213 2695 359 2777; x_wconf 85' lang='lat' dir='ltr'><strong>singulos</strong></span> <span class='ocrx_word' id='word_1_240' title='bbox 378 2693 546 2756; x_wconf 86' lang='lat' dir='ltr'><strong>comitatus</strong></span> <span class='ocrx_word' id='word_1_241' title='bbox 566 2693 624 2776; x_wconf 91' lang='lat' dir='ltr'><strong>qni</strong></span> <span class='ocrx_word' id='word_1_242' title='bbox 639 2695 790 2756; x_wconf 88' lang='lat' dir='ltr'><strong>meliores</strong></span> <span class='ocrx_word' id='word_1_243' title='bbox 807 2701 839 2754; x_wconf 91' lang='lat' dir='ltr'><strong>et</strong></span> <span class='ocrx_word' id='word_1_244' title='bbox 861 2693 1042 2756; x_wconf 84' lang='lat' dir='ltr'><strong>veraciores</strong></span> <span class='ocrx_word' id='word_1_245' title='bbox 1061 2702 1146 2754; x_wconf 88' lang='lat' dir='ltr'><strong>sunt.</strong></span> <span class='ocrx_word' id='word_1_246' title='bbox 1187 2693 1272 2754; x_wconf 89' lang='lat' dir='ltr'><strong>Etsi</strong></span> <span class='ocrx_word' id='word_1_247' title='bbox 1289 2689 1340 2751; x_wconf 89' lang='lat' dir='ltr'><strong>ali·</strong></span> 
     </span>
     <span class='ocr_line' id='line_1_31' title="bbox 214 2772 1340 2860; baseline -0.004 -22"><span class='ocrx_word' id='word_1_248' title='bbox 214 2777 287 2860; x_wconf 87' lang='lat' dir='ltr'><strong>quis</strong></span> <span class='ocrx_word' id='word_1_249' title='bbox 310 2776 463 2840; x_wconf 86' lang='lat' dir='ltr'><strong>inventus</strong></span> <span class='ocrx_word' id='word_1_250' title='bbox 480 2778 580 2840; x_wconf 81' lang='lat' dir='ltr'><strong>fuerit</strong></span> <span class='ocrx_word' id='word_1_251' title='bbox 597 2777 637 2838; x_wconf 90' lang='lat' dir='ltr'><strong>de</strong></span> <span class='ocrx_word' id='word_1_252' title='bbox 658 2777 735 2858; x_wconf 89' lang='lat' dir='ltr'><strong>ipsis</strong></span> <span class='ocrx_word' id='word_1_253' title='bbox 749 2775 806 2858; x_wconf 88' lang='lat' dir='ltr'><strong>qui</strong></span> <span class='ocrx_word' id='word_1_254' title='bbox 825 2773 1013 2837; x_wconf 85' lang='lat' dir='ltr'><strong>fidelitatem</strong></span> <span class='ocrx_word' id='word_1_255' title='bbox 1031 2776 1219 2859; x_wconf 86' lang='lat' dir='ltr'><strong>promissam</strong></span> <span class='ocrx_word' id='word_1_256' title='bbox 1242 2772 1340 2835; x_wconf 87' lang='lat' dir='ltr'><strong>adhuc</strong></span> 
     </span>
     <span class='ocr_line' id='line_1_32' title="bbox 213 2856 1339 2944; baseline -0.006 -24"><span class='ocrx_word' id='word_1_257' title='bbox 213 2857 307 2922; x_wconf 89' lang='lat' dir='ltr'><strong>nobis</strong></span> <span class='ocrx_word' id='word_1_258' title='bbox 324 2880 391 2920; x_wconf 92' lang='lat' dir='ltr'><strong>non</strong></span> <span class='ocrx_word' id='word_1_259' title='bbox 405 2858 531 2937; x_wconf 86' lang='lat' dir='ltr'><strong>habeat,</strong></span> <span class='ocrx_word' id='word_1_260' title='bbox 545 2859 720 2944; x_wconf 84' lang='lat' dir='ltr'><strong>promittat.</strong></span> <span class='ocrx_word' id='word_1_261' title='bbox 760 2861 803 2920; x_wconf 90' lang='lat' dir='ltr'><strong>Et</strong></span> <span class='ocrx_word' id='word_1_262' title='bbox 819 2866 899 2918; x_wconf 87' lang='lat' dir='ltr'><strong>tunc</strong></span> <span class='ocrx_word' id='word_1_263' title='bbox 914 2858 1097 2921; x_wconf 88' lang='lat' dir='ltr'><strong>instruendi</strong></span> <span class='ocrx_word' id='word_1_264' title='bbox 1114 2868 1191 2920; x_wconf 88' lang='lat' dir='ltr'><strong>sunt</strong></span> <span class='ocrx_word' id='word_1_265' title='bbox 1208 2856 1339 2940; x_wconf 84' lang='lat' dir='ltr'><strong>qualiter</strong></span> 
     </span>
     <span class='ocr_line' id='line_1_33' title="bbox 124 2939 1339 3026; baseline -0.007 -22"><span class='ocrx_word' id='word_1_266' title='bbox 124 2963 126 2972; x_wconf 68' lang='lat'><strong>¹</strong></span> <span class='ocrx_word' id='word_1_267' title='bbox 213 2943 315 3026; x_wconf 82' lang='lat' dir='ltr'><strong>ipsam</strong></span> <span class='ocrx_word' id='word_1_268' title='bbox 337 2942 433 3004; x_wconf 89' lang='lat' dir='ltr'><strong>lidem</strong></span> <span class='ocrx_word' id='word_1_269' title='bbox 456 2963 532 3026; x_wconf 85' lang='lat' dir='ltr'><strong>erga</strong></span> <span class='ocrx_word' id='word_1_270' title='bbox 549 2965 608 3005; x_wconf 93' lang='lat' dir='ltr'><strong>nos</strong></span> <span class='ocrx_word' id='word_1_271' title='bbox 626 2939 750 3004; x_wconf 80' lang='lat' dir='ltr'><strong>salvare</strong></span> <span class='ocrx_word' id='word_1_272' title='bbox 771 2939 910 3002; x_wconf 88' lang='lat' dir='ltr'><strong>debeant</strong></span> <span class='ocrx_word' id='word_1_273' title='bbox 918 2964 926 3010; x_wconf 88' lang='lat'>;</span> <span class='ocrx_word' id='word_1_274' title='bbox 953 2940 987 3002; x_wconf 91' lang='lat' dir='ltr'><strong>id</strong></span> <span class='ocrx_word' id='word_1_275' title='bbox 1009 2949 1075 3018; x_wconf 85' lang='lat' dir='ltr'><strong>est,</strong></span> <span class='ocrx_word' id='word_1_276' title='bbox 1101 2940 1339 3022; x_wconf 76' lang='lat' dir='ltr'><strong>etquicunque</strong></span> 
     </span>
     <span class='ocr_line' id='line_1_34' title="bbox 214 3020 1339 3088; baseline -0.007 -2"><span class='ocrx_word' id='word_1_277' title='bbox 214 3046 255 3086; x_wconf 84' lang='lat' dir='ltr'><strong>ex</strong></span> <span class='ocrx_word' id='word_1_278' title='bbox 277 3024 328 3086; x_wconf 91' lang='lat' dir='ltr'><strong>his</strong></span> <span class='ocrx_word' id='word_1_279' title='bbox 356 3025 453 3086; x_wconf 89' lang='lat' dir='ltr'><strong>talem</strong></span> <span class='ocrx_word' id='word_1_280' title='bbox 481 3046 609 3087; x_wconf 87' lang='lat' dir='ltr'><strong>cansam</strong></span> <span class='ocrx_word' id='word_1_281' title='bbox 626 3024 688 3088; x_wconf 89' lang='lat' dir='ltr'><strong>scit</strong></span> <span class='ocrx_word' id='word_1_282' title='bbox 712 3024 746 3084; x_wconf 90' lang='lat' dir='ltr'><strong>in</strong></span> <span class='ocrx_word' id='word_1_283' title='bbox 769 3023 836 3084; x_wconf 90' lang='lat' dir='ltr'><strong>illis</strong></span> <span class='ocrx_word' id='word_1_284' title='bbox 859 3024 1038 3084; x_wconf 86' lang='lat' dir='ltr'><strong>rectoribus</strong></span> <span class='ocrx_word' id='word_1_285' title='bbox 1063 3031 1095 3084; x_wconf 90' lang='lat' dir='ltr'><strong>et</strong></span> <span class='ocrx_word' id='word_1_286' title='bbox 1123 3023 1261 3085; x_wconf 83' lang='lat' dir='ltr'><strong>diversis</strong></span> <span class='ocrx_word' id='word_1_287' title='bbox 1284 3020 1339 3082; x_wconf 88' lang='lat' dir='ltr'><strong>mi-</strong></span> 
     </span>
     <span class='ocr_line' id='line_1_35' title="bbox 214 3103 1340 3191; baseline -0.004 -25"><span class='ocrx_word' id='word_1_288' title='bbox 214 3106 322 3168; x_wconf 88' lang='lat' dir='ltr'><strong>nistris</strong></span> <span class='ocrx_word' id='word_1_289' title='bbox 339 3107 396 3190; x_wconf 89' lang='lat' dir='ltr'><strong>qui</strong></span> <span class='ocrx_word' id='word_1_290' title='bbox 416 3107 574 3191; x_wconf 88' lang='lat' dir='ltr'><strong>populum</strong></span> <span class='ocrx_word' id='word_1_291' title='bbox 593 3127 706 3190; x_wconf 87' lang='lat' dir='ltr'><strong>regere</strong></span> <span class='ocrx_word' id='word_1_292' title='bbox 722 3115 754 3168; x_wconf 91' lang='lat' dir='ltr'><strong>et</strong></span> <span class='ocrx_word' id='word_1_293' title='bbox 767 3103 888 3167; x_wconf 82' lang='lat' dir='ltr'><strong>salvare</strong></span> <span class='ocrx_word' id='word_1_294' title='bbox 907 3105 1039 3184; x_wconf 87' lang='lat' dir='ltr'><strong>dehent,</strong></span> <span class='ocrx_word' id='word_1_295' title='bbox 1060 3105 1232 3187; x_wconf 88' lang='lat' dir='ltr'><strong>dequibus</strong></span> <span class='ocrx_word' id='word_1_296' title='bbox 1250 3107 1340 3166; x_wconf 89' lang='lat' dir='ltr'><strong>inter-</strong></span> 
     </span>
     <span class='ocr_line' id='line_1_36' title="bbox 213 3183 1339 3273; baseline -0.005 -23"><span class='ocrx_word' id='word_1_297' title='bbox 213 3189 317 3272; x_wconf 89' lang='lat' dir='ltr'><strong>rogati</strong></span> <span class='ocrx_word' id='word_1_298' title='bbox 333 3189 467 3266; x_wconf 77' lang='lat' dir='ltr'><strong>inerint,</strong></span> <span class='ocrx_word' id='word_1_299' title='bbox 492 3211 575 3272; x_wconf 87' lang='lat' dir='ltr'><strong>quae</strong></span> <span class='ocrx_word' id='word_1_300' title='bbox 597 3189 637 3252; x_wconf 90' lang='lat' dir='ltr'><strong>ad</strong></span> <span class='ocrx_word' id='word_1_301' title='bbox 653 3189 767 3273; x_wconf 87' lang='lat' dir='ltr'><strong>populi</strong></span> <span class='ocrx_word' id='word_1_302' title='bbox 780 3188 934 3249; x_wconf 87' lang='lat' dir='ltr'><strong>damnum</strong></span> <span class='ocrx_word' id='word_1_303' title='bbox 948 3198 980 3250; x_wconf 92' lang='lat' dir='ltr'><strong>et</strong></span> <span class='ocrx_word' id='word_1_304' title='bbox 1003 3188 1235 3250; x_wconf 87' lang='lat' dir='ltr'><strong>detrimentum</strong></span> <span class='ocrx_word' id='word_1_305' title='bbox 1251 3183 1339 3271; x_wconf 77' lang='lat' dir='ltr'><strong>perti-</strong></span> 
     </span>
     <span class='ocr_line' id='line_1_37' title="bbox 214 3267 1340 3354; baseline -0.005 -22"><span class='ocrx_word' id='word_1_306' title='bbox 214 3280 307 3350; x_wconf 82' lang='lat' dir='ltr'><strong>nent,</strong></span> <span class='ocrx_word' id='word_1_307' title='bbox 333 3281 366 3333; x_wconf 88' lang='lat' dir='ltr'><strong>et</strong></span> <span class='ocrx_word' id='word_1_308' title='bbox 390 3281 523 3354; x_wconf 86' lang='lat' dir='ltr'><strong>propter</strong></span> <span class='ocrx_word' id='word_1_309' title='bbox 547 3270 611 3334; x_wconf 87' lang='lat' dir='ltr'><strong>huc</strong></span> <span class='ocrx_word' id='word_1_310' title='bbox 634 3273 727 3333; x_wconf 90' lang='lat' dir='ltr'><strong>nubis</strong></span> <span class='ocrx_word' id='word_1_311' title='bbox 745 3269 929 3354; x_wconf 89' lang='lat' dir='ltr'><strong>pericnlum</strong></span> <span class='ocrx_word' id='word_1_312' title='bbox 951 3271 1076 3333; x_wconf 85' lang='lat' dir='ltr'><strong>animae</strong></span> <span class='ocrx_word' id='word_1_313' title='bbox 1095 3269 1228 3332; x_wconf 81' lang='lat' dir='ltr'><strong>evenire</strong></span> <span class='ocrx_word' id='word_1_314' title='bbox 1248 3267 1340 3352; x_wconf 86' lang='lat' dir='ltr'><strong>possit</strong></span> 
     </span>
     <span class='ocr_line' id='line_1_38' title="bbox 183 3352 1340 3435; baseline 0.001 -25"><span class='ocrx_word' id='word_1_315' title='bbox 183 3399 190 3410; x_wconf 90' lang='lat'><strong>.</strong></span> <span class='ocrx_word' id='word_1_316' title='bbox 214 3363 246 3415; x_wconf 90' lang='lat' dir='ltr'><strong>et</strong></span> <span class='ocrx_word' id='word_1_317' title='bbox 268 3352 487 3430; x_wconf 87' lang='lat' dir='ltr'><strong>inhonoratio,</strong></span> <span class='ocrx_word' id='word_1_318' title='bbox 504 3355 649 3433; x_wconf 89' lang='lat' dir='ltr'><strong>omnino,</strong></span> <span class='ocrx_word' id='word_1_319' title='bbox 664 3356 691 3416; x_wconf 90' lang='lat' dir='ltr'><strong>si</strong></span> <span class='ocrx_word' id='word_1_320' title='bbox 707 3355 827 3417; x_wconf 85' lang='lat' dir='ltr'><strong>salvam</strong></span> <span class='ocrx_word' id='word_1_321' title='bbox 846 3353 989 3415; x_wconf 85' lang='lat' dir='ltr'><strong>voluerit</strong></span> <span class='ocrx_word' id='word_1_322' title='bbox 1005 3375 1095 3415; x_wconf 87' lang='lat' dir='ltr'><strong>snam</strong></span> <span class='ocrx_word' id='word_1_323' title='bbox 1114 3352 1212 3415; x_wconf 87' lang='lat' dir='ltr'><strong>fidem</strong></span> <span class='ocrx_word' id='word_1_324' title='bbox 1228 3361 1262 3412; x_wconf 91' lang='lat' dir='ltr'><strong>et</strong></span> <span class='ocrx_word' id='word_1_325' title='bbox 1276 3373 1340 3435; x_wconf 73' lang='lat' dir='ltr'><strong>pru</strong></span> 
     </span>
     <span class='ocr_line' id='line_1_39' title="bbox 213 3433 1337 3518; baseline -0.003 -22"><span class='ocrx_word' id='word_1_326' title='bbox 213 3437 401 3498; x_wconf 85' lang='lat' dir='ltr'><strong>missionem</strong></span> <span class='ocrx_word' id='word_1_327' title='bbox 422 3435 559 3515; x_wconf 88' lang='lat' dir='ltr'><strong>habere,</strong></span> <span class='ocrx_word' id='word_1_328' title='bbox 583 3435 789 3498; x_wconf 86' lang='lat' dir='ltr'><strong>manifestum</strong></span> <span class='ocrx_word' id='word_1_329' title='bbox 814 3435 922 3496; x_wconf 85' lang='lat' dir='ltr'><strong>faciat.</strong></span> <span class='ocrx_word' id='word_1_330' title='bbox 961 3437 1002 3496; x_wconf 88' lang='lat' dir='ltr'><strong>Et</strong></span> <span class='ocrx_word' id='word_1_331' title='bbox 1025 3437 1051 3498; x_wconf 90' lang='lat' dir='ltr'><strong>si</strong></span> <span class='ocrx_word' id='word_1_332' title='bbox 1075 3443 1147 3518; x_wconf 88' lang='lat' dir='ltr'><strong>post</strong></span> <span class='ocrx_word' id='word_1_333' title='bbox 1170 3437 1267 3496; x_wconf 86' lang='lat' dir='ltr'><strong>talem</strong></span> <span class='ocrx_word' id='word_1_334' title='bbox 1286 3433 1337 3494; x_wconf 84' lang='lat' dir='ltr'><strong>ad-</strong></span> 
     </span>
     <span class='ocr_line' id='line_1_40' title="bbox 213 3517 1342 3600; baseline -0.005 -22"><span class='ocrx_word' id='word_1_335' title='bbox 213 3519 427 3586; x_wconf 84' lang='lat' dir='ltr'><strong>monitionem</strong></span> <span class='ocrx_word' id='word_1_336' title='bbox 447 3529 479 3580; x_wconf 93' lang='lat' dir='ltr'><strong>et</strong></span> <span class='ocrx_word' id='word_1_337' title='bbox 493 3521 777 3596; x_wconf 88' lang='lat' dir='ltr'><strong>contestationem,</strong></span> <span class='ocrx_word' id='word_1_338' title='bbox 807 3519 899 3582; x_wconf 86' lang='lat' dir='ltr'><strong>aliter</strong></span> <span class='ocrx_word' id='word_1_339' title='bbox 918 3540 1016 3600; x_wconf 90' lang='lat' dir='ltr'><strong>quam</strong></span> <span class='ocrx_word' id='word_1_340' title='bbox 1037 3539 1070 3582; x_wconf 87' lang='lat' dir='ltr'><strong>se</strong></span> <span class='ocrx_word' id='word_1_341' title='bbox 1095 3518 1212 3580; x_wconf 81' lang='lat' dir='ltr'><strong>veritas</strong></span> <span class='ocrx_word' id='word_1_342' title='bbox 1232 3517 1342 3578; x_wconf 84' lang='lat' dir='ltr'><strong>habeat</strong></span> 
     </span>
     <span class='ocr_line' id='line_1_41' title="bbox 213 3599 1339 3688; baseline -0.003 -26"><span class='ocrx_word' id='word_1_343' title='bbox 213 3601 332 3663; x_wconf 87' lang='lat' dir='ltr'><strong>dixisse</strong></span> <span class='ocrx_word' id='word_1_344' title='bbox 348 3601 467 3683; x_wconf 85' lang='lat' dir='ltr'><strong>aliquis</strong></span> <span class='ocrx_word' id='word_1_345' title='bbox 487 3601 706 3688; x_wconf 87' lang='lat' dir='ltr'><strong>deprehensus</strong></span> <span class='ocrx_word' id='word_1_346' title='bbox 725 3601 835 3680; x_wconf 82' lang='lat' dir='ltr'><strong>luerit,</strong></span> <span class='ocrx_word' id='word_1_347' title='bbox 862 3601 941 3662; x_wconf 86' lang='lat' dir='ltr'><strong>sciat</strong></span> <span class='ocrx_word' id='word_1_348' title='bbox 956 3623 989 3663; x_wconf 87' lang='lat' dir='ltr'><strong>se</strong></span> <span class='ocrx_word' id='word_1_349' title='bbox 1004 3601 1091 3664; x_wconf 77' lang='lat' dir='ltr'><strong>inter</strong></span> <span class='ocrx_word' id='word_1_350' title='bbox 1109 3599 1258 3664; x_wconf 77' lang='lat' dir='ltr'><strong>infideles</strong></span> <span class='ocrx_word' id='word_1_351' title='bbox 1278 3617 1339 3662; x_wconf 88' lang='lat' dir='ltr'><strong>essu</strong></span> 
     </span>
     <span class='ocr_line' id='line_1_42' title="bbox 211 3681 437 3768; baseline -0.004 -23"><span class='ocrx_word' id='word_1_352' title='bbox 211 3681 437 3768; x_wconf 86' lang='lat' dir='ltr'><strong>reputandum.</strong></span> 
     </span>
    </p>
   </div>
   <div class='ocr_carea' id='block_1_5' title="bbox 212 3835 1439 4142">
    <p class='ocr_par' dir='ltr' id='par_1_9' title="bbox 212 3835 1439 4142">
     <span class='ocr_line' id='line_1_43' title="bbox 212 3835 1439 3934; baseline 0.003 -26"><span class='ocrx_word' id='word_1_353' title='bbox 212 3835 319 3910; x_wconf 88' lang='lat' dir='ltr'><strong>Haec</strong></span> <span class='ocrx_word' id='word_1_354' title='bbox 351 3851 436 3910; x_wconf 87' lang='lat' dir='ltr'><strong>sunt</strong></span> <span class='ocrx_word' id='word_1_355' title='bbox 470 3837 638 3933; x_wconf 83' lang='lat' dir='ltr'><strong>Capitale</strong></span> <span class='ocrx_word' id='word_1_356' title='bbox 668 3863 761 3933; x_wconf 86' lang='lat' dir='ltr'><strong>quae</strong></span> <span class='ocrx_word' id='word_1_357' title='bbox 793 3840 960 3913; x_wconf 78' lang='lat' dir='ltr'><strong>volumus</strong></span> <span class='ocrx_word' id='word_1_358' title='bbox 991 3851 1033 3910; x_wconf 91' lang='lat' dir='ltr'><strong>ut</strong></span> <span class='ocrx_word' id='word_1_359' title='bbox 1064 3840 1257 3934; x_wconf 86' lang='lat' dir='ltr'><strong>diligenter</strong></span> <span class='ocrx_word' id='word_1_360' title='bbox 1290 3843 1340 3912; x_wconf 81' lang='lat' dir='ltr'><strong>in·</strong></span> <span class='ocrx_word' id='word_1_361' title='bbox 1438 3849 1439 3858; x_wconf 77' lang='grc'>’</span> 
     </span>
     <span class='ocr_line' id='line_1_44' title="bbox 704 3940 1152 4051; baseline 0 -41"><span class='ocrx_word' id='word_1_362' title='bbox 704 3940 859 4034; x_wconf 85' lang='lat' dir='ltr'><strong>quirent.</strong></span> <span class='ocrx_word' id='word_1_363' title='bbox 939 3950 948 3964; x_wconf 83' lang='lat'><strong><em>‘</em></strong></span> <span class='ocrx_word' id='word_1_364' title='bbox 1149 4043 1152 4051; x_wconf 29' lang='grc' dir='ltr'><strong><em>Ι</em></strong></span> 
     </span>
     <span class='ocr_line' id='line_1_45' title="bbox 294 4057 1342 4142; baseline 0.001 -22"><span class='ocrx_word' id='word_1_365' title='bbox 294 4058 403 4120; x_wconf 87' lang='lat' dir='ltr'><strong>Primo</strong></span> <span class='ocrx_word' id='word_1_366' title='bbox 418 4057 458 4120; x_wconf 91' lang='lat' dir='ltr'><strong>de</strong></span> <span class='ocrx_word' id='word_1_367' title='bbox 470 4057 651 4142; x_wconf 85' lang='lat' dir='ltr'><strong>Episcopis,</strong></span> <span class='ocrx_word' id='word_1_368' title='bbox 667 4057 829 4141; x_wconf 83' lang='lat' dir='ltr'><strong>quomodo</strong></span> <span class='ocrx_word' id='word_1_369' title='bbox 845 4079 938 4120; x_wconf 88' lang='lat' dir='ltr'><strong>sunm</strong></span> <span class='ocrx_word' id='word_1_370' title='bbox 951 4057 1167 4120; x_wconf 80' lang='lat' dir='ltr'><strong>ministeriam</strong></span> <span class='ocrx_word' id='word_1_371' title='bbox 1181 4059 1342 4142; x_wconf 84' lang='lat' dir='ltr'><strong>expleant,</strong></span> 
     </span>
    </p>
   </div>
   <div class='ocr_carea' id='block_1_6' title="bbox 211 4139 1342 4310">
    <p class='ocr_par' dir='ltr' id='par_1_10' title="bbox 211 4139 1342 4310">
     <span class='ocr_line' id='line_1_46' title="bbox 211 4139 1342 4224; baseline 0.003 -23"><span class='ocrx_word' id='word_1_372' title='bbox 211 4150 244 4201; x_wconf 86' lang='lat' dir='ltr'><strong>et</strong></span> <span class='ocrx_word' id='word_1_373' title='bbox 264 4141 369 4224; x_wconf 86' lang='lat' dir='ltr'><strong>qualis</strong></span> <span class='ocrx_word' id='word_1_374' title='bbox 390 4141 431 4201; x_wconf 90' lang='lat' dir='ltr'><strong>sit</strong></span> <span class='ocrx_word' id='word_1_375' title='bbox 456 4139 590 4202; x_wconf 86' lang='lat' dir='ltr'><strong>illorum</strong></span> <span class='ocrx_word' id='word_1_376' title='bbox 613 4141 829 4218; x_wconf 87' lang='lat' dir='ltr'><strong>conversatio,</strong></span> <span class='ocrx_word' id='word_1_377' title='bbox 856 4143 909 4203; x_wconf 84' lang='lat' dir='ltr'><strong>vel</strong></span> <span class='ocrx_word' id='word_1_378' title='bbox 937 4142 1099 4224; x_wconf 90' lang='lat' dir='ltr'><strong>quomodo</strong></span> <span class='ocrx_word' id='word_1_379' title='bbox 1125 4142 1290 4204; x_wconf 82' lang='lat' dir='ltr'><strong>Ecclesiae</strong></span> <span class='ocrx_word' id='word_1_380' title='bbox 1314 4154 1342 4204; x_wconf 88' lang='lat' dir='ltr'><strong>et</strong></span> 
     </span>
     <span class='ocr_line' id='line_1_47' title="bbox 212 4219 1340 4310; baseline 0.005 -28"><span class='ocrx_word' id='word_1_381' title='bbox 212 4223 345 4286; x_wconf 86' lang='lat' dir='ltr'><strong>Clerum</strong></span> <span class='ocrx_word' id='word_1_382' title='bbox 364 4221 425 4286; x_wconf 88' lang='lat' dir='ltr'><strong>sibi</strong></span> <span class='ocrx_word' id='word_1_383' title='bbox 445 4219 650 4288; x_wconf 85' lang='lat' dir='ltr'><strong>commissum</strong></span> <span class='ocrx_word' id='word_1_384' title='bbox 670 4220 852 4287; x_wconf 87' lang='lat' dir='ltr'><strong>ordinatum</strong></span> <span class='ocrx_word' id='word_1_385' title='bbox 872 4223 1012 4288; x_wconf 79' lang='lat' dir='ltr'><strong>habeant</strong></span> <span class='ocrx_word' id='word_1_386' title='bbox 1029 4233 1127 4310; x_wconf 88' lang='lat' dir='ltr'><strong>atque</strong></span> <span class='ocrx_word' id='word_1_387' title='bbox 1142 4223 1340 4310; x_wconf 86' lang='lat' dir='ltr'><strong>dispositum,</strong></span> 
     </span>
    </p>
   </div>
   <div class='ocr_carea' id='block_1_7' title="bbox 0 0 1468 4986">
    <p class='ocr_par' dir='ltr' id='par_1_11' title="bbox 0 0 1468 4986">
     <span class='ocr_line' id='line_1_48' title="bbox 0 0 1468 4986; baseline 0 0"><span class='ocrx_word' id='word_1_388' title='bbox 0 0 1468 4986; x_wconf 95' lang='lat' dir='ltr'><strong> </strong></span> 
     </span>
    </p>
   </div>
  </div>
 </body>
</html>
