2920 4972
229 334 279 410 38
464 361 609 421 scus.
712 357 970 418 carisomus
1061 355 1189 426 us·

312 504 466 566 sationem
496 501 688 580 mclansant,
720 503 775 566 oei
827 501 873 566 18.
897 501 941 568 Ut
959 501 1078 568 Clerici
1092 503 1222 588 publia
1244 504 1365 568 iudicia

313 605 381 644 eam
399 588 649 672 parvipendunt.
902 587 970 647 sine
1004 589 1093 648 iussu
1118 587 1275 674 Episcopi
1301 609 1366 650 non

236 685 283 728 ιο.
313 663 356 728 Ut
380 669 532 731 Monaclti
559 673 691 736 Romam
719 670 775 734 uel
925 681 1021 730 etant.

314 749 359 810 ad
382 751 447 814 alia
471 753 543 815 loca
566 777 630 816 non
652 777 772 837 vagen-
826 771 871 834 ¹9·
928 751 1171 814 tEcclesiarum
1188 757 1367 816 immunita·

315 845 377 896 tur.
418 835 509 896 Etsi
549 839 597 898 uis
618 838 657 900 ob
671 838 772 918 negli-
903 846 948 894 tes
967 835 1108 898 illibatae
1124 849 1303 899 seruentur.

313 919 451 996 gentiam
471 859 602 982 Atlans
622 919 667 981 ad
686 920 779 981 aliud
825 935 875 978 ιο.
895 916 945 976 De
963 919 1140 980 ratiociniis
1157 922 1365 983 monasterio·

313 1003 541 1062 monasterium
562 1006 699 1084 migrare
722 1025 777 1064 oe·
905 1019 1077 1086 itemquae
1100 1001 1181 1082 Regi
1201 1003 1251 1064 vel
1268 1000 1367 1088 Epis·

315 1081 367 1154 lit,
389 1105 460 1145 cum
478 1081 633 1172 Episcopi
645 1105 776 1148 consen·
906 1099 986 1166 copo
1007 1083 1171 1146 debentur.

316 1183 353 1221 su
376 1165 479 1227 liceat.
713 1235 715 1240 ,
826 1183 875 1230 et.
900 1161 944 1226 Ut
965 1165 1121 1252 Episcopi
1143 1167 1264 1248 singuli
1281 1189 1369 1254 pres·
1421 1179 1422 1186 ’

238 1267 285 1309 ιι.
310 1241 354 1306 Ut
377 1247 495 1310 Clerici
510 1269 617 1312 omnes
632 1252 688 1314 sub
707 1271 776 1312 ma·
908 1246 1069 1326 hyteratus
1082 1249 1145 1314 sibi
1161 1265 1368 1336 competentes

315 1345 359 1390 nu
371 1333 486 1392 uiuant
500 1332 662 1418 Episcopi,
677 1333 732 1396 vel
743 1338 779 1396 in
905 1331 1078 1394 obtineant.

317 1415 508 1477 monasterio
519 1415 576 1480 sub
594 1415 708 1478 ordine
724 1437 778 1478 re·
826 1433 876 1478 ue·
897 1410 949 1473 De
971 1416 1116 1489 teloneis,
1138 1429 1173 1478 ut
1188 1418 1209 1477 i
1224 1419 1368 1500 peregri·

341 1494 434 1558 ulari.
907 1497 958 1557 nis
978 1519 1042 1560 non
1056 1499 1249 1580 exigentur,
1270 1519 1367 1582 neque

240 1597 287 1642 ιι.
353 1590 366 1640 t
400 1580 517 1644 Clerici
552 1583 593 1645 ab
623 1581 778 1646 Ecclesiis
907 1579 942 1640 in
968 1583 1009 1641 iis
1037 1580 1117 1643 locis
1138 1581 1194 1644 ubi
1215 1601 1284 1644 esse
1307 1602 1368 1644 non

320 1661 386 1723 suis
401 1663 447 1724 ad
461 1665 541 1726 alias
557 1686 622 1728 non
637 1667 781 1746 migrent.
912 1661 1037 1726 debent.

320 1739 365 1804 Et
395 1759 429 1806 ut
460 1747 591 1808 alterius
618 1749 780 1812 Ecclesiae
829 1743 880 1806 23.
911 1741 954 1806 Ut
979 1745 1109 1808 ludices
1136 1746 1313 1810 uiduarum
1341 1759 1370 1808 et

322 1823 479 1892 Clericum
495 1851 585 1892 nemo
602 1833 759 1915 suscipiat.
909 1829 1125 1913 orphanorum
1147 1843 1242 1914 atque
1264 1830 1372 1892 Eccle-

243 1908 288 1972 ιδ.
310 1905 359 1970 De
383 1910 551 1996 Episcopis
575 1914 778 1994 vagantibus,
910 1913 975 1972 siae
990 1931 1101 1972 causas
1113 1913 1220 1996 primo
1239 1913 1371 1974 audiant

219 1999 222 2008 '
320 2005 355 2054 ut
370 2015 467 2078 neque
481 1996 660 2056 ministrent
680 2017 780 2078 neque
909 1993 991 2057 loco.
1341 1997 1351 2008 ‘

319 2074 553 2138 ordinationem
578 2079 676 2139 ullam
689 2077 780 2160 saci·
828 2076 879 2156 el.
905 2074 947 2137 Ut
966 2075 1072 2138 nullus
1091 2097 1152 2162 per
1161 2077 1314 2162 pecunias
1330 2073 1372 2135 ad

322 2171 377 2220 ant
395 2161 462 2220 sine
486 2159 614 2221 licentia
629 2159 781 2246 Episcopi
908 2161 1044 2221 honores
1069 2160 1297 2222 ecclesiasticos
1315 2179 1369 2218 ac·

324 2242 412 2304 citius
425 2244 579 2325 parocbia
599 2255 655 2304 est.
909 2240 1010 2304 cedat.

247 2322 292 2400 si.
314 2323 375 2383 Die
390 2323 548 2386 dominico
571 2325 652 2411 quid
675 2327 780 2408 operis
829 2323 878 2388 25.
906 2323 948 2385 Ut
974 2323 1127 2410 Episcopi
1143 2339 1174 2385 et
1196 2325 1256 2385 alii
1273 2321 1367 2384 ludi-

214 2415 217 2420 ‘
316 2406 429 2488 facere
449 2407 544 2470 liceat
571 2421 712 2469 autnon
736 2407 780 2468 li-
911 2427 961 2468 ces
985 2427 1046 2492 pro
1077 2409 1199 2468 iustitia
1237 2403 1370 2466 acienda

324 2501 403 2550 ccat.
910 2511 925 2549 s
949 2491 1068 2550 ortulas
1082 2511 1146 2552 nan
1162 2489 1328 2574 accipiant.

223 2571 227 2580 '
248 2569 293 2633 15.
320 2569 363 2632 Ut
382 2575 510 2658 nuptiae
527 2569 633 2637 omnes
653 2568 781 2656 publici
829 2571 879 2634 26.
934 2575 1107 2634 eteloneis.

315 2651 415 2737 fiant.
832 2675 850 2715 α
873 2699 881 2716 .
903 2656 953 2716 De
973 2668 1107 2716 moneta.

220 2759 223 2768 ’
249 2735 294 2798 ι6.
320 2735 363 2799 Ut
385 2737 504 2798 Clerici
521 2735 713 2802 secularibus
730 2757 784 2800 ne·
831 2677 881 2802 eE
902 2737 952 2799 De
978 2736 1226 2798 immunitatibus
1247 2753 1371 2798 conser-

223 2841 227 2848 ·
323 2821 419 2902 gotiis
433 2841 498 2881 noa
518 2821 559 2880 im
583 2821 726 2882 licentur.
911 2817 1038 2882 orandis.

223 2927 228 2934 ·
250 2923 296 2984 ¹7·
321 2903 377 2975 Ut,
394 2915 518 2964 mortua
535 2841 706 2988 Episcopo,
722 2902 787 2964 Ec·
834 2923 885 2985 29.
906 2903 956 2964 Dc
980 2902 1103 2964 iustitia
1119 2899 1287 2982 facienda.

328 2987 426 3047 clesia
454 3006 551 3068 supra
576 3000 639 3048 tres
666 3005 786 3046 menses
834 2986 884 3046 50.
906 2987 955 3046 De
976 2985 1196 3046 ecclesiasticis
1216 2983 1297 3044 uiris
1318 2981 1374 3061 qui
1426 3005 1427 3014 ι

329 3071 395 3129 sine
406 3080 535 3152 pastore
553 3089 616 3130 non
630 3067 787 3150 relinqua-
914 3088 947 3129 se
964 3067 1135 3128 reclamare
1153 3063 1198 3126 ad
1213 3063 1373 3127 Palatium

327 3162 388 3210 tur.
912 3149 1054 3212 ueniunt.

326 3307 487 3370 Ιιιοιιιιιιιτ
511 3289 746 3372 ἰυιιιιοιιιιι
777 3309 937 3370 (instruis
968 3327 1006 3366 ιτ
1034 3324 1141 3364 ιοιιιιι
1164 3323 1292 3365 sexsus.

371 3415 414 3478 Ut
435 3436 638 3501 unaquaeque
659 3417 774 3477 ciuitas
796 3434 885 3474 suum
907 3411 1020 3480 liabent
1044 3409 1249 3494 Episcopum.

324 3522 348 3582 1.
370 3523 414 3584 Ut
427 3522 581 3607 Episcopi
597 3521 739 3585 debeant
752 3542 811 3606 per
829 3517 975 3603 singulae
993 3517 1140 3616 civitates
1159 3537 1239 3578 esse.
1266 3562 1268 3566 .

364 3639 414 3700 Dc
431 3637 600 3724 Episcopis
621 3637 944 3721 Metropolitanorum
963 3635 1034 3695 uice
1062 3633 1252 3694 constitutis.

321 3721 558 3806 li..Episcopos
574 3743 655 3805 quos
675 3719 770 3792 modo
789 3720 821 3780 in
838 3719 944 3782 vicem
960 3715 1283 3798 Metropolitunorum
1301 3734 1375 3774 con-

238 3803 400 3866 stituimus
410 3848 419 3882 ,
451 3814 488 3865 ut
504 3804 623 3866 caeleri
638 3801 791 3885 Episcopi
808 3800 885 3884 ipsis
904 3799 937 3859 in
958 3799 1107 3860 omnihus
1123 3797 1303 3859 secundum
1321 3818 1372 3855 ca-

238 3886 390 3947 nonicam
405 3886 644 3949 institutionem
666 3884 832 3962 obediant,
855 3881 986 3946 interim
1008 3879 1097 3961 quod
1116 3879 1299 3942 secuudum
1320 3901 1371 3939 cu-

239 3968 391 4030 nonicum
411 3969 676 4033 constitutionem
693 3967 756 4028 hoc
771 3965 903 4050 plenius
924 3966 1142 4048 emendemus.

284 4071 327 4135 Ut
349 4072 526 4161 Episcopus
547 4076 583 4134 in
608 4095 665 4136 sua
691 4074 845 4160 paroclcia
871 4074 1009 4133 omnium
1032 4069 1294 4150 corrigendorum
1315 4071 1369 4129 lia-

362 4157 433 4216 beat
451 4170 646 4241 potestatem.

321 4237 378 4298 ΙΙΙ.
409 4243 451 4299 Ut
478 4241 703 4322 unusquisque
723 4236 958 4320 Episcoporum
982 4245 1171 4317 potestatem
1199 4237 1315 4298 haheat
1337 4235 1367 4292 iu

239 4341 296 4380 eun
316 4320 479 4403 parochia,
501 4331 565 4382 tum
583 4323 622 4384 de
641 4323 729 4384 clero
750 4322 848 4403 quim
868 4319 1130 4403 de‘rcgularibus
1154 4320 1204 4382 rel
1221 4317 1368 4381 seculari·
