2928 4986
196 285 269 358 352
433 299 576 358 acan.
683 297 942 357 castrassem
1047 301 1110 357 aaa

192 443 306 520 tantist,
326 440 362 504 bi
388 440 543 504 videlicet
560 439 618 523 qni
635 439 783 502 timorem
794 439 926 502 Domini
947 447 1190 522 postponentes,
1211 437 1248 499 in
1283 439 1354 502 Mi·

194 529 312 592 nistros
331 547 405 586 suos
426 545 566 607 grassare
589 531 808 606 praesumunt.
851 523 950 602 Quod
967 521 993 582 si
1016 543 1096 582 vero
1115 523 1230 605 pietati
1252 519 1354 584 rllins

193 609 429 694 complaceret,
452 607 543 668 iuxta
569 607 719 688 Capitula
745 605 870 689 Regum
896 603 1179 686 praecedentium,
1205 606 1263 666 nbi
1287 627 1351 666 eo-

193 716 266 756 rum
285 689 430 776 provisio
450 689 702 752 misericorditer
730 690 763 749 in
789 689 917 750 offensis
938 686 1098 769 pecuniae
1120 689 1353 769 quentitatem

195 773 412 860 interposuit,
435 775 505 869 (pro
522 771 743 833 consolatione
764 781 891 833 sanetae
907 769 1094 846 Ecclesiae,
1119 780 1157 832 ut
1172 772 1348 852 praefatae

193 883 246 924 res
261 879 321 942 per
340 877 513 941 pecuniam
535 855 574 915 ab
597 854 847 938 imperatoribus
867 851 1095 916 Sacerdotibus
1112 854 1153 914 ad
1176 855 1350 916 defensio-

195 965 270 1006 nem
285 961 481 1016 concessam,
503 946 536 998 et
554 960 614 1020 per
628 938 862 1020 poenitentiam
879 935 1088 998 determinari
1101 940 1139 1015 y)
1160 937 1349 1020 Episcopo-

194 1043 268 1090 rnm
284 1023 424 1100 iudicio,
447 1022 474 1084 si
493 1021 595 1106 pietas
622 1021 712 1082 illius
732 1021 928 1084 conlaudare
954 1019 1116 1099 voluerit,
1139 1019 1187 1081 sic
1208 1020 1348 1082 deliniri

196 1111 242 1172 eis
264 1105 469 1190 complacuit.

278 1191 355 1273 Cap.
379 1189 401 1250 l.
444 1185 569 1283 Siquis
590 1185 833 1248 Sabdiaeonnm
852 1185 1066 1248 calumniatus
1085 1185 1198 1262 luerit,
1220 1185 1344 1246 vulne-

194 1273 324 1350 raverit,
346 1271 400 1334 vel
418 1270 650 1348 debilitaverit,
673 1278 707 1332 et
725 1269 940 1347 convaluerit,
956 1268 1103 1352 quinque
1125 1267 1345 1350 quadragesi-

195 1355 346 1430 messiae
365 1352 500 1416 subditis
516 1353 609 1414 annis
627 1351 803 1436 poeniteat,
826 1362 859 1414 et
875 1361 1037 1414 trecentos
1055 1351 1175 1412 solidos
1192 1371 1270 1410 cum
1282 1373 1345 1413 sna

196 1436 427 1524 compositione
450 1445 482 1498 et
495 1435 732 1520 episcopalibus
753 1435 870 1496 bannis
889 1433 1052 1516 Episcopo
1075 1442 1260 1516 componat.
1306 1435 1344 1496 si

196 1534 303 1588 urrtem
323 1528 468 1580 mortuus
486 1519 596 1598 luerit,
619 1518 762 1600 singulas
776 1517 974 1600 supradictas
991 1517 1110 1598 quadra
1136 1517 1251 1578 esimas
1265 1537 1343 1578 cnm

195 1601 408 1688 sequentibus
424 1601 517 1664 annis
532 1602 708 1684 poeniteat,
729 1609 762 1662 et
780 1599 1036 1682 quadringentos
1050 1539 1171 1662 solidos
1187 1621 1265 1662 cum
1279 1602 1343 1662 tri-

195 1692 250 1774 pla
270 1707 328 1749 sua
348 1683 582 1766 compositione
604 1693 635 1746 et
654 1683 891 1768 episcopalibus
910 1683 1026 1744 bannis
1042 1681 1227 1766 triplicibus
1240 1684 1343 1768 Epis-

198 1792 280 1856 copo
299 1776 479 1848 componat.

203 1919 206 1924 ,
279 1853 321 1913 ll.
363 1851 396 1912 Si
416 1849 490 1931 quis
508 1847 691 1912 Diaconum
713 1849 927 1912 calumniatus
944 1849 1055 1928 fuerit,
1073 1858 1104 1910 et
1120 1849 1341 1928 convaluerit,
1441 1883 1442 1930 ἦ

197 1961 254 2008 sex
273 1935 395 2018 quadra
420 1935 531 1993 csimas
551 1932 621 1994 sine
641 1931 777 1994 subditis
798 1931 891 1994 annis
911 1932 1094 2014 poeniteat,
1123 1943 1156 1992 et
1176 1933 1341 2016 quadrin-

199 2029 311 2102 gentos
332 1955 545 2078 solidassem
568 2014 801 2096 compositione
827 2037 885 2076 sua
907 2024 940 2076 et
964 2015 1201 2098 episcopalibus
1222 2016 1340 2078 bannis

197 2103 359 2185 Episcopo
372 2108 553 2181 componat.
596 2097 629 2160 Si
643 2107 752 2160 autem
771 2107 919 2160 mortuus
935 2097 1046 2175 fuerit,
1068 2097 1213 2180 singulas
1229 2120 1342 2182 supra-

200 2187 301 2248 ‹lietas
319 2205 374 2244 sex
393 2179 650 2264 quadragesimas
670 2203 744 2242 cum
760 2181 972 2262 sequentibus
994 2180 1087 2242 annis
1106 2182 1286 2264 poeniteat,
1307 2192 1340 2243 et

200 2275 368 2332 sexcentos
384 2263 504 2324 solidos
522 2285 597 2324 cum
613 2263 711 2346 tripla
723 2285 780 2324 sua
799 2263 1030 2346 compositione
1051 2271 1084 2325 et
1100 2265 1341 2348 episcopalibus

199 2349 316 2413 bannis
330 2346 513 2430 triplicibus
532 2346 693 2427 Episcopo
712 2355 892 2426 componat.

283 2432 339 2492 lll.
382 2430 416 2491 Si
442 2429 514 2510 quis
532 2428 760 2510 Presbyterum
774 2427 988 2490 calumniatus
1009 2427 1111 2490 fuerit
1130 2438 1162 2490 et
1177 2451 1339 2513 spassave-

201 2517 260 2593 rit,
289 2537 344 2576 sex
364 2511 621 2596 quadragesimas
641 2511 711 2572 sine
729 2510 866 2572 subditis
887 2512 982 2572 annis
999 2512 1180 2594 poeniteat,
1212 2524 1245 2574 et
1262 2535 1338 2576 sex-

202 2609 312 2662 centos
332 2593 451 2657 solidos
471 2617 545 2654 cum
565 2593 688 2676 triplici
711 2616 768 2654 sna
791 2595 1024 2676 compositione
1047 2603 1079 2655 et
1101 2596 1338 2678 episcopalibus
1425 2619 1429 2630 ¹

201 2681 316 2744 bannis
330 2679 371 2738 tri
398 2678 514 2739 licibus
534 2677 693 2759 Episcopo
711 2685 890 2758 componat.
933 2677 967 2738 Si
988 2687 1095 2738 autem
1107 2689 1253 2741 mortuus
1269 2680 1345 2741 fue·

202 2767 265 2840 rit,
299 2701 471 2824 duodecim
500 2781 659 2819 annorum
687 2759 889 2841 poenitentia
916 2760 1096 2822 secundum
1127 2763 1277 2824 Canones
1309 2762 1338 2822 ei

203 2851 398 2931 imponatur,
415 2855 448 2906 et
464 2851 645 2924 nongentos
663 2842 782 2904 solidos
798 2863 872 2902 cum
891 2841 1012 2924 triplici
1032 2844 1266 2926 compositione
1282 2867 1336 2907 sua
1443 2875 1444 2880 ¹

203 2943 235 2994 et
256 2927 491 3014 episcopalibus
512 2925 627 2986 bannis
648 2925 829 3008 triplicibus
850 2924 1011 3008 Episcopo
1032 2937 1212 3009 componat.

287 3013 342 3072 lV.
386 3007 507 3091 siquis
528 3008 690 3090 Episcopo
708 3007 841 3069 insidias
855 3010 1017 3088 posuerit,
1042 3009 1338 3092 comprehenderit,

204 3103 257 3164 vel
279 3095 313 3154 in
337 3091 447 3173 aliquo
467 3089 739 3166 dehonestaverit,
763 3091 875 3151 decem
893 3092 1151 3174 quadragesimas
1167 3115 1243 3154 cum
1262 3097 1338 3158 sub·

204 3183 279 3246 alitis
301 3175 394 3236 amnis
414 3174 588 3258 poeniteat,
615 3183 648 3234 et
666 3172 851 3256 Presbyteri
871 3173 969 3234 occisi
988 3181 1014 3254 z)
1033 3174 1195 3256 triplicem
1212 3199 1338 3260 compo-

204 3265 353 3332 sitionem
374 3265 554 3340 componat.
598 3255 631 3315 Si
654 3265 760 3315 autem
786 3277 861 3316 casu
883 3265 916 3316 et
941 3279 1007 3318 non
1030 3257 1143 3338 sponte
1167 3259 1337 3338 occiditur,

205 3371 281 3414 enm
300 3337 621 3424 comprovincialium
641 3338 876 3420 Episcoporum
897 3339 1035 3401 consilio
1053 3339 1216 3400 homicida
1229 3342 1340 3423 poeni-

205 3440 279 3496 teat.
332 3425 364 3486 Si
386 3424 459 3506 quis
481 3431 589 3482 autem
610 3421 723 3502 sponte
743 3443 818 3481 enm
838 3421 1011 3500 occiderit,
1036 3443 1167 3484 carnem
1190 3444 1256 3484 non
1285 3445 1340 3486 co-

205 3513 321 3587 medat,
342 3508 453 3568 vinum
471 3527 536 3566 non
557 3502 647 3564 bibat
664 3502 812 3564 omnihus
830 3503 1045 3566 diebusvitae
1065 3525 1152 3582 suae,
1171 3505 1340 3588 cingulum

206 3596 344 3662 militare
369 3589 519 3672 deponat,
541 3585 659 3682 absque
682 3607 738 3666 spe
760 3586 905 3667 coniugii
926 3586 1133 3671 inperpetuo
1150 3599 1289 3650 maneat.

287 3673 444 3737 Aistulfus
468 3667 729 3751 Mogentrnensis
753 3668 1025 3752 Archiepiscopus
1045 3670 1147 3731 dixit:
1180 3671 1232 3731 »Si
1249 3672 1342 3732 Prin-

208 3759 360 3845 »cipibns
377 3753 536 3838 placuerit
553 3748 689 3834 aliisque
710 3751 776 3811 suis
791 3750 970 3828 Fidelibus,
990 3773 1139 3834 rogemus
1158 3762 1194 3814 ut
1210 3755 1343 3816 conlau-

209 3847 330 3907 »detur
349 3848 382 3901 et
395 3835 640 3900 subscribatur«
691 3833 734 3894 Et
755 3832 985 3895 conlaudatum
1003 3843 1051 3896 est
1072 3844 1104 3896 et
1125 3835 1343 3922 subscriptum

207 3939 255 3994 est
275 3936 337 3988 tam
358 3923 376 3982 a
396 3919 549 4000 Principe
573 3917 702 3996 quaml
724 3915 858 3977 caeteris
876 3917 1034 3979 omnibus.

207 4031 454 4058 .......---

210 4165 212 4173 ,
236 4116 282 4180 y)
299 4105 333 4158 al.
353 4121 398 4155 ms.
416 4117 467 4172 pro
483 4097 655 4168 levigatione
674 4097 751 4148 scili·
833 4100 870 4162 s)
888 4095 921 4150 al.
940 4113 987 4152 ms.
1007 4115 1064 4154 non
1079 4101 1170 4153 occisi.

207 4243 211 4250 Ι
293 4189 335 4230 est
377 4171 564 4256 oerritpntiae,
592 4167 700 4237 placuit
720 4179 750 4220 ut

295 4275 326 4289 -
365 4251 569 4298 etermrnentur.
