2920 4972
263 331 403 390 acan.
508 329 641 386 ascula
679 287 964 384 raaucoauu'
1022 325 1081 386 ses.
1237 302 1261 374 9

252 467 518 533 DECRETlO
563 457 1125 530 CHILDEBERTI‘REGIS.

411 556 508 624 Data
529 555 625 622 circa
646 578 780 624 autrum
803 553 959 624 DXCV.

130 655 376 762 Carauanearus
396 701 466 761 Rex
478 701 692 775 Francorum,
708 699 759 759 vir
775 697 921 758 inluster.
967 699 1049 759 Cum
1072 697 1104 756 in
1126 695 1186 756 ost
1205 719 1262 758 no-

129 787 212 847 mine
233 804 417 844 aesomnes
438 781 596 842 Calendas
618 781 746 842 Martias
764 781 802 841 de
828 801 1041 863 quascunque
1059 779 1262 842 conditiones

130 889 189 928 una
204 889 275 926 cum
303 865 419 926 nostris
445 865 651 947 optimatibus
670 864 958 946 pertractavimus,
980 865 1021 925 ad
1045 883 1262 945 unumquem-

127 970 186 1032 que
208 947 355 1009 notitiam
375 947 525 1008 volumus
546 947 727 1030 pervenire.

203 1031 230 1092 l.
273 1031 320 1090 lta
333 1034 403 1092 Deo
422 1030 618 1113 propitiante
635 1027 804 1090 Antonaco
820 1035 860 1107 m)
883 1029 1042 1095 Calendas
1059 1027 1189 1091 Martias
1204 1049 1262 1088 au·

123 1137 164 1175 no
180 1111 334 1194 vigesimo
353 1115 446 1196 regni
466 1111 565 1174 nostri
585 1111 759 1189 convenit,
783 1123 817 1172 ut
841 1124 974 1192 nepotes
1001 1135 1040 1174 ex
1063 1111 1132 1173 filio
1153 1112 1205 1173 rel
1223 1131 1263 1171 ex

122 1199 187 1256 salia
205 1196 246 1256 ad
263 1196 413 1258 asiaticas
434 1218 485 1257 res
503 1197 763 1256 cumavunculos
782 1197 834 1257 vel
859 1195 969 1256 amitas
987 1196 1032 1258 sic
1054 1196 1206 1258 venIrent
1227 1194 1261 1252 iu

120 1278 332 1342 hereditatem
361 1289 515 1365 tanquam
542 1278 567 1340 si
590 1289 681 1361 pater
695 1287 751 1337 aut
767 1288 867 1338 mater
883 1277 948 1340 vivi
968 1279 1115 1340 fuissent.
1157 1281 1206 1340 De
1225 1276 1263 1336 il·

122 1365 169 1423 los
190 1371 300 1422 tamen
321 1372 454 1446 nepotes
476 1362 564 1422 istud
580 1360 702 1444 placuit
717 1360 879 1425 observari
902 1363 958 1444 qui
980 1363 1020 1424 de
1039 1363 1106 1424 filio
1122 1362 1171 1423 vel
1195 1359 1263 1420 filis

121 1454 311 1521 nascuntur,
333 1467 398 1505 non
419 1444 476 1526 qui
495 1445 534 1504 de
550 1446 660 1506 fratre.

203 1527 248 1593 ll.
295 1529 332 1586 ln
350 1526 500 1622 sequenti
516 1527 578 1589 hoc
603 1527 758 1589 convenit
778 1549 843 1587 una
866 1549 939 1588 cum
961 1527 1067 1590 leudis
1082 1534 1120 1608 u)
1144 1527 1262 1590 nostris

120 1620 155 1673 ut
168 1611 283 1670 nullus
299 1609 338 1672 de
360 1608 496 1670 cranosis
514 1609 671 1672 incestum
691 1633 784 1673 usum
803 1611 864 1671 sibi
883 1611 985 1674 societ
1002 1612 1167 1696 coniugio,
1185 1611 1263 1672 hoc-

120 1704 176 1772 est,
199 1715 264 1754 uec
280 1694 387 1754 fratris
401 1693 448 1754 sui
466 1714 612 1771 uxorem,
630 1717 691 1755 nec
712 1694 821 1755 uxoris
841 1716 916 1756 suae
936 1717 1090 1772 sororem,
1110 1717 1171 1756 nec
1183 1717 1262 1756 uxo·

119 1799 187 1838 rem
208 1777 320 1860 patrui
345 1775 407 1854 sui,
429 1785 484 1836 aut
509 1777 650 1859 parentis
672 1777 914 1858 consanguinei.
968 1778 1002 1840 Si
1026 1778 1099 1861 quis
1126 1799 1261 1840 uxorem

120 1860 217 1943 patris
241 1859 419 1941 acceperit,
441 1859 553 1920 mortis
565 1859 748 1941 periculum
766 1861 919 1924 incurrat.
941 1863 990 1922 De
1006 1859 1189 1943 praeteritis
1203 1884 1262 1924 vc·

119 1965 156 2003 ro
178 1941 500 2018 (coniunctionibus,
512 1964 595 2024 quae
615 1943 755 2004 incestae
773 1965 840 2004 esse
855 1943 1008 2004 ridentur
1021 1949 1070 2021 o),
1092 1966 1152 2026 per
1166 1965 1262 2026 prae·

122 2025 318 2086 dicationem
332 2025 564 2106 Episcoporum
582 2025 730 2086 iussimus
744 2025 918 2086 emendari.
961 2025 1026 2104 Qui
1042 2047 1119 2087 vero
1131 2027 1263 2110 Episco·

120 2131 196 2190 pum
217 2129 315 2169 suum
330 2109 473 2167 noluerit
488 2109 612 2185 audire,
636 2119 667 2169 et
681 2108 974 2170 excommunicatus
996 2109 1118 2188 fuerit,
1148 2132 1265 2192 peren·

120 2211 194 2250 nem
210 2189 516 2251 condemnationem
539 2192 623 2274 apud
640 2194 744 2252 Deum
759 2192 925 2268 sustineat,
949 2200 982 2250 et
1001 2191 1135 2273 insuper
1151 2193 1190 2253 de
1205 2216 1263 2278 pa-

121 2272 196 2333 latio
218 2283 332 2334 nostro
354 2273 395 2334 sit
413 2273 545 2334 omnino
568 2283 741 2336 extraneus
764 2285 796 2334 et
813 2297 923 2335 omnes
940 2274 1108 2336 facultates
1125 2297 1197 2336 satas
1210 2300 1263 2359 pa-

120 2355 270 2416 rentibus
290 2354 442 2437 legitimis
458 2357 581 2416 amittat
595 2359 652 2440 qui
668 2357 774 2418 uoluit
791 2357 966 2420 sacerdotis
980 2355 1030 2419 sui
1049 2358 1264 2420 medicamen·

119 2447 148 2498 ta
166 2441 337 2500 sustinere.

201 2521 267 2586 llI.
310 2521 467 2582 Similiter
479 2521 630 2582 Treiecto
648 2521 803 2582 convenit
817 2522 908 2584 nohis
922 2545 1034 2605 campo
1049 2531 1084 2582 ut
1100 2524 1263 2607 quaslibet

117 2626 167 2666 res
186 2605 231 2664 ad
249 2626 351 2665 unum
371 2607 497 2666 Ducem
510 2606 560 2666 'vel
583 2606 727 2666 ludicem
743 2609 940 2684 pertinentes
956 2629 1015 2688 per
1032 2606 1144 2667 decem
1160 2631 1263 2669 annos

118 2688 311 2770 quicunque
328 2687 524 2750 inconcusso
548 2687 618 2747 iure
640 2689 791 2769 possedit,
816 2689 938 2748 nullam
960 2690 1076 2750 lrabeat
1095 2691 1262 2752 licentiam

119 2769 335 2847 intertiaudi,
357 2771 421 2832 nisi
447 2781 573 2830 tantum
596 2791 689 2830 causa
710 2771 927 2852 orphanorum
952 2794 1053 2854 usque
1079 2773 1119 2832 ad
1144 2773 1260 2854 viginti

119 2876 224 2914 annos
238 2853 403 2912 licentiam
420 2853 602 2934 tribuimus.
647 2853 741 2930 Quod
758 2853 783 2913 si
807 2856 878 2934 quis
901 2877 998 2937 snper
1020 2855 1083 2916 hoc
1104 2855 1262 2914 iudicium

119 2936 371 3018 praesumpserit
385 2937 563 3014 intertiare,
586 2935 643 2997 sol.
660 2959 709 2999 av.
730 2937 833 2998 solvat
851 2947 883 2998 et
898 2943 1092 3018 (remquam
1107 2937 1189 2996 unde
1208 2935 1261 2996 in-

119 3018 267 3080 tertiavit
282 3027 329 3101 p)
351 3019 483 3081 amittat.
507 3022 553 3079 De
568 3018 704 3099 reliquis
717 3041 795 3079 vcro
814 3021 1054 3081 conditionibus
1070 3041 1181 3080 omnes
1198 3042 1262 3080 om-

122 3101 201 3160 nino
224 3123 333 3162 causas
354 3101 527 3162 tricenaria
551 3101 604 3162 lex
629 3101 791 3180 excludit,
825 3112 954 3186 practer
977 3105 1010 3164 id
1033 3103 1123 3186 quod
1144 3103 1177 3163 iu
1200 3103 1262 3164 alia

122 3205 225 3265 regua
239 3182 408 3264 hucusque
432 3183 588 3245 detenuit.

206 3265 265 3326 lV.
307 3267 381 3327 Pari
412 3265 600 3328 conditione
631 3265 783 3328 convenit
812 3267 1263 3333 cat.tttart.0mntbusn0his

122 3347 272 3408 adunatis
291 3349 530 3432 etquicunque
551 3351 721 3411 admodum
741 3359 868 3431 raptum
880 3351 987 3412 facere
1003 3353 1263 3435 praesumpserit,

122 3431 213 3490 unde
230 3430 434 3512 impiissimus
457 3433 552 3493 vitius
571 3433 876 3510 aalcreverat,·vitae
891 3433 1038 3514 periculo
1060 3436 1211 3507 feriatam
1231 3446 1264 3497 ct

124 3512 237 3573 nullus
258 3514 298 3574 de
318 3515 521 3596 optimatibus
541 3516 657 3576 nostris
681 3515 720 3575 de
738 3525 801 3574 tam
824 3517 1008 3598 turpissimo
1027 3515 1107 3578 vitio
1130 3540 1262 3598 praesu-

122 3605 190 3654 mat
204 3617 263 3678 pro
283 3597 353 3676 ipso
368 3620 516 3680 precare,
529 3599 584 3660 sed
598 3597 821 3680 unusquisque
836 3599 1007 3660 admodum
1022 3599 1188 3660 inimicum
1201 3602 1263 3663 Dei

124 3689 350 3759 persequatur.
393 3682 459 3754 Qui
480 3703 555 3742 vero
578 3683 720 3742 edictum
736 3691 880 3742 nostrum
895 3705 989 3744 ausus
1006 3683 1108 3744 faerit
1122 3693 1265 3743 contem-

127 3781 219 3836 nere,
242 3761 292 3836 (in
317 3761 491 3824 cuiuslibet
508 3763 624 3825 iudicis
641 3786 721 3846 pago
741 3764 888 3846 primitus
907 3765 1078 3827 admissum
1096 3766 1204 3836 fuerit,
1226 3767 1264 3826 il·

126 3840 159 3901 le
180 3843 277 3903 iudex
293 3851 333 3925 q)
355 3846 478 3920 (solatio
498 3848 636 3908 collecto
647 3854 688 3919 r)
709 3846 812 3930 ipsum
828 3857 990 3930 raptorem
1005 3847 1140 3924 occidat,
1165 3857 1197 3908 et
1214 3849 1262 3907 ia-

132 3927 425 3945 m

161 3953 203 4021 m)
224 3953 266 4004 lta
286 3952 492 4006 habentomnrs
506 3951 580 4016 libri,
598 3971 666 4023 quos
752 3955 785 4025 ο)
803 3953 836 4004 al.
855 3972 914 4008 mss.
939 3955 1051 4009 incestis
1088 3957 1263 4010 coniunctio-

213 4021 357 4088 Bignonius
384 4034 413 4076 et
436 4022 566 4076 Baluzius
593 4023 668 4076 vide·
804 4024 893 4078 itibus.

214 4102 288 4144 runt.
336 4091 415 4146 Solus
452 4093 667 4158 Lindenbropias
750 4094 784 4164 p)
797 4095 837 4144 al.
856 4113 914 4146 mss.
934 4114 989 4148 rem
1009 4095 1190 4147 intertiatam.

216 4171 255 4224 et,
276 4162 323 4233 qui
338 4180 402 4214 eum
418 4170 529 4216 secutas
546 4173 596 4227 est,
611 4165 668 4216 Kc·
751 4167 783 4235 q)
803 4163 838 4218 al.
858 4183 919 4220 mss.
939 4163 1023 4219 iudex
1034 4166 1090 4217 loci
1104 4166 1191 4221 illius.

217 4232 325 4296 cardus,
347 4233 443 4301 legunt
459 4237 608 4288 Auriniam.
752 4235 783 4305 r)
801 4235 837 4291 al.
854 4251 914 4294 mss.
936 4255 995 4291 rum
1019 4236 1101 4290 turba
1125 4237 1252 4299 collecta.

164 4298 198 4370 a)
217 4303 251 4356 al
268 4321 331 4359 ruas.
350 4301 451 4374 leodei,·
470 4303 564 4360 leodis·
