2952 4988
215 286 288 364 216
470 305 510 360 n.
529 307 619 368 can.
727 305 998 366 cnrrrutams.
1066 305 1167 370 sano.

214 452 287 514 Deo
313 445 529 512 conservandi
542 445 637 530 regni
650 445 703 508 rel
725 447 860 531 imperii
882 447 985 512 nostri
1007 445 1147 512 heredes
1163 449 1362 536 relinquere,
1437 437 1438 450 ¹

214 533 242 594 ni
260 533 308 594 sic
334 529 453 592 divina
462 529 611 592 maiestas
631 529 798 610 annuerit,
816 541 978 614 optumum
1002 553 1068 594 non
1093 541 1130 593 ut
1153 537 1291 598 confuse
1317 546 1361 596 at·

213 635 278 698 que
300 611 496 689 inordinate,
510 621 567 672 aut
586 613 647 672 suh
666 613 765 675 totius
788 615 882 696 regni
902 614 1136 694 dominatione,
1164 616 1263 700 iurgii
1288 641 1362 680 eon-

215 693 407 762 troversiam
426 693 472 756 eis
486 694 723 776 relinquamus,
741 697 800 760 sed
819 696 904 758 trina
932 697 1106 780 partitione
1136 708 1244 760 totum
1273 723 1309 762 re
1330 701 1362 760 ni

217 802 335 864 corpus
353 775 548 855 dividentes,
562 799 660 859 quam
678 779 817 862 quisque
837 779 968 841 illorum
984 780 1071 842 tueri
1088 781 1141 844 rel
1166 803 1284 866 regere
1308 723 1361 844 de·

212 863 288 926 beat
300 859 495 946 portionem,
513 857 709 922 distribuere
729 871 762 923 et
778 861 947 945 designare
966 863 1130 936 volumus3
1150 885 1190 927 eo
1210 865 1362 928 videlicet
1439 909 1440 928 n

214 945 324 1024 modo,
345 953 382 1006 ut
402 963 459 1004 sua
474 941 612 1026 quisque
628 942 779 1040 portione
794 954 978 1022 contentus,
1009 945 1099 1008 iuxta
1119 947 1361 1010 ordinationem

212 1037 366 1104 nostram,
385 1033 419 1088 ct
441 1024 522 1088 fines
546 1047 641 1109 regna
660 1025 722 1105 sui,
747 1027 805 1110 qui
834 1028 876 1090 ad
903 1027 1105 1112 alienigenas
1124 1031 1360 1106 extenduntur,

213 1133 288 1176 cam
308 1107 370 1174 Dei
392 1105 554 1169 adiutorio
573 1109 696 1170 nitatur
714 1107 905 1192 defendere,
925 1119 959 1176 et
990 1131 1104 1194 pacem
1126 1121 1226 1196 atque
1256 1113 1363 1176 carita·

212 1204 282 1262 tem
298 1215 374 1258 cum
393 1191 493 1254 iratrc
513 1189 688 1254 custodire.

295 1301 375 1384 Cap.
397 1297 421 1358 l.
464 1295 652 1360 Divisiones
675 1317 755 1360 vero
771 1297 788 1358 i
802 1297 874 1359 Deo
895 1299 1081 1361 conservati
1104 1309 1203 1384 atque
1229 1321 1361 1364 conser-
1440 1331 1441 1336 1

211 1382 310 1448 nandi
328 1379 455 1465 imperii
473 1379 527 1440 vei
549 1379 644 1463 regni
661 1379 762 1444 nostri
782 1379 862 1442 tales
878 1380 986 1444 iacere
1006 1381 1142 1462 placuit,
1162 1393 1199 1444 nt
1225 1383 1362 1466 Aquita-

213 1467 458 1529 niamtotamet
477 1463 695 1540 Wascouiam,
720 1484 800 1526 exce
825 1471 859 1524 to
886 1485 973 1546 pago
995 1465 1172 1545 Turouico,
1197 1475 1233 1526 et
1270 1465 1362 1550 quic·

211 1547 385 1634 quidinde
405 1545 446 1606 ad
461 1545 665 1608 occidentem
681 1555 777 1630 atque
799 1485 987 1626 Hispaniam
1001 1548 1146 1630 respicit,
1170 1548 1265 1610 etde
1290 1547 1363 1610 civi·
1441 1617 1442 1630 1

212 1640 279 1694 tate
300 1627 466 1706 Niveruis,
493 1649 576 1712 quae
595 1637 643 1690 est
658 1627 718 1690 sita
735 1647 834 1712 super
850 1627 986 1690 iluvinm
1006 1629 1168 1712 Ligerem,
1183 1653 1267 1692 cum
1295 1631 1362 1712 ipso
1441 1631 1442 1634 ’

209 1735 294 1799 pago
309 1711 523 1790 Nivernense,
545 1733 664 1794 pagum
686 1710 881 1772 Arniensem
909 1721 1006 1795 atque
1023 1711 1203 1790 Alsensem,
1222 1713 1363 1776 Cabilio-

211 1816 357 1872 nensem,
377 1793 658 1868 Matisconensem,
683 1795 948 1876 Lugdunensem,
970 1795 1128 1874 Saboiam,
1146 1797 1362 1872 Moriennam,

210 1879 443 1954 Tarentasiam,
459 1883 602 1938 montem
622 1877 793 1954 Cinisium,
817 1877 936 1937 vallem
959 1878 1169 1959 segusianam
1194 1878 1361 1960 usquead

211 1963 324 2040 Cusas,
347 1969 379 2022 et
410 1959 486 2020 inde
515 1979 575 2042 per
601 1959 757 2020 terminos
785 1957 973 2020 italicorum
1005 1963 1163 2022 montium
1191 1960 1358 2044 usquead

209 2066 311 2122 mare,
335 2043 395 2104 hos
416 2063 513 2124 pagos
530 2063 603 2102 eum
625 2042 691 2120 suis
716 2041 913 2120 civitatibus,
932 2051 964 2103 et
980 2043 1139 2126 quicquid
1156 2043 1196 2104 ab
1213 2045 1261 2105 eis
1282 2065 1358 2106 con-

209 2137 260 2190 tra
283 2125 454 2188 meridiem
470 2133 502 2186 et
515 2125 719 2188 occidentem
734 2145 836 2209 usque
855 2125 895 2185 ad
912 2146 1011 2204 mare,
1029 2127 1081 2188 vei
1098 2116 1200 2209 usque
1222 2128 1264 2188 ad
1282 2127 1356 2188 His·

208 2209 322 2294 panias
353 2207 550 2285 continetur,
579 2207 642 2269 hoc
663 2217 721 2285 est,
745 2209 835 2269 iliam
865 2206 1047 2289 portionem
1073 2210 1297 2292 Burgundiae,
1325 2217 1357 2269 et

208 2290 425 2368 Provinciam,
448 2311 485 2351 ac
501 2289 744 2373 Septimaniam,
765 2291 817 2353 vel
850 2289 1012 2368 Gothiam,
1041 2292 1209 2355 Ludovico
1232 2293 1355 2356 dilecto

211 2376 282 2438 tilio
302 2381 413 2438 nostro
433 2372 700 2455 consignavimus.

294 2481 335 2544 ll.
378 2479 503 2542 ltaliam
528 2501 618 2558 vero,
639 2499 722 2562 qnae
744 2487 776 2542 et
792 2477 1015 2562 Longobardia
1044 2477 1175 2560 dicitnr,
1203 2489 1237 2542 et
1257 2480 1354 2542 Baio·

209 2565 344 2642 variam,
354 2562 572 2626 sicutTassilo
586 2564 703 2642 tenuit,
717 2572 854 2644 excepto
868 2561 1235 2642 duabusvillisquarum
1251 2564 1354 2624 nomi·

209 2671 251 2710 na
262 2657 338 2711 sunt
351 2645 547 2729 ingoldestat
567 2654 599 2706 et
613 2645 824 2722 Lutrahalroi,
843 2667 922 2726 quas
938 2667 996 2706 nos
1011 2645 1174 2726 quondam
1188 2646 1352 2707 Tassiloni

207 2730 483 2807 beneficiavimus,
500 2737 532 2790 et
544 2729 709 2812 pertinent
721 2729 761 2790 ad
774 2750 890 2812 pagum
905 2727 961 2810 qui
980 2726 1102 2788 dicitur
1121 2728 1350 2811 Northgouve;

209 2825 242 2879 et
260 2813 299 2877 de
315 2813 480 2874 Alamania
504 2821 628 2892 partem
646 2833 729 2894 quae
755 2813 788 2872 ln
808 2811 941 2873 australi
957 2809 1027 2891 ripa
1050 2811 1192 2883 Danubii
1207 2810 1351 2874 fluminis

207 2907 267 2976 cst,
294 2897 382 2960 etde
401 2896 469 2978 ipso
489 2894 623 2966 flumine
638 2895 781 2956 Danubii
794 2903 947 2956 currente
967 2893 1070 2954 limite
1090 2913 1193 2975 usque
1214 2894 1255 2954 ad
1266 2893 1351 2955 Rhe·
1444 2893 1445 2904 *

207 3003 287 3046 num
306 2978 440 3042 fluvium
468 2977 501 3037 in
533 2977 654 3038 confini
678 2999 835 3060 pagorum
876 2977 1076 3060 Chletgouve
1094 2985 1126 3036 et
1144 2977 1298 3059 Hegouve
1313 2976 1347 3036 in

206 3068 316 3130 lectam
339 3062 396 3144 qui
414 3049 535 3122 dicitur
547 3061 652 3142 Enge,
673 3069 706 3120 et
722 3061 798 3121 inde
819 3081 878 3142 per
892 3059 1045 3119 Rhenum
1064 3053 1200 3120 flurium
1220 3079 1349 3120 sursum

205 3167 319 3212 versus
345 3163 446 3224 usqne
469 3142 510 3204 ad
524 3143 635 3224 Alpes,
653 3142 811 3224 quicquid
831 3143 918 3202 inter
935 3141 992 3202 hos
1014 3142 1168 3206 terminos
1188 3141 1299 3219 fuerit,
1316 3148 1349 3200 et

205 3231 247 3296 ad
264 3227 434 3298 meridiem
449 3226 501 3286 vel
519 3226 679 3286 orientem
703 3225 847 3306 respicit,
866 3245 929 3284 uua
952 3245 1026 3284 eum
1050 3224 1170 3287 ducatu
1195 3221 1347 3286 Curiensi

205 3321 238 3378 et
256 3333 338 3398 pago
353 3311 541 3389 Durgouvc,
562 3308 703 3390 Pippino
723 3308 844 3369 dilecto
866 3307 934 3366 filio
958 3315 1078 3368 nostro.

290 3425 348 3492 ΙΙΙ.
390 3423 556 3506 Quicquid
577 3433 685 3484 autem
705 3423 745 3484 de
762 3443 864 3504 regno
889 3429 1001 3483 nostro
1031 3431 1122 3485 extra
1150 3419 1209 3482 hos
1233 3420 1346 3482 termi-

205 3533 265 3574 uos
284 3505 396 3584 fuerit,
414 3507 447 3568 id
467 3506 712 3583 est,·Franciam
725 3515 757 3566 et
775 3505 1006 3588 Burgundiam,
1027 3511 1164 3587 excepto
1179 3501 1345 3586 'illa'partc

204 3615 302 3678 quarn
313 3589 480 3654 Ludovico
500 3587 658 3666 dedimus,
681 3599 776 3670 atque
796 3587 1007 3664 Alamaniam,
1035 3589 1171 3670 excepto
1197 3585 1345 3668 portione

204 3699 301 3760 quam
315 3673 454 3756 Pippino
475 3671 712 3754 adscripsimus,
736 3670 908 3748 Austriam,
927 3669 1113 3745 Niustriam,
1144 3668 1344 3751 Turingiam,

202 3757 386 3833 saxoniam,
405 3751 553 3832 Frisium,
579 3764 612 3815 et
627 3765 750 3836 partem
770 3751 954 3814 Baiouariae
978 3774 1061 3834 quae
1081 3751 1202 3814 dicitur
1224 3751 1345 3812 North-

202 3863 285 3926 gow,
314 3839 434 3902 dilecto
457 3835 525 3896 filio
546 3847 657 3898 nostro
676 3835 798 3899 Karolo
820 3833 1052 3907 concessimus;
1077 3837 1121 3896 ita
1144 3841 1181 3894 ut
1205 3833 1345 3896 Karolus

202 3936 235 3988 et
243 3920 434 4000 Ludovieus
453 3917 538 3979 viam
557 3919 677 3981 hahere
696 3918 823 4002 possint
844 3919 877 3977 in
898 3917 1025 3980 Italiam
1047 3921 1088 3979 ad
1111 3915 1271 3977 auxilium
1300 3917 1346 3977 fe·

200 4006 341 4070 rendum
358 4001 544 4078 fratri‘suo,
560 4002 586 4063 si
609 4003 652 4062 ita
671 3999 844 4063 necessitas
864 3999 1020 4076 extiterit,
1041 4000 1181 4064 Karalus
1203 4019 1264 4080 per
1281 3998 1346 4060 val-

200 4090 267 4154 lem
283 4084 511 4168 Augustam,
534 4105 618 4166 quae
642 4085 683 4148 ad
697 4105 834 4166 regnum
858 4083 928 4144 eius
961 4082 1115 4165 pertinet,
1142 4091 1174 4144 et
1203 4080 1345 4142 Ludovi-

202 4195 259 4234 cus
286 4191 345 4250 per
366 4167 485 4228 vallem
503 4165 725 4244 Segusianam,
748 4166 909 4248 Pippinus
928 4185 1006 4226 vero
1032 4175 1063 4226 ct
1089 4165 1215 4228 exitum
1242 4172 1275 4226 et
1298 4162 1346 4224 in·

201 4273 346 4338 gressum
361 4271 419 4334 per
431 4247 529 4332 Alpes
545 4249 677 4312 Noricus
698 4259 795 4336 atque
818 4248 959 4312 Curiam.
