2920 4972
195 318 222 393 8
410 339 552 398 acen.
660 339 916 397 carnutium
988 339 1082 401 ut

194 482 315 568 absque
330 479 398 542 ullo
425 480 501 544 dolo
518 483 604 544 malo
625 483 676 546 rel
696 481 820 546 fraudis
845 481 977 560 ingenio
1001 479 1236 544 inviolabiliter
1256 499 1327 540 ser-

194 564 333 627 saturos.
355 567 451 626 Facta
469 567 574 648 pactio
596 565 655 628 suh
676 565 727 628 die
746 573 860 647 quarto
880 564 1044 626 Kalendas
1061 562 1259 632 Decembris,
1275 583 1328 620 an-

195 669 238 708 no
264 647 417 710 vicesimo
439 659 529 710 sexto
553 651 647 732 regni
661 647 780 711 Domni
792 645 1008 709 Gunthramni
1019 647 1126 731 RegIs,
1138 643 1328 730 regniCliil-

187 730 322 795 rebem
347 751 424 792 vero
439 732 633 794 duodecimo
655 754 742 794 anno

430 921 593 984 PACTUS
611 921 645 997 l)
665 923 749 983 PRO
772 917 943 982 TENORE
965 920 1086 982 PACIS

268 1055 522 1126 Dominorum
561 1053 785 1124 Clzildeberti
819 1067 854 1124 et
884 1051 1070 1124 ettotarti
1096 1053 1252 1146 Regum.

441 1201 550 1270 Circa
574 1224 707 1272 annum
737 1200 876 1270 Christi
899 1195 1077 1272 DXCIII.

272 1357 297 1416 1·
341 1321 485 1462 thuia
497 1380 674 1442 multorum
695 1379 838 1442 insaniae
857 1381 1094 1443 convaluerunt
1109 1380 1145 1458 l),
1162 1379 1253 1440 malis
1267 1401 1326 1464 pro

190 1453 388 1526 immanitate
413 1464 572 1526 scelerum
591 1464 689 1545 digna
708 1463 896 1524 reddantur.
939 1464 977 1524 Id
995 1485 1071 1546 ergo
1090 1466 1255 1526 decretum
1269 1473 1326 1540 est,

190 1558 228 1607 ut
247 1547 332 1628 apud
362 1567 590 1630 quemcunque
612 1555 683 1630 post
714 1545 942 1624 interdictum,
965 1547 1155 1614 latrocinius
1176 1568 1325 1630 compro-

191 1629 306 1707 batur,
327 1630 411 1692 vitae
432 1629 579 1690 incurrat
597 1627 790 1712 periculum.

273 1711 318 1774 Il.
362 1711 394 1775 Si
413 1713 486 1794 quis
511 1713 685 1796 ingenuam
712 1732 881 1793 personam
900 1733 960 1794 pro
982 1712 1070 1774 furto
1096 1711 1270 1794 ligaverit,
1294 1719 1327 1770 et

190 1805 325 1877 negator
344 1795 499 1873 extiterit,
523 1796 693 1856 duodecim
716 1795 872 1856 iuratores
893 1795 1015 1856 medios
1036 1797 1157 1856 electos
1176 1796 1251 1856 dare
1273 1791 1327 1852 de-

189 1877 255 1954 bet,
278 1879 367 1959 quod
389 1879 525 1954 furtum,
553 1879 640 1958 quod
656 1877 786 1954 obiicit,
809 1898 923 1938 verum
937 1878 986 1939 sit.
1030 1875 1154 1956 Quodsi
1174 1879 1257 1938 latro
1277 1894 1327 1935 re-

190 1961 337 2022 dimendi
365 1982 398 2023 se
414 1960 511 2022 habet
526 1962 723 2038 facultatem,
749 1981 782 2020 sc
808 1961 954 2026 redimat.
998 1961 1031 2021 Si
1063 1962 1200 2023 facultas
1224 1961 1324 2037 deest,

191 2041 295 2104 tribus
318 2044 433 2120 mallis,
455 2044 642 2126 parentibus
664 2043 827 2106 offeratur.
876 2045 918 2105 Et
939 2043 966 2105 si
989 2065 1054 2104 non
1078 2043 1259 2120 redimitur,
1282 2044 1323 2105 de

192 2125 259 2189 vita
281 2136 461 2211 componat.

271 2207 336 2274 III.
380 2209 444 2286 Qui
459 2209 584 2268 furtum
602 2209 673 2269 vult
691 2207 809 2285 celare,
825 2217 858 2268 et
874 2208 999 2270 occulte
1016 2208 1086 2270 sine
1109 2207 1217 2270 iudico
1240 2230 1324 2270 com·

192 2290 387 2376 positionem
405 2292 577 2372 acceperit,
603 2292 720 2352 latroni
741 2291 853 2352 similis
871 2300 927 2350 est.

275 2375 331 2440 IV.
373 2375 409 2435 Si
430 2373 527 2435 homo
549 2374 709 2455 ingenuus
731 2374 763 2434 in
787 2375 874 2434 furto
897 2372 1102 2455 inculpatus,
1125 2375 1324 2442 adueneum

189 2467 382 2540 provocatus
402 2474 533 2516 manum
554 2457 757 2538 incenderit,
788 2465 946 2538 quantum
968 2457 1168 2540 inculpatur,
1201 2459 1323 2518 furtum

192 2549 373 2624 componat.

274 2626 334 2686 V.'
357 2623 391 2683 Si
412 2643 523 2684 servus
558 2623 591 2684 In
619 2623 705 2684 furto
734 2622 833 2685 suerit
861 2621 1063 2702 inculpatus,
1099 2622 1324 2704 requiraturla

191 2706 325 2769 domino
348 2715 383 2766 ut
405 2706 444 2765 ad
466 2705 582 2788 viginti
605 2716 715 2768 noctes
739 2709 841 2790 ipsum
864 2706 896 2762 in
920 2705 1267 2788 mallum'praesentet.
1282 2707 1326 2764 Et

191 2792 217 2852 si
242 2789 388 2850 dubietas
410 2797 473 2866 est,
498 2789 538 2849 ad
560 2799 677 2850 sortem
698 2800 846 2871 ponatur.
889 2788 1012 2864 Quodsi
1036 2789 1188 2870 placitum
1211 2787 1325 2848 sunnis

192 2895 258 2934 non
282 2871 500 2950 detricaverit,
524 2881 557 2932 et
577 2873 652 2931 alias
675 2872 788 2952 viginti
812 2883 922 2932 noctes
945 2870 988 2929 ita
1010 2871 1073 2932 liet
1116 2872 1158 2932 Et
1178 2891 1326 2952 persecu·

191 2965 243 3018 tor
266 2975 378 3016 causae
402 2956 440 3016 de
462 2955 527 3015 suis
550 2953 771 3016 consimilibus
794 2953 870 3030 tres,
893 2953 986 3014 etde
1015 2953 1128 3016 electis
1161 2953 1232 3012 aliis
1261 2963 1325 3014 tres

193 3038 300 3114 dabit,
324 3037 380 3118 qui
402 3029 600 3100 sa‘cramenta
622 3037 786 3099 firmarent
807 3059 866 3120 per
886 3036 1021 3118 placita,
1044 3038 1131 3118 quod
1153 3038 1206 3096 lex
1220 3037 1325 3096 Salica

172 3119 309 3197 labet,
332 3121 430 3182 luisse
453 3121 658 3201 completum.
700 3123 743 3182 Et
771 3121 797 3183 si
820 3119 970 3180 dominus
991 3141 1120 3182 servum
1142 3139 1207 3178 non
1230 3139 1326 3200 prae·

193 3202 383 3280 sentarerit,
415 3203 521 3284 legem
548 3203 634 3264 unde
665 3204 852 3288 inculpatur
873 3211 1063 3284 componat,
1098 3209 1130 3261 et
1159 3199 1199 3262 de
1229 3222 1326 3262 servo

193 3283 291 3347 saciat
312 3285 500 3350 cessionem,
527 3289 529 3292 ’

275 3369 331 3432 Vl.
373 3367 407 3428 Si
429 3389 541 3428 servus
561 3365 667 3428 minus
688 3369 832 3430 tremisso
855 3364 1061 3446 involaverit,
1083 3374 1116 3426 et
1135 3366 1219 3426 mala
1240 3375 1326 3427 sorte

193 3449 335 3532 priserit,
359 3450 507 3511 dominus
529 3450 612 3512 servi
634 3445 698 3513 tres
720 3452 777 3514 sol.
801 3449 903 3512 solvat
924 3457 956 3508 et
977 3469 1088 3511 servus
1116 3447 1173 3509 ille
1196 3459 1326 3510 trecen·

192 3545 241 3595 tos
264 3532 348 3593 ictus
368 3532 505 3614 accipiat
525 3533 736 3616 flagellorum.

276 3615 348 3678 VII.
391 3616 425 3676 si
447 3615 520 3697 quis
542 3615 702 3698 mancipia
724 3615 830 3677 aliena
851 3615 971 3675 iniuste
992 3613 1151 3692 tenuerit,
1186 3623 1219 3675 et
1240 3615 1328 3676 inter

194 3697 263 3758 dies
286 3697 497 3779 quadraginta
519 3720 584 3760 non
606 3697 795 3779 reddiderit,
817 3709 853 3760 ut
874 3700 956 3758 latro
977 3694 1212 3780 mancipiorum
1232 3706 1327 3776 tene-

196 3791 268 3840 atur
289 3778 459 3841 obnoxius.

192 3869 234 3925 tm
276 3863 365 3927 VIII.
409 3865 442 3922 Si
464 3863 560 3940 litus,
584 3864 623 3924 de
647 3883 712 3946 quo
734 3862 934 3946 inculpatur,
964 3861 1005 3924 ad
1033 3872 1153 3924 sortem
1180 3863 1328 3923 ambula-

193 3945 288 4024 verit,
310 3945 393 4005 mala
415 3955 499 4008 sorte
520 3945 661 4028 priserit,
683 3946 887 4008 medietatem
908 3943 1044 4030 ingenui
1072 3946 1179 4030 legem
1201 3955 1337 4029 compo-'

194 4039 269 4108 nat,
293 4038 326 4090 et
347 4029 504 4090 iuratores
526 4050 582 4094 sex
604 4029 728 4092 medios
751 4032 871 4094 electos
892 4029 969 4093 dare
992 4027 1096 4094 debet.

192 4165 400 4180 m

231 4211 262 4283 t)
285 4211 321 4266 al.
340 4229 387 4268 ms.
409 4215 536 4271 Pactum.
576 4275 579 4282 Δ
820 4209 848 4281 l)
868 4209 901 4260 al.
920 4225 967 4262 ms.
987 4210 1022 4261 Ut
1045 4208 1112 4280 quia
1131 4208 1265 4262 malorum
1285 4209 1331 4260 ἰη-

871 4279 1168 4338 raniaronraluerat.
