2928 4986
222 317 296 390 336
455 337 491 396 Α.
510 337 600 396 cun.
704 339 962 400 carnutaau
1070 343 1134 404 sse.

347 477 613 541 cernemus
641 477 873 544 sscuuuuu
904 481 1004 542 num
1024 479 1245 560 ccccxix,

269 599 357 672 Sive
397 597 469 668 alia
514 596 683 692 Capitale
724 598 848 670 addita
888 599 934 669 ad
970 599 1111 692 Legem
1146 601 1332 672 salicam.

447 729 623 824 Capitulis
649 728 748 826 Legi
772 731 924 804 Saliene
948 731 1138 804 addenda.

220 885 299 967 cal’·
322 883 346 944 ι·
376 848 439 968 Ut
455 927 612 988 pagenses
633 927 694 990 per
719 876 915 969 sacrardents
936 907 1074 970 aliorum
1091 908 1275 970 hominum
1297 935 1377 972 cen·

218 1013 268 1054 sas
290 1011 355 1052 uon
377 989 596 1072 inquirantur,
620 989 682 1052 nisi
697 999 822 1050 tautum
841 989 1028 1052 dominicas.
1069 991 1237 1052 Adtamen
1256 995 1377 1055 Comes

221 1073 323 1136 illesi
347 1073 486 1134 alicuius
504 1072 655 1168 pauperis
670 1081 725 1133 aut
748 1073 932 1156 impotentis
952 1095 1109 1158 personae
1131 1094 1233 1134 causa
1258 1077 1376 1153 fuerit,

220 1165 300 1219 tunc
322 1157 436 1218 Comes
462 1153 520 1216 ille
545 1154 722 1238 diligenter
741 1164 774 1216 et
800 1199 947 1216 .........
978 1156 1049 1218 sine
1074 1167 1289 1220 sacramento
1319 1181 1376 1243 per

220 1238 364 1303 veriores
388 1247 421 1298 et
443 1235 594 1298 meliores
610 1257 767 1320 pagenses
786 1237 939 1320 inquirat.

302 1319 347 1384 ll·
390 1319 472 1382 Vult
491 1321 639 1380 Domnus
663 1319 841 1401 Imperator
868 1330 904 1381 ut
927 1320 961 1380 in
990 1321 1057 1382 tale
1083 1321 1249 1405 placitum
1275 1326 1375 1406 quale

219 1404 278 1466 itte
296 1411 376 1466 tunc
397 1401 542 1476 iusserit,
571 1399 682 1462 veniat
700 1403 924 1484 unusquisque
941 1405 1075 1482 Comes,
1106 1414 1139 1466 et
1157 1405 1312 1468 adducat
1330 1429 1375 1468 se·

217 1507 294 1548 curu
317 1485 490 1546 duodecim
512 1483 678 1560 Scubinos,
699 1485 727 1544 si
743 1485 825 1545 tanti
840 1485 974 1546 fuerint.
1017 1485 1074 1548 Sin
1091 1497 1214 1564 autem,
1238 1489 1287 1550 de
1304 1512 1374 1550 me·

218 1567 356 1632 liovibus
374 1565 559 1628 hominibus
579 1565 669 1628 illius
691 1567 860 1629 comitatds
873 1567 1022 1650 supplent
1044 1589 1221 1632 numerum
1237 1572 1372 1633 duode-

219 1651 356 1714 narium.
399 1649 442 1712 Et
461 1647 617 1710 Advocati
637 1657 702 1710 tam
720 1650 973 1734 Episcoporum,
990 1651 1172 1731 ·Alsbatum‚
1198 1663 1232 1714 et
1255 1654 1370 1714 Abba·

220 1735 383 1812 tissarum‚
405 1741 442 1794 ut
461 1731 507 1794 eis
527 1731 672 1792 veniant.

301 1815 365 1878 Ill.
407 1813 621 1878 statuendum
636 1823 683 1876 est
704 1823 741 1874 nt
758 1814 982 1897 unusquisque
1003 1817 1061 1900 qui
1076 1837 1214 1878 censum
1235 1819 1370 1902 regium

218 1899 348 1963 solvere
373 1897 488 1972 debet,
516 1895 552 1956 in
579 1896 694 1959 eodem
716 1896 788 1958 loco
821 1898 915 1960 illum
935 1901 1098 1983 persolvat
1123 1899 1179 1960 ubi
1208 1911 1312 1984 pater
1338 1912 1368 1964 et

217 2003 295 2046 uvus
322 1980 391 2044 eius
411 1983 538 2044 solvere
552 1989 804 2041 consueverunt.

300 2062 360 2128 IV.
403 2065 438 2126 si
463 2061 587 2124 homini
609 2061 745 2124 cuilibet
772 2084 900 2126 causam
918 2065 1060 2126 suumin
1079 2064 1200 2148 placito
1231 2075 1294 2127 aut
1317 2090 1367 2128 co-

216 2170 285 2210 ram
302 2146 428 2210 Comite
446 2144 567 2230 palatio
587 2143 670 2205 alius
689 2144 789 2206 suerit
805 2145 1054 2228 impedimento,
1086 2158 1119 2208 et
1138 2170 1273 2210 causam
1296 2151 1365 2212 eius

217 2229 338 2294 iniust&
362 2227 556 2312 disputando
576 2227 775 2310 impedierit,
804 2235 885 2290 tunc
907 2230 1057 2291 volumus
1085 2239 1121 2290 ut
1148 2231 1218 2292 sive
1244 2233 1364 2294 Comes

217 2315 329 2398 palatii
350 2335 407 2374 seu
423 2314 538 2374 Comes
560 2308 627 2392 ipse
649 2307 683 2369 in
708 2309 870 2371 Comitatu
891 2333 949 2374 suo
968 2313 1078 2374 iubeat
1099 2335 1175 2374 eum
1191 2313 1289 2374 exire
1312 2316 1363 2375 fo-

216 2400 277 2460 rals.
317 2395 361 2456 Et
380 2395 407 2456 si
424 2391 566 2454 noluerit
586 2391 737 2469 obedire,
768 2402 846 2454 tunc
866 2395 968 2456 solvat
984 2395 1128 2455 bannum
1144 2395 1362 2473 dominicum,

217 2481 252 2541 id
272 2487 330 2556 est,
353 2477 518 2560 sexaginta
536 2473 673 2543 solidos;
697 2483 730 2536 et
750 2475 802 2536 illi
824 2477 877 2536 cui
902 2477 1086 2540 adversatus
1107 2486 1173 2555 est,
1206 2477 1241 2538 ei
1261 2477 1361 2540 doust
1428 2502 1429 2505 ¹

216 2561 361 2624 wadium
376 2583 471 2624 suum
483 2579 543 2642 pro
563 2557 636 2639 lege
652 2577 719 2617 suu.

300 2645 340 2707 V.
381 2641 541 2706 Volumus
562 2650 603 2700 ut
619 2642 734 2702 Comes
753 2647 943 2722 potestatem
959 2641 1076 2704 habeat
1099 2641 1133 2702 iu
1155 2641 1282 2723 placito
1302 2665 1358 2704 suo

215 2729 323 2790 facere
340 2747 423 2808 quae
443 2724 550 2798 dehet,
572 2723 702 2783 nemine
723 2723 975 2786 contradicente.
1017 2727 1059 2786 Et
1077 2725 1104 2786 si
1126 2723 1223 2786 aliter
1242 2725 1360 2786 fecerit

215 2811 314 2896 quim
332 2809 429 2884 iusta,
459 2807 498 2867 ad
519 2827 618 2888 quem
637 2808 760 2866 lactum
779 2805 864 2867 illud
906 2808 1043 2884 eruunt,
1076 2807 1188 2871 veniat
1208 2805 1245 2865 in
1262 2829 1360 2888 prae-

215 2891 352 2956 sentiam
374 2901 531 2966 nostram,
562 2895 595 2950 et
616 2909 674 2950 uos
697 2887 747 2948 illi
769 2887 810 2950 dc
832 2828 947 2952 eodem
966 2891 1091 2952 Comite
1113 2890 1271 2952 faciamus
1290 2890 1357 2951 ius-

216 2975 330 3038 titiam.

300 3055 358 3120 Vl.
398 3054 563 3119 Vestitnra
579 3053 698 3114 Domni
722 3063 754 3115 et
774 3053 930 3136 genitoris
954 3053 1056 3116 nostri
1082 3074 1121 3114 eo
1142 3056 1240 3117 modo
1265 3055 1355 3117 volu·

215 3151 288 3202 mus
302 3149 339 3201 ut
357 3146 525 3214 teneatur,
545 3137 734 3218 ubieunque
750 3157 817 3198 esse
836 3137 971 3214 dicitur,
994 3145 1031 3196 ut
1051 3179 1192 3198 .........
1215 3137 1355 3220 diligen-

214 3223 337 3286 tissimll
359 3219 604 3304 investigatione
620 3217 837 3302 perquiratur.
878 3219 921 3280 Et
944 3217 972 3280 si
991 3218 1160 3281 invenitur
1179 3241 1248 3282 esse
1272 3219 1353 3280 insta

217 3316 314 3387 utque
332 3303 487 3400 legitima,
509 3311 588 3363 tune
608 3302 764 3364 vestitura
780 3300 923 3373 dicatum
941 3323 1018 3361 nam
1029 3301 1123 3360 aliter
1137 3323 1178 3362 ne
1196 3300 1353 3364 vestitura

216 3386 379 3452 nominari
402 3385 517 3462 debet,
551 3385 619 3448 slve
644 3384 686 3447 sit
712 3383 746 3444 iu
769 3383 1014 3461 ecclesiasticis,
1041 3377 1108 3446 sive
1136 3382 1170 3444 iu
1198 3383 1351 3467 palatinis

217 3471 314 3534 rebus
954 3505 958 3512 -
1168 3515 1170 3522 .

300 3545 376 3614 Vll.
418 3551 467 3610 De
480 3549 612 3632 proprio
633 3547 723 3631 quod
739 3547 772 3608 in
787 3547 928 3610 castellis
946 3548 985 3609 ab
999 3568 1060 3610 avo
1080 3556 1190 3608 nostro
1211 3545 1351 3628 conqui-

214 3635 285 3702 sitis
308 3657 346 3696 eo
367 3631 463 3694 modo
485 3633 614 3694 videtur
633 3631 726 3692 nobis
747 3653 815 3692 esse
839 3631 1024 3692 faciendum
1045 3639 1141 3711 atque
1158 3629 1350 3692 discernen-

216 3719 305 3796 dum,
327 3727 363 3778 ut
377 3715 427 3776 illi
448 3723 575 3775 tantum
594 3713 798 3797 propriarum
815 3735 925 3776 rerum
940 3713 990 3775 sui
1007 3720 1197 3795 potestatem
1215 3732 1281 3771 non
1297 3709 1350 3772 hu-

215 3803 332 3878 heaut,
354 3798 412 3881 qui
434 3797 580 3878 quandiu
598 3806 777 3878 potuerunt
793 3796 1002 3873 restiterunt,
1032 3804 1065 3856 et
1084 3803 1197 3866 contro
1218 3792 1350 3854 illorum

216 3886 418 3947 voluntatem
437 3879 471 3938 in
489 3889 646 3961 potestate
663 3879 715 3942 avi
731 3879 832 3938 nostri
852 3887 1022 3940 venerunt.
1063 3879 1143 3937 Nam
1158 3874 1349 3958 quicunqne

215 3966 312 4030 sociis
327 3965 393 4026 suis
412 3962 624 4045 pertinaciter
636 3960 860 4023 resistentibus
877 3983 910 4022 se
927 3961 1112 4022 didicerunt
1127 3967 1182 4033 m),
1204 3955 1348 4039 quamvis

216 4048 386 4110 castellum
404 4067 464 4127 per
483 4044 550 4106 vim
570 4044 685 4106 suisset
706 4052 846 4129 captum,
868 4042 998 4128 proprie
1015 4062 1110 4104 suum
1128 4049 1237 4104 tamen
1256 4039 1290 4099 iu
1310 4059 1348 4102 eo

210 4131 335 4215 *habere
353 4127 483 4190 debent.

215 4249 455 4265 m

249 4302 290 4367 m)
312 4291 435 4362 legend.
456 4281 629 4345 dediderunt.
