2958 4986
182 237 252 311 152
438 251 472 306 a,
492 248 581 308 cua.
684 243 944 318 canruaaata
1047 251 1112 310 soa.

181 396 278 472 sarit,
300 403 333 456 et
355 391 395 454 de
412 390 476 456 boc
492 393 578 454 Iacto
590 390 660 456 sive
675 391 715 454 de
733 392 795 454 bac
809 391 955 476 nequitia
971 390 1104 490 posthac
1115 389 1159 462 in,
1172 407 1329 476 praesens

180 481 225 542 tia
245 477 393 540 lodicum
410 475 582 538 convictus
606 475 718 554 fuerit,
741 475 841 560 ipsius
871 477 980 538 damna
1013 475 1236 544 aestimatione
1265 499 1329 563 pro

181 585 248 649 quo
267 563 322 624 sur
340 560 393 624 rel
409 559 493 621 latro
510 558 764 644 comprehensus
783 570 842 638 cst,
860 580 1055 644 componere
1080 569 1225 644 cogatur.

553 668 609 730 De
640 669 742 726 servis
756 663 937 748 fugacibus.
968 707 971 714 =
995 705 999 712 -

264 774 357 838 VIII.
398 772 594 855 Ubicunque
618 772 703 833 intra
721 773 847 834 ltaliam
862 774 931 836 sire
950 773 1072 858 regius,
1097 773 1166 836 sire
1191 777 1332 840 ecclesi-

183 857 313 935 asticus,
328 855 382 918 vel
401 856 576 918 cuiuslibet
594 855 727 918 alterius
744 856 888 920 hominis
905 879 1018 920 servus
1034 857 1193 940 fugitivus
1208 859 1330 922 inven-

181 953 232 1006 tus
252 941 365 1018 luerit,
388 939 558 1002 ddomino
585 960 645 999 sato
672 939 743 1002 sine
778 941 847 1002 ulla
879 962 1039 1002 annorum
1066 942 1330 1025 praescriptione

181 1025 384 1101 vindicetur,
407 1023 445 1084 ei
466 1033 574 1084 tamen
593 1021 731 1102 ratione,
758 1022 786 1093 si
815 1023 967 1086 dominus
991 1026 1137 1086 Francus
1158 1025 1227 1088 sire
1246 1025 1331 1086 Ala-

181 1129 320 1174 mannus
339 1115 393 1168 ant
407 1105 542 1168 alterius
560 1105 736 1168 cuiuslibet
755 1107 896 1168 nationis
909 1106 960 1172 sit.
990 1108 1024 1170 si
1045 1129 1123 1170 vero
1136 1109 1328 1192 Langobar-

183 1195 243 1256 dus
262 1199 318 1252 aut
341 1191 507 1251 Romanus
524 1189 637 1268 inerit,
655 1191 691 1249 et
712 1189 784 1272 lege
803 1211 914 1254 servos
927 1213 1002 1258 snos
1021 1190 1075 1254 vel
1092 1190 1255 1276 adquirat,
1273 1193 1330 1256 vel

182 1275 318 1354 amittat,
340 1295 424 1357 qnae
448 1272 535 1336 inter
555 1293 610 1335 eos
640 1271 823 1356 antiquitus
849 1283 897 1336 est
913 1273 1097 1338 constituta.

532 1437 652 1500 ALIA
694 1439 990 1504 CAPITULA

389 1549 513 1619 addita
543 1551 589 1619 ad
614 1551 752 1644 Legem
777 1551 1122 1646 Longobardorum.

182 1703 208 1764 Ῑ·
232 1667 416 1789 Volumus
437 1729 541 1810 primo
563 1739 600 1790 ut
617 1751 725 1812 neque
745 1729 896 1807 Abbates‚
920 1751 1028 1812 neque
1050 1731 1249 1814 Presbyteri,
1265 1753 1328 1792 ne,

182 1833 247 1895 que
268 1811 420 1889 Diaconi,
432 1833 539 1894 neque
556 1811 768 1884 subdiaconi,
786 1834 894 1896 nequo
917 1813 1074 1895 quislibet
1094 1813 1134 1874 de
1156 1815 1265 1893 Clero,
1284 1815 1327 1876 de

181 1896 329 1979 personis
347 1895 413 1958 suis
430 1895 471 1955 ad
488 1895 619 1978 publica
636 1895 689 1957 vel
707 1895 747 1958 ad
772 1897 932 1958 secularia
948 1897 1068 1960 indicia
1082 1896 1253 1958 trahantur
1270 1897 1326 1960 vel

183 1978 429 2061 distringantur,
454 1981 511 2040 sed
529 1980 547 2039 a
565 1979 630 2041 suis
654 1979 824 2062 Episcopis
848 1979 983 2042 iudicati
1005 1980 1160 2044 iustitiam
1193 1981 1326 2042 saciant.

183 2062 217 2123 Si
231 2071 339 2122 autem
356 2060 397 2123 de
425 2062 681 2144 possessionibus
701 2063 770 2124 sire
794 2063 1030 2140 ecclesiasticis,
1058 2064 1126 2124 sive
1152 2065 1218 2126 suis
1247 2084 1326 2146 pro-

181 2144 273 2230 priis,
290 2165 388 2228 super
405 2167 459 2208 cos
485 2146 607 2207 clamor
616 2146 662 2207 'ad
680 2145 825 2206 Iudicem
841 2147 980 2221 venerit,
1004 2148 1108 2208 mittat
1132 2147 1236 2208 Iudex
1256 2147 1326 2207 cla-

181 2238 323 2290 mantem
337 2249 412 2289 cum
430 2229 527 2290 lllisso
541 2252 600 2292 suo
616 2229 657 2290 ad
680 2227 878 2312 Episcopum
899 2237 935 2289 ut
952 2230 1050 2290 faciat
1070 2229 1101 2289 ei
1116 2252 1176 2311 per
1190 2229 1326 2290 advoca-

182 2321 251 2372 tum
270 2310 424 2374 iustitiam
443 2312 622 2396 percipere.
665 2313 699 2374 si
722 2331 801 2372 vcro
819 2313 892 2374 talis
910 2313 1017 2394 aliqua
1041 2313 1196 2373 intereos
1213 2319 1326 2372 exorta

182 2395 283 2455 fuerit
302 2395 454 2474 intentio,
469 2418 566 2477 quam
582 2417 689 2478 perse
703 2395 872 2476 pacificare
889 2417 955 2457 non
977 2397 1082 2458 velint
1100 2405 1155 2458 aut
1174 2417 1241 2456 non
1254 2415 1326 2477 pos-

182 2478 258 2554 sint,
279 2488 356 2538 tunc
379 2499 437 2560 per
458 2481 649 2542 advocatum
667 2478 831 2561 Episcopi,
847 2480 978 2560 qualem
999 2478 1054 2540 lex
1069 2478 1209 2556 iusserit,
1230 2497 1326 2539 causa

182 2561 252 2643 ipsa
276 2571 351 2622 ante
367 2563 527 2624 Comitem
545 2563 597 2624 vel
617 2561 763 2624 Iudicem
787 2561 908 2632 veniat,
939 2572 970 2622 et
995 2562 1040 2622 ibi
1068 2562 1249 2622 secundum
1275 2559 1325 2620 lc-

183 2666 254 2728 gem
269 2643 411 2720 liniatur,
423 2645 603 2726 anteposito
614 2644 703 2728 qnod
718 2644 842 2706 dictum
854 2654 902 2706 est
913 2644 952 2706 de
968 2645 1327 2727 personaClericorum.

224 2729 266 2788 Π.
291 2729 332 2787 Ut
347 2727 443 2802 servi,
459 2729 616 2806 aldiones,
629 2727 783 2789 libellarii
793 2727 933 2810 antiqui,
944 2727 997 2790 rel
1011 2728 1067 2788 alii
1080 2727 1219 2794 „noviter
1237 2724 1325 2801 facti,

183 2810 240 2892 qui
260 2833 325 2870 non
348 2830 408 2894 ρετ
425 2811 574 2871 fraudem
593 2832 700 2892 neque
714 2832 774 2893 per
801 2811 922 2872 malum
942 2810 1112 2892 ingenium
1135 2811 1176 2872 de
1191 2809 1325 2893 publico

183 2893 317 2956 servitio
326 2915 360 2956 se
370 2893 607 2970 subtrahentes,
617 2895 675 2955 sed
687 2915 747 2976 per
759 2893 859 2954 solam
871 2895 1096 2956 necessitatem
1109 2903 1142 2953 et
1154 2901 1327 2976 pauperta-

183 2987 249 3038 tem
265 2986 385 3038 terrum
399 2976 649 3038 ecclesiasticam
670 2975 723 3038 vel
739 2977 854 3037 colunt
870 2977 924 3038 vel
945 2977 1117 3038 colendam
1134 2975 1327 3058 suscipiunt,

184 3079 250 3122 nou
277 3057 438 3120 alComite
457 3061 510 3120 vel
539 3060 651 3140 aliquo
680 3059 828 3120 ministro
856 3059 947 3120 illius
971 3059 1134 3122 adullam
1164 3059 1327 3140 angariam

183 3165 241 3208 seu
257 3143 431 3204 servitium·
451 3143 619 3224 publicum
645 3142 697 3204 vel
723 3141 885 3224 privatum
916 3152 1074 3224 cogantur
1099 3142 1153 3204 vel
1181 3141 1326 3223 compel-

184 3228 314 3296 lantur;
337 3227 394 3286 sed
416 3225 580 3308 quidquid
600 3225 638 3287 ab
660 3224 706 3286 eis
727 3226 811 3286 iuste
831 3225 994 3308 agendum
1016 3235 1074 3302 cst,
1093 3226 1110 3285 al
1126 3224 1258 3285 domino
1272 3223 1326 3284 vel

183 3317 320 3395 patrono
335 3331 394 3370 suo
412 3308 629 3370 ordinandum
647 3318 704 3371 est,
746 3307 782 3370 Si
797 3329 875 3369 vcro
894 3308 933 3369 de
952 3308 1063 3390 aliquo
1084 3307 1221 3369 crimine
1234 3328 1327 3370 accu-

184 3400 308 3468 santur,
327 3391 509 3475 Episcopus
524 3392 628 3474 primo
645 3391 883 3473 compellatum
906 3401 939 3452 et
960 3391 1111 3474 ipseper.
1133 3390 1326 3451 advocatum

184 3497 290 3552 sunm,
307 3477 487 3537 secundum
502 3475 590 3556 quod
611 3475 666 3535 lex
693 3483 751 3546 cst,
772 3473 862 3534 iuxta
887 3473 1110 3535 conditionem
1126 3473 1328 3555 singularum

183 3579 396 3656 personarum
414 3557 571 3618 iustitiam
587 3556 692 3618 faciat.
735 3555 770 3618 si
802 3579 882 3618 vero
909 3557 1080 3640 culpabilis
1102 3556 1213 3630 fuerit,
1244 3555 1329 3618 sicut

184 3635 218 3700 m
246 3640 433 3723 Capitulare
455 3641 576 3704 Domni
604 3639 807 3722 ImperatorIs
836 3639 993 3722 scriptum
1020 3649 1078 3716 est,
1097 3639 1141 3700 ita
1160 3639 1223 3698 fiat.
1245 3639 1329 3715 Cae-

184 3723 246 3783 teri
268 3745 347 3785 vero
367 3724 463 3785 liberi
475 3722 622 3784 homines
641 3722 700 3805 qui
718 3722 771 3784 vel
784 3722 1109 3784 commendationem
1132 3722 1186 3782 vel
1203 3719 1329 3781 benefi-

184 3806 273 3886 cium
299 3805 716 3884 ecclesiasticumlaabent,
740 3804 825 3868 sicut
849 3805 972 3888 reliqui
994 3805 1143 3867 homines
1171 3803 1329 3865 iustitiam

184 3889 339 3952 iaciant·
387 3913 391 3922 ’
464 3913 467 3920 ’
1032 3941 1034 3946 .
1163 3943 1167 3952 .
1226 3901 1230 3910 ‘

267 3973 327 4033 III.
369 3973 530 4035 Volumus
545 3971 641 4033 etiam
661 3980 693 4033 et
714 3969 884 4033 statuimus
913 3969 953 4032 de
982 3970 1099 4054 plateis
1129 3971 1182 4033 vel
1209 3970 1330 4032 cloacis

185 4055 339 4116 ornandis
356 4055 615 4135 uniuscuiusque
632 4053 772 4116 civitatis
799 4053 839 4114 de
861 4075 963 4136 regno
995 4054 1105 4116 Italiae
1133 4052 1329 4136 pertinenti-

184 4138 256 4209 bus,
273 4147 309 4196 ut
323 4139 459 4218 singulis
482 4137 575 4197 annis
608 4145 774 4198 curentur.
816 4137 939 4197 Tamen
970 4158 1036 4197 non
1063 4137 1215 4198 volumus
1233 4135 1329 4218 quod

184 4219 304 4282 exinde
317 4221 461 4305 pandum
476 4220 599 4306 aliquis.
611 4221 652 4284 ad
668 4229 792 4306 partem
811 4219 922 4305 palatii
944 4220 1045 4283 nostri
1065 4219 1238 4306 persolvat.
1264 4217 1330 4282 Sed
