<?xml version="1.0" encoding="UTF-8"?>
<!DOCTYPE html PUBLIC "-//W3C//DTD XHTML 1.0 Transitional//EN"
    "http://www.w3.org/TR/xhtml1/DTD/xhtml1-transitional.dtd">
<html xmlns="http://www.w3.org/1999/xhtml" xml:lang="en" lang="en">
 <head>
  <title>
</title>
<meta http-equiv="Content-Type" content="text/html;charset=utf-8" />
  <meta name='ocr-system' content='tesseract 3.04.00' />
  <meta name='ocr-capabilities' content='ocr_page ocr_carea ocr_par ocr_line ocrx_word'/>
</head>
<body>
  <div class='ocr_page' id='page_1' title='image "./corpusiurisgerm05visigoog_0351.png"; bbox 0 0 2928 4986; ppageno 0'>
   <div class='ocr_carea' id='block_1_1' title="bbox 236 285 1177 370">
    <p class='ocr_par' dir='ltr' id='par_1_1' title="bbox 236 285 1177 370">
     <span class='ocr_line' id='line_1_1' title="bbox 236 285 1177 370; baseline 0 -6"><span class='ocrx_word' id='word_1_1' title='bbox 236 285 311 366; x_wconf 77' lang='grc'><strong>338</strong></span> <span class='ocrx_word' id='word_1_2' title='bbox 490 306 524 361; x_wconf 74' lang='lat' dir='ltr'><strong>s.</strong></span> <span class='ocrx_word' id='word_1_3' title='bbox 545 303 633 364; x_wconf 86' lang='lat' dir='ltr'><strong>cna.</strong></span> <span class='ocrx_word' id='word_1_4' title='bbox 745 303 1002 362; x_wconf 73' lang='lat' dir='ltr'><strong>carnonam</strong></span> <span class='ocrx_word' id='word_1_5' title='bbox 1110 305 1177 370; x_wconf 75' lang='lat' dir='ltr'><strong>aro.</strong></span> 
     </span>
    </p>
   </div>
   <div class='ocr_carea' id='block_1_2' title="bbox 237 444 1414 1006">
    <p class='ocr_par' dir='ltr' id='par_1_2' title="bbox 237 444 1414 1006">
     <span class='ocr_line' id='line_1_2' title="bbox 318 444 1414 532; baseline 0.002 -22"><span class='ocrx_word' id='word_1_6' title='bbox 318 449 367 510; x_wconf 87' lang='lat' dir='ltr'><strong>Dc</strong></span> <span class='ocrx_word' id='word_1_7' title='bbox 391 445 454 508; x_wconf 88' lang='lat' dir='ltr'><strong>hoc</strong></span> <span class='ocrx_word' id='word_1_8' title='bbox 474 447 578 530; x_wconf 83' lang='lat' dir='ltr'><strong>capite</strong></span> <span class='ocrx_word' id='word_1_9' title='bbox 604 445 783 510; x_wconf 87' lang='lat' dir='ltr'><strong>indicatum</strong></span> <span class='ocrx_word' id='word_1_10' title='bbox 806 445 917 508; x_wconf 85' lang='lat' dir='ltr'><strong>catab</strong></span> <span class='ocrx_word' id='word_1_11' title='bbox 941 444 1094 508; x_wconf 84' lang='lat' dir='ltr'><strong>omnilina</strong></span> <span class='ocrx_word' id='word_1_12' title='bbox 1117 457 1157 508; x_wconf 89' lang='lat' dir='ltr'><strong>ut</strong></span> <span class='ocrx_word' id='word_1_13' title='bbox 1182 447 1216 510; x_wconf 86' lang='lat' dir='ltr'><strong>si</strong></span> <span class='ocrx_word' id='word_1_14' title='bbox 1251 447 1414 532; x_wconf 78' lang='lat' dir='ltr'><strong>ingenua</strong></span> 
     </span>
     <span class='ocr_line' id='line_1_3' title="bbox 237 527 1392 614; baseline -0.002 -18"><span class='ocrx_word' id='word_1_15' title='bbox 237 533 358 596; x_wconf 84' lang='lat' dir='ltr'><strong>semina</strong></span> <span class='ocrx_word' id='word_1_16' title='bbox 376 529 558 612; x_wconf 87' lang='lat' dir='ltr'><strong>quemlihet</strong></span> <span class='ocrx_word' id='word_1_17' title='bbox 572 550 702 592; x_wconf 83' lang='lat' dir='ltr'><strong>servum</strong></span> <span class='ocrx_word' id='word_1_18' title='bbox 718 531 752 592; x_wconf 94' lang='lat' dir='ltr'><strong>in</strong></span> <span class='ocrx_word' id='word_1_19' title='bbox 772 527 962 611; x_wconf 84' lang='lat' dir='ltr'><strong>coniugium</strong></span> <span class='ocrx_word' id='word_1_20' title='bbox 982 531 1169 614; x_wconf 75' lang='lat' dir='ltr'>sumpserit,</span> <span class='ocrx_word' id='word_1_21' title='bbox 1198 553 1278 594; x_wconf 89' lang='lat' dir='ltr'><strong>nou</strong></span> <span class='ocrx_word' id='word_1_22' title='bbox 1297 535 1392 594; x_wconf 86' lang='lat' dir='ltr'><strong>solun</strong></span> 
     </span>
     <span class='ocr_line' id='line_1_4' title="bbox 237 611 1393 698; baseline 0.001 -20"><span class='ocrx_word' id='word_1_23' title='bbox 237 638 313 682; x_wconf 86' lang='lat' dir='ltr'><strong>cnm</strong></span> <span class='ocrx_word' id='word_1_24' title='bbox 331 615 401 698; x_wconf 87' lang='lat' dir='ltr'><strong>ipso</strong></span> <span class='ocrx_word' id='word_1_25' title='bbox 421 633 513 676; x_wconf 83' lang='lat' dir='ltr'><strong>servo</strong></span> <span class='ocrx_word' id='word_1_26' title='bbox 536 611 569 672; x_wconf 92' lang='lat' dir='ltr'><strong>in</strong></span> <span class='ocrx_word' id='word_1_27' title='bbox 594 613 729 676; x_wconf 83' lang='lat' dir='ltr'><strong>servitio</strong></span> <span class='ocrx_word' id='word_1_28' title='bbox 750 621 955 694; x_wconf 83' lang='lat' dir='ltr'><strong>permaneat,</strong></span> <span class='ocrx_word' id='word_1_29' title='bbox 987 611 1047 673; x_wconf 85' lang='lat' dir='ltr'><strong>sed</strong></span> <span class='ocrx_word' id='word_1_30' title='bbox 1071 613 1170 676; x_wconf 90' lang='lat' dir='ltr'><strong>ctiam</strong></span> <span class='ocrx_word' id='word_1_31' title='bbox 1198 637 1329 678; x_wconf 86' lang='lat' dir='ltr'><strong>omnes</strong></span> <span class='ocrx_word' id='word_1_32' title='bbox 1352 640 1393 680; x_wconf 79' lang='lat' dir='ltr'><strong>res</strong></span> 
     </span>
     <span class='ocr_line' id='line_1_5' title="bbox 237 693 1394 784; baseline -0.002 -24"><span class='ocrx_word' id='word_1_33' title='bbox 237 719 317 784; x_wconf 85' lang='lat' dir='ltr'><strong>quas</strong></span> <span class='ocrx_word' id='word_1_34' title='bbox 334 695 442 774; x_wconf 87' lang='lat' dir='ltr'><strong>habet,</strong></span> <span class='ocrx_word' id='word_1_35' title='bbox 464 695 490 758; x_wconf 90' lang='lat' dir='ltr'><strong>si</strong></span> <span class='ocrx_word' id='word_1_36' title='bbox 512 717 565 758; x_wconf 87' lang='lat' dir='ltr'><strong>cas</strong></span> <span class='ocrx_word' id='word_1_37' title='bbox 583 716 657 756; x_wconf 89' lang='lat' dir='ltr'><strong>cum</strong></span> <span class='ocrx_word' id='word_1_38' title='bbox 674 693 862 780; x_wconf 86' lang='lat' dir='ltr'><strong>parentibus</strong></span> <span class='ocrx_word' id='word_1_39' title='bbox 875 693 942 758; x_wconf 86' lang='lat' dir='ltr'><strong>auis</strong></span> <span class='ocrx_word' id='word_1_40' title='bbox 957 693 1077 757; x_wconf 84' lang='lat' dir='ltr'><strong>divisas</strong></span> <span class='ocrx_word' id='word_1_41' title='bbox 1094 705 1206 776; x_wconf 89' lang='lat' dir='ltr'><strong>tenet,</strong></span> <span class='ocrx_word' id='word_1_42' title='bbox 1234 699 1283 760; x_wconf 85' lang='lat' dir='ltr'><strong>ad</strong></span> <span class='ocrx_word' id='word_1_43' title='bbox 1304 700 1394 761; x_wconf 86' lang='lat' dir='ltr'><strong>domi-</strong></span> 
     </span>
     <span class='ocr_line' id='line_1_6' title="bbox 238 777 1393 862; baseline 0.001 -20"><span class='ocrx_word' id='word_1_44' title='bbox 238 777 431 842; x_wconf 85' lang='lat' dir='ltr'><strong>numenius</strong></span> <span class='ocrx_word' id='word_1_45' title='bbox 451 799 580 842; x_wconf 85' lang='lat' dir='ltr'><strong>servum</strong></span> <span class='ocrx_word' id='word_1_46' title='bbox 601 777 634 838; x_wconf 93' lang='lat' dir='ltr'><strong>in</strong></span> <span class='ocrx_word' id='word_1_47' title='bbox 656 777 846 862; x_wconf 79' lang='lat' dir='ltr'><strong>coniugium</strong></span> <span class='ocrx_word' id='word_1_48' title='bbox 866 777 1010 860; x_wconf 90' lang='lat' dir='ltr'><strong>accepit,</strong></span> <span class='ocrx_word' id='word_1_49' title='bbox 1044 781 1269 862; x_wconf 73' lang='lat' dir='ltr'><strong>perveniant.</strong></span> <span class='ocrx_word' id='word_1_50' title='bbox 1317 783 1359 844; x_wconf 90' lang='lat' dir='ltr'><strong>Et</strong></span> <span class='ocrx_word' id='word_1_51' title='bbox 1374 783 1393 844; x_wconf 88' lang='lat' dir='ltr'><strong>si</strong></span> 
     </span>
     <span class='ocr_line' id='line_1_7' title="bbox 237 859 1390 1006; baseline -0.001 -80"><span class='ocrx_word' id='word_1_52' title='bbox 237 886 312 926; x_wconf 90' lang='lat' dir='ltr'><strong>cum</strong></span> <span class='ocrx_word' id='word_1_53' title='bbox 330 861 520 1006; x_wconf 75' lang='lat' dir='ltr'><strong>parentibus</strong></span> <span class='ocrx_word' id='word_1_54' title='bbox 544 859 610 923; x_wconf 86' lang='lat' dir='ltr'><strong>auia</strong></span> <span class='ocrx_word' id='word_1_55' title='bbox 640 883 691 924; x_wconf 89' lang='lat' dir='ltr'><strong>res</strong></span> <span class='ocrx_word' id='word_1_56' title='bbox 713 869 862 944; x_wconf 89' lang='lat' dir='ltr'><strong>paternas</strong></span> <span class='ocrx_word' id='word_1_57' title='bbox 894 859 948 920; x_wconf 83' lang='lat' dir='ltr'><strong>vel</strong></span> <span class='ocrx_word' id='word_1_58' title='bbox 974 867 1135 925; x_wconf 87' lang='lat' dir='ltr'><strong>maternas</strong></span> <span class='ocrx_word' id='word_1_59' title='bbox 1163 885 1244 926; x_wconf 90' lang='lat' dir='ltr'><strong>uon</strong></span> <span class='ocrx_word' id='word_1_60' title='bbox 1274 867 1390 940; x_wconf 79' lang='lat' dir='ltr'><strong>divisit,</strong></span> 
     </span>
    </p>
   </div>
   <div class='ocr_carea' id='block_1_3' title="bbox 235 943 1415 1280">
    <p class='ocr_par' dir='ltr' id='par_1_3' title="bbox 235 943 1415 1280">
     <span class='ocr_line' id='line_1_8' title="bbox 237 943 1390 1028; baseline -0.001 -19"><span class='ocrx_word' id='word_1_61' title='bbox 237 967 299 1009; x_wconf 90' lang='lat' dir='ltr'><strong>uec</strong></span> <span class='ocrx_word' id='word_1_62' title='bbox 321 945 420 1008; x_wconf 90' lang='lat' dir='ltr'><strong>aicui</strong></span> <span class='ocrx_word' id='word_1_63' title='bbox 443 943 614 1028; x_wconf 72' lang='lat' dir='ltr'><strong>quaerenti</strong></span> <span class='ocrx_word' id='word_1_64' title='bbox 636 943 852 1026; x_wconf 86' lang='lat' dir='ltr'><strong>respondere,</strong></span> <span class='ocrx_word' id='word_1_65' title='bbox 883 961 944 1004; x_wconf 90' lang='lat' dir='ltr'><strong>nec</strong></span> <span class='ocrx_word' id='word_1_66' title='bbox 970 965 1046 1006; x_wconf 88' lang='lat' dir='ltr'><strong>cum</strong></span> <span class='ocrx_word' id='word_1_67' title='bbox 1065 945 1131 1007; x_wconf 85' lang='lat' dir='ltr'><strong>anis</strong></span> <span class='ocrx_word' id='word_1_68' title='bbox 1148 945 1350 1011; x_wconf 85' lang='lat' dir='ltr'><strong>heredibus</strong></span> <span class='ocrx_word' id='word_1_69' title='bbox 1365 949 1390 1008; x_wconf 91' lang='lat' dir='ltr'><strong>in</strong></span> 
     </span>
     <span class='ocr_line' id='line_1_9' title="bbox 236 1025 1389 1115; baseline -0.002 -24"><span class='ocrx_word' id='word_1_70' title='bbox 236 1049 347 1092; x_wconf 85' lang='lat' dir='ltr'><strong>rernm</strong></span> <span class='ocrx_word' id='word_1_71' title='bbox 372 1037 579 1112; x_wconf 87' lang='lat' dir='ltr'><strong>paternarum</strong></span> <span class='ocrx_word' id='word_1_72' title='bbox 610 1025 789 1090; x_wconf 82' lang='lat' dir='ltr'><strong>hereditate</strong></span> <span class='ocrx_word' id='word_1_73' title='bbox 818 1025 903 1087; x_wconf 93' lang='lat' dir='ltr'><strong>nltra</strong></span> <span class='ocrx_word' id='word_1_74' title='bbox 931 1025 1056 1088; x_wconf 80' lang='lat' dir='ltr'><strong>divisor</strong></span> <span class='ocrx_word' id='word_1_75' title='bbox 1083 1029 1257 1092; x_wconf 78' lang='lat' dir='ltr'><strong>accedere</strong></span> <span class='ocrx_word' id='word_1_76' title='bbox 1288 1033 1389 1115; x_wconf 88' lang='lat' dir='ltr'><strong>possit</strong></span> 
     </span>
     <span class='ocr_line' id='line_1_10' title="bbox 237 1109 1389 1200; baseline 0.003 -27"><span class='ocrx_word' id='word_1_77' title='bbox 237 1111 397 1176; x_wconf 71' lang='lat' dir='ltr'><strong>Similiter</strong></span> <span class='ocrx_word' id='word_1_78' title='bbox 416 1117 449 1172; x_wconf 87' lang='lat' dir='ltr'><strong>et</strong></span> <span class='ocrx_word' id='word_1_79' title='bbox 469 1109 496 1172; x_wconf 86' lang='lat' dir='ltr'><strong>ai</strong></span> <span class='ocrx_word' id='word_1_80' title='bbox 517 1109 648 1172; x_wconf 75' lang='lat' dir='ltr'><strong>francus</strong></span> <span class='ocrx_word' id='word_1_81' title='bbox 668 1109 765 1170; x_wconf 87' lang='lat' dir='ltr'><strong>homo</strong></span> <span class='ocrx_word' id='word_1_82' title='bbox 789 1109 923 1170; x_wconf 85' lang='lat' dir='ltr'><strong>alterins</strong></span> <span class='ocrx_word' id='word_1_83' title='bbox 952 1109 1106 1172; x_wconf 77' lang='lat' dir='ltr'><strong>ancillam</strong></span> <span class='ocrx_word' id='word_1_84' title='bbox 1124 1113 1162 1172; x_wconf 92' lang='lat' dir='ltr'><strong>iu</strong></span> <span class='ocrx_word' id='word_1_85' title='bbox 1190 1115 1389 1200; x_wconf 80' lang='lat' dir='ltr'><strong>coniugium</strong></span> 
     </span>
     <span class='ocr_line' id='line_1_11' title="bbox 235 1187 1415 1280; baseline -0.008 -22"><span class='ocrx_word' id='word_1_86' title='bbox 235 1194 420 1280; x_wconf 75' lang='lat' dir='ltr'><strong>sumpserit,</strong></span> <span class='ocrx_word' id='word_1_87' title='bbox 440 1193 486 1256; x_wconf 80' lang='lat' dir='ltr'><strong>sic</strong></span> <span class='ocrx_word' id='word_1_88' title='bbox 508 1189 694 1254; x_wconf 83' lang='lat' dir='ltr'><strong>faciendum</strong></span> <span class='ocrx_word' id='word_1_89' title='bbox 712 1213 780 1254; x_wconf 86' lang='lat' dir='ltr'><strong>ease</strong></span> <span class='ocrx_word' id='word_1_90' title='bbox 803 1191 1040 1253; x_wconf 81' lang='lat' dir='ltr'><strong>indicaverunt.</strong></span> <span class='ocrx_word' id='word_1_91' title='bbox 1414 1187 1415 1194; x_wconf 72' lang='grc'>’</span> 
     </span>
    </p>
   </div>
   <div class='ocr_carea' id='block_1_4' title="bbox 585 1297 1030 1386">
    <p class='ocr_par' dir='ltr' id='par_1_4' title="bbox 585 1297 1030 1386">
     <span class='ocr_line' id='line_1_12' title="bbox 585 1297 1030 1386; baseline -0.009 -24"><span class='ocrx_word' id='word_1_92' title='bbox 585 1301 666 1362; x_wconf 85' lang='lat' dir='ltr'><strong>Item</strong></span> <span class='ocrx_word' id='word_1_93' title='bbox 687 1297 728 1360; x_wconf 80' lang='lat' dir='ltr'><strong>dc</strong></span> <span class='ocrx_word' id='word_1_94' title='bbox 750 1297 861 1360; x_wconf 84' lang='lat' dir='ltr'><strong>codem</strong></span> <span class='ocrx_word' id='word_1_95' title='bbox 881 1299 1030 1386; x_wconf 81' lang='lat' dir='ltr'><strong>capitulo.</strong></span> 
     </span>
    </p>
   </div>
   <div class='ocr_carea' id='block_1_5' title="bbox 234 1405 1416 2074">
    <p class='ocr_par' dir='ltr' id='par_1_5' title="bbox 234 1405 1416 2074">
     <span class='ocr_line' id='line_1_13' title="bbox 319 1405 1386 1492; baseline 0 -20"><span class='ocrx_word' id='word_1_96' title='bbox 319 1405 377 1472; x_wconf 89' lang='lat' dir='ltr'><strong>IV.</strong></span> <span class='ocrx_word' id='word_1_97' title='bbox 420 1407 551 1492; x_wconf 76' lang='lat' dir='ltr'><strong>siquis</strong></span> <span class='ocrx_word' id='word_1_98' title='bbox 576 1429 713 1472; x_wconf 82' lang='lat' dir='ltr'><strong>uxorem</strong></span> <span class='ocrx_word' id='word_1_99' title='bbox 740 1407 880 1470; x_wconf 87' lang='lat' dir='ltr'><strong>alienam</strong></span> <span class='ocrx_word' id='word_1_100' title='bbox 901 1407 980 1472; x_wconf 83' lang='lat' dir='ltr'><strong>vivo</strong></span> <span class='ocrx_word' id='word_1_101' title='bbox 1001 1405 1118 1468; x_wconf 89' lang='lat' dir='ltr'><strong>marito</strong></span> <span class='ocrx_word' id='word_1_102' title='bbox 1138 1408 1289 1488; x_wconf 91' lang='lat' dir='ltr'><strong>tulerit,</strong></span> <span class='ocrx_word' id='word_1_103' title='bbox 1324 1421 1386 1472; x_wconf 89' lang='lat' dir='ltr'><strong>octo</strong></span> 
     </span>
     <span class='ocr_line' id='line_1_14' title="bbox 235 1489 1386 1588; baseline 0.003 -37"><span class='ocrx_word' id='word_1_104' title='bbox 235 1491 338 1588; x_wconf 77' lang='lat' dir='ltr'><strong>millia</strong></span> <span class='ocrx_word' id='word_1_105' title='bbox 360 1491 529 1570; x_wconf 88' lang='lat' dir='ltr'><strong>denarios,</strong></span> <span class='ocrx_word' id='word_1_106' title='bbox 559 1491 617 1576; x_wconf 88' lang='lat' dir='ltr'><strong>qui</strong></span> <span class='ocrx_word' id='word_1_107' title='bbox 637 1491 763 1553; x_wconf 86' lang='lat' dir='ltr'><strong>faciunt</strong></span> <span class='ocrx_word' id='word_1_108' title='bbox 784 1489 906 1554; x_wconf 88' lang='lat' dir='ltr'><strong>solidos</strong></span> <span class='ocrx_word' id='word_1_109' title='bbox 926 1491 1104 1570; x_wconf 86' lang='lat' dir='ltr'><strong>ducentos,</strong></span> <span class='ocrx_word' id='word_1_110' title='bbox 1132 1493 1326 1578; x_wconf 84' lang='lat' dir='ltr'><strong>culpabilis</strong></span> <span class='ocrx_word' id='word_1_111' title='bbox 1344 1495 1386 1554; x_wconf 93' lang='lat' dir='ltr'><strong>iu-</strong></span> 
     </span>
     <span class='ocr_line' id='line_1_15' title="bbox 236 1575 1385 1740; baseline 0 -22"><span class='ocrx_word' id='word_1_112' title='bbox 236 1575 446 1720; x_wconf 51' lang='lat' dir='ltr'><strong>dneetpphec</strong></span> <span class='ocrx_word' id='word_1_113' title='bbox 464 1657 607 1740; x_wconf 88' lang='lat' dir='ltr'><strong>capitulo</strong></span> <span class='ocrx_word' id='word_1_114' title='bbox 628 1656 806 1719; x_wconf 89' lang='lat' dir='ltr'><strong>iudicatum</strong></span> <span class='ocrx_word' id='word_1_115' title='bbox 827 1665 875 1718; x_wconf 89' lang='lat' dir='ltr'><strong>cst</strong></span> <span class='ocrx_word' id='word_1_116' title='bbox 896 1666 932 1718; x_wconf 87' lang='lat' dir='ltr'><strong>ut</strong></span> <span class='ocrx_word' id='word_1_117' title='bbox 954 1655 1032 1718; x_wconf 81' lang='lat' dir='ltr'><strong>viro</strong></span> <span class='ocrx_word' id='word_1_118' title='bbox 1051 1655 1172 1718; x_wconf 87' lang='lat' dir='ltr'><strong>marito</strong></span> <span class='ocrx_word' id='word_1_119' title='bbox 1195 1658 1257 1718; x_wconf 92' lang='lat' dir='ltr'><strong>cui</strong></span> <span class='ocrx_word' id='word_1_120' title='bbox 1279 1659 1385 1720; x_wconf 86' lang='lat' dir='ltr'><strong>eaden</strong></span> 
     </span>
     <span class='ocr_line' id='line_1_16' title="bbox 235 1739 1383 1824; baseline 0.001 -24"><span class='ocrx_word' id='word_1_121' title='bbox 235 1761 318 1802; x_wconf 83' lang='lat' dir='ltr'><strong>uxor</strong></span> <span class='ocrx_word' id='word_1_122' title='bbox 337 1749 449 1800; x_wconf 91' lang='lat' dir='ltr'><strong>contra</strong></span> <span class='ocrx_word' id='word_1_123' title='bbox 472 1742 577 1824; x_wconf 78' lang='lat' dir='ltr'><strong>legem</strong></span> <span class='ocrx_word' id='word_1_124' title='bbox 602 1740 765 1802; x_wconf 88' lang='lat' dir='ltr'><strong>subtracta</strong></span> <span class='ocrx_word' id='word_1_125' title='bbox 790 1741 916 1816; x_wconf 84' lang='lat' dir='ltr'><strong>suerat,</strong></span> <span class='ocrx_word' id='word_1_126' title='bbox 948 1739 987 1802; x_wconf 90' lang='lat' dir='ltr'><strong>ab</strong></span> <span class='ocrx_word' id='word_1_127' title='bbox 1015 1739 1074 1802; x_wconf 92' lang='lat' dir='ltr'><strong>illo</strong></span> <span class='ocrx_word' id='word_1_128' title='bbox 1098 1740 1158 1822; x_wconf 90' lang='lat' dir='ltr'><strong>qni</strong></span> <span class='ocrx_word' id='word_1_129' title='bbox 1183 1761 1263 1802; x_wconf 86' lang='lat' dir='ltr'><strong>cam</strong></span> <span class='ocrx_word' id='word_1_130' title='bbox 1289 1744 1321 1804; x_wconf 89' lang='lat' dir='ltr'><strong>ei</strong></span> <span class='ocrx_word' id='word_1_131' title='bbox 1341 1745 1383 1802; x_wconf 92' lang='lat' dir='ltr'><strong>in-</strong></span> 
     </span>
     <span class='ocr_line' id='line_1_17' title="bbox 234 1821 1416 1922; baseline 0.002 -40"><span class='ocrx_word' id='word_1_132' title='bbox 234 1823 318 1917; x_wconf 74' lang='lat' dir='ltr'><strong>ipstd</strong></span> <span class='ocrx_word' id='word_1_133' title='bbox 330 1823 460 1922; x_wconf 74' lang='lat' dir='ltr'><strong>tulerat,</strong></span> <span class='ocrx_word' id='word_1_134' title='bbox 480 1845 555 1887; x_wconf 88' lang='lat' dir='ltr'><strong>cnm</strong></span> <span class='ocrx_word' id='word_1_135' title='bbox 569 1824 641 1906; x_wconf 76' lang='lat' dir='ltr'><strong>lege</strong></span> <span class='ocrx_word' id='word_1_136' title='bbox 658 1823 784 1886; x_wconf 86' lang='lat' dir='ltr'><strong>reddita</strong></span> <span class='ocrx_word' id='word_1_137' title='bbox 805 1823 860 1884; x_wconf 85' lang='lat' dir='ltr'><strong>liat</strong></span> <span class='ocrx_word' id='word_1_138' title='bbox 872 1823 1100 1908; x_wconf 86' lang='lat' dir='ltr'><strong>suprascripta,</strong></span> <span class='ocrx_word' id='word_1_139' title='bbox 1124 1821 1244 1903; x_wconf 85' lang='lat' dir='ltr'><strong>idest,</strong></span> <span class='ocrx_word' id='word_1_140' title='bbox 1269 1826 1382 1888; x_wconf 87' lang='lat' dir='ltr'><strong>ducen-</strong></span> <span class='ocrx_word' id='word_1_141' title='bbox 1415 1825 1416 1872; x_wconf 66' lang='lat' dir='ltr'><strong>l</strong></span> 
     </span>
     <span class='ocr_line' id='line_1_18' title="bbox 235 1905 987 2074; baseline 0.001 -25"><span class='ocrx_word' id='word_1_142' title='bbox 235 1914 274 1966; x_wconf 59' lang='lat' dir='ltr'><strong><em>m</em></strong></span> <span class='ocrx_word' id='word_1_143' title='bbox 296 1905 419 1968; x_wconf 53' lang='lat' dir='ltr'><strong>⁸⁰de</strong></span> <span class='ocrx_word' id='word_1_144' title='bbox 626 1989 676 2050; x_wconf 84' lang='lat' dir='ltr'><strong>Dc</strong></span> <span class='ocrx_word' id='word_1_145' title='bbox 696 1989 817 2055; x_wconf 84' lang='lat' dir='ltr'><strong>xxvl.</strong></span> <span class='ocrx_word' id='word_1_146' title='bbox 838 1990 987 2074; x_wconf 85' lang='lat' dir='ltr'><strong>capitulo.</strong></span> 
     </span>
    </p>
   </div>
   <div class='ocr_carea' id='block_1_6' title="bbox 234 2093 1416 2261">
    <p class='ocr_par' dir='ltr' id='par_1_6' title="bbox 234 2093 1416 2261">
     <span class='ocr_line' id='line_1_19' title="bbox 320 2093 1416 2182; baseline 0 -26"><span class='ocrx_word' id='word_1_147' title='bbox 320 2094 360 2156; x_wconf 86' lang='lat' dir='ltr'><strong>V.</strong></span> <span class='ocrx_word' id='word_1_148' title='bbox 404 2093 437 2155; x_wconf 93' lang='lat' dir='ltr'><strong>Si</strong></span> <span class='ocrx_word' id='word_1_149' title='bbox 462 2095 535 2176; x_wconf 89' lang='lat' dir='ltr'><strong>quis</strong></span> <span class='ocrx_word' id='word_1_150' title='bbox 550 2115 633 2178; x_wconf 89' lang='lat' dir='ltr'><strong>puer</strong></span> <span class='ocrx_word' id='word_1_151' title='bbox 656 2095 740 2155; x_wconf 89' lang='lat' dir='ltr'><strong>infra</strong></span> <span class='ocrx_word' id='word_1_152' title='bbox 758 2095 931 2157; x_wconf 88' lang='lat' dir='ltr'><strong>duodecim</strong></span> <span class='ocrx_word' id='word_1_153' title='bbox 950 2115 1052 2158; x_wconf 90' lang='lat' dir='ltr'><strong>annos</strong></span> <span class='ocrx_word' id='word_1_154' title='bbox 1077 2093 1227 2178; x_wconf 82' lang='lat' dir='ltr'><strong>aliquam</strong></span> <span class='ocrx_word' id='word_1_155' title='bbox 1257 2096 1378 2182; x_wconf 87' lang='lat' dir='ltr'><strong>culpam</strong></span> <span class='ocrx_word' id='word_1_156' title='bbox 1415 2141 1416 2144; x_wconf 63' lang='lat'><strong>,</strong></span> 
     </span>
     <span class='ocr_line' id='line_1_20' title="bbox 234 2175 942 2261; baseline 0 -21"><span class='ocrx_word' id='word_1_157' title='bbox 234 2175 445 2249; x_wconf 88' lang='lat' dir='ltr'><strong>commiserit,</strong></span> <span class='ocrx_word' id='word_1_158' title='bbox 472 2177 583 2239; x_wconf 82' lang='lat' dir='ltr'><strong>fredus</strong></span> <span class='ocrx_word' id='word_1_159' title='bbox 604 2177 634 2238; x_wconf 91' lang='lat' dir='ltr'><strong>ei</strong></span> <span class='ocrx_word' id='word_1_160' title='bbox 657 2199 723 2240; x_wconf 91' lang='lat' dir='ltr'><strong>non</strong></span> <span class='ocrx_word' id='word_1_161' title='bbox 747 2179 942 2261; x_wconf 83' lang='lat' dir='ltr'><strong>requiratur.</strong></span> 
     </span>
    </p>
   </div>
   <div class='ocr_carea' id='block_1_7' title="bbox 216 2281 1417 2946">
    <p class='ocr_par' dir='ltr' id='par_1_7' title="bbox 216 2281 1417 2946">
     <span class='ocr_line' id='line_1_21' title="bbox 315 2281 1376 2368; baseline 0.002 -24"><span class='ocrx_word' id='word_1_162' title='bbox 315 2285 364 2344; x_wconf 86' lang='lat' dir='ltr'><strong>De</strong></span> <span class='ocrx_word' id='word_1_163' title='bbox 384 2281 447 2344; x_wconf 80' lang='lat' dir='ltr'><strong>laoc</strong></span> <span class='ocrx_word' id='word_1_164' title='bbox 466 2283 609 2368; x_wconf 87' lang='lat' dir='ltr'><strong>capitulo</strong></span> <span class='ocrx_word' id='word_1_165' title='bbox 635 2283 813 2346; x_wconf 89' lang='lat' dir='ltr'><strong>iudicatum</strong></span> <span class='ocrx_word' id='word_1_166' title='bbox 838 2295 886 2346; x_wconf 89' lang='lat' dir='ltr'><strong>cst</strong></span> <span class='ocrx_word' id='word_1_167' title='bbox 902 2295 938 2346; x_wconf 91' lang='lat' dir='ltr'><strong>ut</strong></span> <span class='ocrx_word' id='word_1_168' title='bbox 962 2284 989 2348; x_wconf 89' lang='lat' dir='ltr'><strong>si</strong></span> <span class='ocrx_word' id='word_1_169' title='bbox 1010 2283 1118 2346; x_wconf 82' lang='lat' dir='ltr'><strong>insana</strong></span> <span class='ocrx_word' id='word_1_170' title='bbox 1139 2283 1231 2345; x_wconf 83' lang='lat' dir='ltr'><strong>iufra</strong></span> <span class='ocrx_word' id='word_1_171' title='bbox 1255 2285 1376 2348; x_wconf 90' lang='lat' dir='ltr'><strong>duode-</strong></span> 
     </span>
     <span class='ocr_line' id='line_1_22' title="bbox 232 2365 1375 2451; baseline -0.003 -21"><span class='ocrx_word' id='word_1_172' title='bbox 232 2365 297 2430; x_wconf 88' lang='lat' dir='ltr'><strong>cim</strong></span> <span class='ocrx_word' id='word_1_173' title='bbox 319 2387 421 2428; x_wconf 88' lang='lat' dir='ltr'><strong>aunos</strong></span> <span class='ocrx_word' id='word_1_174' title='bbox 441 2389 493 2430; x_wconf 86' lang='lat' dir='ltr'><strong>res</strong></span> <span class='ocrx_word' id='word_1_175' title='bbox 514 2365 648 2428; x_wconf 86' lang='lat' dir='ltr'><strong>alterius</strong></span> <span class='ocrx_word' id='word_1_176' title='bbox 670 2367 788 2429; x_wconf 87' lang='lat' dir='ltr'><strong>iniuste</strong></span> <span class='ocrx_word' id='word_1_177' title='bbox 809 2367 870 2429; x_wconf 85' lang='lat' dir='ltr'><strong>sihi</strong></span> <span class='ocrx_word' id='word_1_178' title='bbox 892 2367 1108 2451; x_wconf 79' lang='lat' dir='ltr'><strong>usurpaverit,</strong></span> <span class='ocrx_word' id='word_1_179' title='bbox 1140 2387 1208 2445; x_wconf 87' lang='lat' dir='ltr'><strong>ens,</strong></span> <span class='ocrx_word' id='word_1_180' title='bbox 1240 2378 1375 2448; x_wconf 87' lang='lat' dir='ltr'><strong>excepto</strong></span> 
     </span>
     <span class='ocr_line' id='line_1_23' title="bbox 232 2447 1374 2533; baseline -0.004 -21"><span class='ocrx_word' id='word_1_181' title='bbox 232 2447 345 2526; x_wconf 82' lang='lat' dir='ltr'><strong>fredo,</strong></span> <span class='ocrx_word' id='word_1_182' title='bbox 375 2470 449 2510; x_wconf 87' lang='lat' dir='ltr'><strong>cnm</strong></span> <span class='ocrx_word' id='word_1_183' title='bbox 479 2447 550 2532; x_wconf 80' lang='lat' dir='ltr'><strong>lege</strong></span> <span class='ocrx_word' id='word_1_184' title='bbox 578 2471 634 2511; x_wconf 88' lang='lat' dir='ltr'><strong>sua</strong></span> <span class='ocrx_word' id='word_1_185' title='bbox 656 2459 846 2533; x_wconf 87' lang='lat' dir='ltr'><strong>componat,</strong></span> <span class='ocrx_word' id='word_1_186' title='bbox 881 2460 913 2512; x_wconf 90' lang='lat' dir='ltr'><strong>et</strong></span> <span class='ocrx_word' id='word_1_187' title='bbox 935 2451 978 2511; x_wconf 90' lang='lat' dir='ltr'><strong>ita</strong></span> <span class='ocrx_word' id='word_1_188' title='bbox 999 2447 1187 2512; x_wconf 84' lang='lat' dir='ltr'><strong>manniatur</strong></span> <span class='ocrx_word' id='word_1_189' title='bbox 1208 2450 1300 2512; x_wconf 88' lang='lat' dir='ltr'><strong>sicut</strong></span> <span class='ocrx_word' id='word_1_190' title='bbox 1324 2452 1374 2511; x_wconf 90' lang='lat' dir='ltr'><strong>ille</strong></span> 
     </span>
     <span class='ocr_line' id='line_1_24' title="bbox 232 2531 1376 2617; baseline -0.003 -21"><span class='ocrx_word' id='word_1_191' title='bbox 232 2531 374 2596; x_wconf 85' lang='lat' dir='ltr'><strong>manniri</strong></span> <span class='ocrx_word' id='word_1_192' title='bbox 396 2534 410 2561; x_wconf 85' lang='lat'><strong>*</strong></span> <span class='ocrx_word' id='word_1_193' title='bbox 431 2533 484 2593; x_wconf 90' lang='lat' dir='ltr'><strong>cui</strong></span> <span class='ocrx_word' id='word_1_194' title='bbox 504 2541 617 2594; x_wconf 88' lang='lat' dir='ltr'><strong>contra</strong></span> <span class='ocrx_word' id='word_1_195' title='bbox 644 2535 751 2617; x_wconf 85' lang='lat' dir='ltr'><strong>legem</strong></span> <span class='ocrx_word' id='word_1_196' title='bbox 767 2531 855 2610; x_wconf 81' lang='lat' dir='ltr'><strong>feeit,</strong></span> <span class='ocrx_word' id='word_1_197' title='bbox 872 2543 904 2596; x_wconf 89' lang='lat' dir='ltr'><strong>et</strong></span> <span class='ocrx_word' id='word_1_198' title='bbox 925 2533 969 2594; x_wconf 89' lang='lat' dir='ltr'><strong>ita</strong></span> <span class='ocrx_word' id='word_1_199' title='bbox 994 2533 1154 2596; x_wconf 77' lang='lat' dir='ltr'><strong>iComite</strong></span> <span class='ocrx_word' id='word_1_200' title='bbox 1178 2533 1222 2594; x_wconf 90' lang='lat' dir='ltr'><strong>ad</strong></span> <span class='ocrx_word' id='word_1_201' title='bbox 1242 2535 1376 2594; x_wconf 90' lang='lat' dir='ltr'><strong>mallum</strong></span> 
     </span>
     <span class='ocr_line' id='line_1_25' title="bbox 234 2611 1417 2700; baseline 0 -23"><span class='ocrx_word' id='word_1_202' title='bbox 234 2637 329 2677; x_wconf 90' lang='lat' dir='ltr'><strong>suum</strong></span> <span class='ocrx_word' id='word_1_203' title='bbox 343 2611 521 2676; x_wconf 84' lang='lat' dir='ltr'><strong>adducatur</strong></span> <span class='ocrx_word' id='word_1_204' title='bbox 536 2613 619 2676; x_wconf 88' lang='lat' dir='ltr'><strong>sicut</strong></span> <span class='ocrx_word' id='word_1_205' title='bbox 642 2615 699 2678; x_wconf 89' lang='lat' dir='ltr'><strong>illc</strong></span> <span class='ocrx_word' id='word_1_206' title='bbox 720 2615 838 2678; x_wconf 87' lang='lat' dir='ltr'><strong>adduci</strong></span> <span class='ocrx_word' id='word_1_207' title='bbox 852 2625 957 2700; x_wconf 90' lang='lat' dir='ltr'><strong>potest</strong></span> <span class='ocrx_word' id='word_1_208' title='bbox 974 2615 1029 2678; x_wconf 91' lang='lat' dir='ltr'><strong>cui</strong></span> <span class='ocrx_word' id='word_1_209' title='bbox 1055 2623 1170 2678; x_wconf 87' lang='lat' dir='ltr'><strong>contra</strong></span> <span class='ocrx_word' id='word_1_210' title='bbox 1200 2617 1316 2698; x_wconf 82' lang='lat' dir='ltr'><strong>legem</strong></span> <span class='ocrx_word' id='word_1_211' title='bbox 1332 2617 1376 2675; x_wconf 81' lang='lat' dir='ltr'><strong>fe·</strong></span> <span class='ocrx_word' id='word_1_212' title='bbox 1416 2625 1417 2660; x_wconf 65' lang='lat'><em>³</em></span> 
     </span>
     <span class='ocr_line' id='line_1_26' title="bbox 216 2695 1376 2782; baseline -0.001 -24"><span class='ocrx_word' id='word_1_213' title='bbox 216 2699 287 2770; x_wconf 77' lang='lat' dir='ltr'><strong>cit.</strong></span> <span class='ocrx_word' id='word_1_214' title='bbox 329 2699 377 2758; x_wconf 90' lang='lat' dir='ltr'><strong>De</strong></span> <span class='ocrx_word' id='word_1_215' title='bbox 400 2697 580 2759; x_wconf 85' lang='lat' dir='ltr'><strong>hereditate</strong></span> <span class='ocrx_word' id='word_1_216' title='bbox 602 2721 680 2761; x_wconf 85' lang='lat' dir='ltr'><strong>vero</strong></span> <span class='ocrx_word' id='word_1_217' title='bbox 701 2709 836 2782; x_wconf 88' lang='lat' dir='ltr'><strong>paterna</strong></span> <span class='ocrx_word' id='word_1_218' title='bbox 857 2700 909 2762; x_wconf 80' lang='lat' dir='ltr'><strong>vel</strong></span> <span class='ocrx_word' id='word_1_219' title='bbox 934 2709 1079 2760; x_wconf 87' lang='lat' dir='ltr'><strong>materna</strong></span> <span class='ocrx_word' id='word_1_220' title='bbox 1104 2695 1130 2760; x_wconf 90' lang='lat' dir='ltr'><strong>si</strong></span> <span class='ocrx_word' id='word_1_221' title='bbox 1159 2697 1286 2782; x_wconf 86' lang='lat' dir='ltr'><strong>aliquis</strong></span> <span class='ocrx_word' id='word_1_222' title='bbox 1309 2719 1376 2760; x_wconf 87' lang='lat' dir='ltr'><strong>eum</strong></span> 
     </span>
     <span class='ocr_line' id='line_1_27' title="bbox 233 2778 1376 2868; baseline 0 -26"><span class='ocrx_word' id='word_1_223' title='bbox 233 2779 444 2864; x_wconf 87' lang='lat' dir='ltr'><strong>interpellare</strong></span> <span class='ocrx_word' id='word_1_224' title='bbox 475 2779 755 2866; x_wconf 63' lang='lat' dir='ltr'><strong>calamitasque</strong></span> <span class='ocrx_word' id='word_1_225' title='bbox 781 2781 822 2844; x_wconf 89' lang='lat' dir='ltr'><strong>ad</strong></span> <span class='ocrx_word' id='word_1_226' title='bbox 845 2781 985 2868; x_wconf 88' lang='lat' dir='ltr'><strong>spatium</strong></span> <span class='ocrx_word' id='word_1_227' title='bbox 1012 2778 1187 2844; x_wconf 76' lang='lat' dir='ltr'><strong>duodecim</strong></span> <span class='ocrx_word' id='word_1_228' title='bbox 1215 2802 1376 2843; x_wconf 87' lang='lat' dir='ltr'><strong>annorum</strong></span> 
     </span>
     <span class='ocr_line' id='line_1_28' title="bbox 234 2861 1033 2946; baseline 0.001 -20"><span class='ocrx_word' id='word_1_229' title='bbox 234 2871 404 2946; x_wconf 81' lang='lat' dir='ltr'><strong>expectare</strong></span> <span class='ocrx_word' id='word_1_230' title='bbox 430 2861 607 2924; x_wconf 86' lang='lat' dir='ltr'><strong>iudicatum</strong></span> <span class='ocrx_word' id='word_1_231' title='bbox 627 2874 686 2928; x_wconf 89' lang='lat' dir='ltr'><strong>cst.</strong></span> <span class='ocrx_word' id='word_1_232' title='bbox 1025 2879 1033 2884; x_wconf 76' lang='grc'><em>’</em></span> 
     </span>
    </p>
   </div>
   <div class='ocr_carea' id='block_1_8' title="bbox 233 2967 1375 3470">
    <p class='ocr_par' dir='ltr' id='par_1_8' title="bbox 233 2967 1375 3470">
     <span class='ocr_line' id='line_1_29' title="bbox 317 2967 1375 3034; baseline -0.002 -4"><span class='ocrx_word' id='word_1_233' title='bbox 317 2967 376 3030; x_wconf 89' lang='lat' dir='ltr'><strong>Vl.</strong></span> <span class='ocrx_word' id='word_1_234' title='bbox 419 2969 599 3031; x_wconf 84' lang='lat' dir='ltr'><strong>indicatum</strong></span> <span class='ocrx_word' id='word_1_235' title='bbox 621 2971 728 3032; x_wconf 83' lang='lat' dir='ltr'><strong>catab</strong></span> <span class='ocrx_word' id='word_1_236' title='bbox 751 2971 901 3033; x_wconf 85' lang='lat' dir='ltr'><strong>omnibus</strong></span> <span class='ocrx_word' id='word_1_237' title='bbox 922 2979 959 3030; x_wconf 89' lang='lat' dir='ltr'><strong>ut</strong></span> <span class='ocrx_word' id='word_1_238' title='bbox 985 2970 1012 3032; x_wconf 84' lang='lat' dir='ltr'><strong>ai</strong></span> <span class='ocrx_word' id='word_1_239' title='bbox 1033 2970 1164 3032; x_wconf 83' lang='lat' dir='ltr'><strong>francus</strong></span> <span class='ocrx_word' id='word_1_240' title='bbox 1187 2969 1293 3034; x_wconf 89' lang='lat' dir='ltr'><strong>homo</strong></span> <span class='ocrx_word' id='word_1_241' title='bbox 1327 2970 1375 3031; x_wconf 86' lang='lat' dir='ltr'><strong>vel</strong></span> 
     </span>
     <span class='ocr_line' id='line_1_30' title="bbox 235 3043 1374 3139; baseline -0.004 -22"><span class='ocrx_word' id='word_1_242' title='bbox 235 3043 378 3139; x_wconf 77' lang='lat' dir='ltr'><strong>ingen&#39;ua</strong></span> <span class='ocrx_word' id='word_1_243' title='bbox 399 3053 519 3114; x_wconf 80' lang='lat' dir='ltr'><strong>semina</strong></span> <span class='ocrx_word' id='word_1_244' title='bbox 538 3053 570 3114; x_wconf 95' lang='lat' dir='ltr'><strong>in</strong></span> <span class='ocrx_word' id='word_1_245' title='bbox 596 3055 726 3116; x_wconf 83' lang='lat' dir='ltr'><strong>servitio</strong></span> <span class='ocrx_word' id='word_1_246' title='bbox 747 3064 861 3138; x_wconf 86' lang='lat' dir='ltr'><strong>sponte</strong></span> <span class='ocrx_word' id='word_1_247' title='bbox 890 3075 1002 3115; x_wconf 88' lang='lat' dir='ltr'><strong>suase</strong></span> <span class='ocrx_word' id='word_1_248' title='bbox 1034 3053 1077 3114; x_wconf 91' lang='lat' dir='ltr'><strong>im</strong></span> <span class='ocrx_word' id='word_1_249' title='bbox 1103 3053 1261 3132; x_wconf 82' lang='lat' dir='ltr'><strong>licaverit,</strong></span> <span class='ocrx_word' id='word_1_250' title='bbox 1297 3065 1333 3114; x_wconf 93' lang='lat' dir='ltr'><strong>ut</strong></span> <span class='ocrx_word' id='word_1_251' title='bbox 1351 3052 1374 3114; x_wconf 91' lang='lat' dir='ltr'><strong>si</strong></span> 
     </span>
     <span class='ocr_line' id='line_1_31' title="bbox 233 3135 1374 3220; baseline -0.005 -20"><span class='ocrx_word' id='word_1_252' title='bbox 233 3161 286 3200; x_wconf 87' lang='lat' dir='ltr'><strong>res</strong></span> <span class='ocrx_word' id='word_1_253' title='bbox 301 3157 385 3208; x_wconf 87' lang='lat' dir='ltr'><strong>suas,</strong></span> <span class='ocrx_word' id='word_1_254' title='bbox 410 3135 487 3196; x_wconf 90' lang='lat' dir='ltr'><strong>dum</strong></span> <span class='ocrx_word' id='word_1_255' title='bbox 510 3135 543 3195; x_wconf 93' lang='lat' dir='ltr'><strong>in</strong></span> <span class='ocrx_word' id='word_1_256' title='bbox 564 3135 711 3199; x_wconf 85' lang='lat' dir='ltr'><strong>libertate</strong></span> <span class='ocrx_word' id='word_1_257' title='bbox 734 3159 791 3199; x_wconf 88' lang='lat' dir='ltr'><strong>sua</strong></span> <span class='ocrx_word' id='word_1_258' title='bbox 810 3136 1030 3220; x_wconf 87' lang='lat' dir='ltr'><strong>permanebat,</strong></span> <span class='ocrx_word' id='word_1_259' title='bbox 1046 3159 1064 3196; x_wconf 89' lang='lat' dir='ltr'><strong>a</strong></span> <span class='ocrx_word' id='word_1_260' title='bbox 1111 3136 1298 3198; x_wconf 87' lang='lat' dir='ltr'><strong>Ecclesiam</strong></span> <span class='ocrx_word' id='word_1_261' title='bbox 1319 3135 1374 3198; x_wconf 91' lang='lat' dir='ltr'><strong>Dei</strong></span> 
     </span>
     <span class='ocr_line' id='line_1_32' title="bbox 234 3217 1373 3302; baseline -0.004 -21"><span class='ocrx_word' id='word_1_262' title='bbox 234 3231 290 3282; x_wconf 89' lang='lat' dir='ltr'><strong>aut</strong></span> <span class='ocrx_word' id='word_1_263' title='bbox 307 3219 443 3280; x_wconf 87' lang='lat' dir='ltr'><strong>cuilibet</strong></span> <span class='ocrx_word' id='word_1_264' title='bbox 455 3217 580 3300; x_wconf 81' lang='lat' dir='ltr'><strong>legibus</strong></span> <span class='ocrx_word' id='word_1_265' title='bbox 594 3219 740 3293; x_wconf 88' lang='lat' dir='ltr'><strong>tradidit,</strong></span> <span class='ocrx_word' id='word_1_266' title='bbox 767 3221 836 3302; x_wconf 90' lang='lat' dir='ltr'><strong>ipse</strong></span> <span class='ocrx_word' id='word_1_267' title='bbox 855 3221 909 3281; x_wconf 88' lang='lat' dir='ltr'><strong>cui</strong></span> <span class='ocrx_word' id='word_1_268' title='bbox 929 3218 1064 3280; x_wconf 88' lang='lat' dir='ltr'><strong>traditae</strong></span> <span class='ocrx_word' id='word_1_269' title='bbox 1087 3219 1213 3281; x_wconf 85' lang='lat' dir='ltr'><strong>fuerint</strong></span> <span class='ocrx_word' id='word_1_270' title='bbox 1241 3241 1300 3282; x_wconf 85' lang='lat' dir='ltr'><strong>eas</strong></span> <span class='ocrx_word' id='word_1_271' title='bbox 1321 3220 1373 3280; x_wconf 90' lang='lat' dir='ltr'><strong>ha·</strong></span> 
     </span>
     <span class='ocr_line' id='line_1_33' title="bbox 234 3301 1375 3384; baseline -0.004 -20"><span class='ocrx_word' id='word_1_272' title='bbox 234 3303 312 3364; x_wconf 88' lang='lat' dir='ltr'><strong>bere</strong></span> <span class='ocrx_word' id='word_1_273' title='bbox 339 3309 372 3362; x_wconf 91' lang='lat' dir='ltr'><strong>et</strong></span> <span class='ocrx_word' id='word_1_274' title='bbox 388 3309 501 3362; x_wconf 87' lang='lat' dir='ltr'><strong>tenere</strong></span> <span class='ocrx_word' id='word_1_275' title='bbox 520 3301 628 3384; x_wconf 87' lang='lat' dir='ltr'><strong>possit.</strong></span> <span class='ocrx_word' id='word_1_276' title='bbox 670 3305 713 3364; x_wconf 90' lang='lat' dir='ltr'><strong>Et</strong></span> <span class='ocrx_word' id='word_1_277' title='bbox 736 3303 763 3364; x_wconf 90' lang='lat' dir='ltr'><strong>si</strong></span> <span class='ocrx_word' id='word_1_278' title='bbox 780 3303 864 3365; x_wconf 90' lang='lat' dir='ltr'><strong>lilios</strong></span> <span class='ocrx_word' id='word_1_279' title='bbox 882 3303 936 3366; x_wconf 82' lang='lat' dir='ltr'><strong>vel</strong></span> <span class='ocrx_word' id='word_1_280' title='bbox 958 3301 1050 3380; x_wconf 82' lang='lat' dir='ltr'><strong>filias,</strong></span> <span class='ocrx_word' id='word_1_281' title='bbox 1068 3301 1147 3364; x_wconf 89' lang='lat' dir='ltr'><strong>dnm</strong></span> <span class='ocrx_word' id='word_1_282' title='bbox 1163 3303 1198 3363; x_wconf 93' lang='lat' dir='ltr'><strong>in</strong></span> <span class='ocrx_word' id='word_1_283' title='bbox 1226 3323 1289 3364; x_wconf 86' lang='lat' dir='ltr'><strong>sua</strong></span> <span class='ocrx_word' id='word_1_284' title='bbox 1317 3301 1375 3364; x_wconf 87' lang='lat' dir='ltr'><strong>fuit</strong></span> 
     </span>
     <span class='ocr_line' id='line_1_34' title="bbox 235 3384 1019 3470; baseline -0.001 -22"><span class='ocrx_word' id='word_1_285' title='bbox 235 3386 398 3462; x_wconf 76' lang='lat' dir='ltr'><strong>libertate,</strong></span> <span class='ocrx_word' id='word_1_286' title='bbox 416 3384 591 3467; x_wconf 77' lang='lat' dir='ltr'><strong>generavit,</strong></span> <span class='ocrx_word' id='word_1_287' title='bbox 610 3385 671 3468; x_wconf 91' lang='lat' dir='ltr'><strong>ipsi</strong></span> <span class='ocrx_word' id='word_1_288' title='bbox 687 3385 784 3448; x_wconf 87' lang='lat' dir='ltr'><strong>liberi</strong></span> <span class='ocrx_word' id='word_1_289' title='bbox 799 3393 1019 3470; x_wconf 86' lang='lat' dir='ltr'><strong>permaneant.</strong></span> 
     </span>
    </p>
   </div>
   <div class='ocr_carea' id='block_1_9' title="bbox 615 3491 998 3577">
    <p class='ocr_par' dir='ltr' id='par_1_9' title="bbox 615 3491 998 3577">
     <span class='ocr_line' id='line_1_35' title="bbox 615 3491 998 3577; baseline 0 -26"><span class='ocrx_word' id='word_1_290' title='bbox 615 3491 665 3552; x_wconf 86' lang='lat' dir='ltr'><strong>De</strong></span> <span class='ocrx_word' id='word_1_291' title='bbox 681 3493 832 3556; x_wconf 85' lang='lat' dir='ltr'><strong>xxxvl.</strong></span> <span class='ocrx_word' id='word_1_292' title='bbox 850 3491 998 3577; x_wconf 83' lang='lat' dir='ltr'><strong>capitulo.</strong></span> 
     </span>
    </p>
   </div>
   <div class='ocr_carea' id='block_1_10' title="bbox 234 3595 1374 4348">
    <p class='ocr_par' dir='ltr' id='par_1_10' title="bbox 235 3595 1373 3998">
     <span class='ocr_line' id='line_1_36' title="bbox 318 3595 1372 3686; baseline -0.003 -24"><span class='ocrx_word' id='word_1_293' title='bbox 318 3595 396 3662; x_wconf 87' lang='lat' dir='ltr'><strong>VII.</strong></span> <span class='ocrx_word' id='word_1_294' title='bbox 438 3595 473 3658; x_wconf 91' lang='lat' dir='ltr'><strong>Si</strong></span> <span class='ocrx_word' id='word_1_295' title='bbox 494 3597 567 3680; x_wconf 90' lang='lat' dir='ltr'><strong>quis</strong></span> <span class='ocrx_word' id='word_1_296' title='bbox 580 3619 694 3661; x_wconf 80' lang='lat' dir='ltr'><strong>servus</strong></span> <span class='ocrx_word' id='word_1_297' title='bbox 716 3599 883 3660; x_wconf 88' lang='lat' dir='ltr'><strong>hominem</strong></span> <span class='ocrx_word' id='word_1_298' title='bbox 910 3597 1090 3680; x_wconf 79' lang='lat' dir='ltr'><strong>ingenuum</strong></span> <span class='ocrx_word' id='word_1_299' title='bbox 1113 3597 1284 3677; x_wconf 88' lang='lat' dir='ltr'><strong>occiderit,</strong></span> <span class='ocrx_word' id='word_1_300' title='bbox 1312 3600 1372 3686; x_wconf 89' lang='lat' dir='ltr'><strong>ipsc</strong></span> 
     </span>
     <span class='ocr_line' id='line_1_37' title="bbox 235 3681 1373 3764; baseline 0 -20"><span class='ocrx_word' id='word_1_301' title='bbox 235 3682 400 3744; x_wconf 86' lang='lat' dir='ltr'><strong>homicida</strong></span> <span class='ocrx_word' id='word_1_302' title='bbox 426 3702 485 3762; x_wconf 89' lang='lat' dir='ltr'><strong>pro</strong></span> <span class='ocrx_word' id='word_1_303' title='bbox 506 3681 677 3742; x_wconf 87' lang='lat' dir='ltr'><strong>medietate</strong></span> <span class='ocrx_word' id='word_1_304' title='bbox 694 3681 938 3764; x_wconf 87' lang='lat' dir='ltr'><strong>compositionis</strong></span> <span class='ocrx_word' id='word_1_305' title='bbox 955 3681 1144 3763; x_wconf 89' lang='lat' dir='ltr'><strong>parentibus</strong></span> <span class='ocrx_word' id='word_1_306' title='bbox 1165 3681 1313 3746; x_wconf 88' lang='lat' dir='ltr'><strong>hominis</strong></span> <span class='ocrx_word' id='word_1_307' title='bbox 1330 3705 1373 3744; x_wconf 89' lang='lat' dir='ltr'><strong>oc·</strong></span> 
     </span>
     <span class='ocr_line' id='line_1_38' title="bbox 235 3761 1373 3843; baseline -0.004 -15"><span class='ocrx_word' id='word_1_308' title='bbox 235 3766 294 3828; x_wconf 89' lang='lat' dir='ltr'><strong>cisi</strong></span> <span class='ocrx_word' id='word_1_309' title='bbox 314 3761 470 3843; x_wconf 86' lang='lat' dir='ltr'><strong>tradatur,</strong></span> <span class='ocrx_word' id='word_1_310' title='bbox 497 3773 531 3824; x_wconf 81' lang='lat' dir='ltr'><strong>et</strong></span> <span class='ocrx_word' id='word_1_311' title='bbox 558 3765 654 3824; x_wconf 88' lang='lat' dir='ltr'><strong>aliam</strong></span> <span class='ocrx_word' id='word_1_312' title='bbox 677 3765 883 3827; x_wconf 89' lang='lat' dir='ltr'><strong>medietatem</strong></span> <span class='ocrx_word' id='word_1_313' title='bbox 906 3762 1056 3825; x_wconf 89' lang='lat' dir='ltr'><strong>dominus</strong></span> <span class='ocrx_word' id='word_1_314' title='bbox 1079 3765 1166 3826; x_wconf 88' lang='lat' dir='ltr'><strong>servi</strong></span> <span class='ocrx_word' id='word_1_315' title='bbox 1186 3787 1220 3826; x_wconf 91' lang='lat' dir='ltr'><strong>se</strong></span> <span class='ocrx_word' id='word_1_316' title='bbox 1245 3764 1373 3828; x_wconf 82' lang='lat' dir='ltr'><strong>noverit</strong></span> 
     </span>
     <span class='ocr_line' id='line_1_39' title="bbox 235 3845 1372 3930; baseline -0.003 -20"><span class='ocrx_word' id='word_1_317' title='bbox 235 3849 438 3910; x_wconf 81' lang='lat' dir='ltr'><strong>solviturum.</strong></span> <span class='ocrx_word' id='word_1_318' title='bbox 480 3845 546 3908; x_wconf 80' lang='lat' dir='ltr'><strong>Aut</strong></span> <span class='ocrx_word' id='word_1_319' title='bbox 569 3849 595 3908; x_wconf 90' lang='lat' dir='ltr'><strong>si</strong></span> <span class='ocrx_word' id='word_1_320' title='bbox 621 3849 727 3930; x_wconf 84' lang='lat' dir='ltr'><strong>legem</strong></span> <span class='ocrx_word' id='word_1_321' title='bbox 749 3847 960 3924; x_wconf 84' lang='lat' dir='ltr'><strong>intellexerit,</strong></span> <span class='ocrx_word' id='word_1_322' title='bbox 992 3848 1171 3930; x_wconf 72' lang='lat' dir='ltr'><strong>poteritne</strong></span> <span class='ocrx_word' id='word_1_323' title='bbox 1199 3848 1372 3910; x_wconf 87' lang='lat' dir='ltr'><strong>obmallare</strong></span> 
     </span>
     <span class='ocr_line' id='line_1_40' title="bbox 235 3931 636 3998; baseline -0.01 -4"><span class='ocrx_word' id='word_1_324' title='bbox 235 3943 272 3994; x_wconf 89' lang='lat' dir='ltr'><strong>ut</strong></span> <span class='ocrx_word' id='word_1_325' title='bbox 286 3932 417 3994; x_wconf 84' lang='lat' dir='ltr'><strong>leodem</strong></span> <span class='ocrx_word' id='word_1_326' title='bbox 439 3952 504 3991; x_wconf 92' lang='lat' dir='ltr'><strong>non</strong></span> <span class='ocrx_word' id='word_1_327' title='bbox 523 3931 636 3998; x_wconf 85' lang='lat' dir='ltr'><strong>solvat.</strong></span> 
     </span>
    </p>

    <p class='ocr_par' dir='ltr' id='par_1_11' title="bbox 234 4010 1374 4348">
     <span class='ocr_line' id='line_1_41' title="bbox 318 4010 1372 4092; baseline -0.002 -18"><span class='ocrx_word' id='word_1_328' title='bbox 318 4013 404 4092; x_wconf 86' lang='lat' dir='ltr'><strong>Quia</strong></span> <span class='ocrx_word' id='word_1_329' title='bbox 425 4013 554 4075; x_wconf 86' lang='lat' dir='ltr'><strong>nullum</strong></span> <span class='ocrx_word' id='word_1_330' title='bbox 571 4015 610 4076; x_wconf 88' lang='lat' dir='ltr'><strong>de</strong></span> <span class='ocrx_word' id='word_1_331' title='bbox 631 4013 848 4076; x_wconf 88' lang='lat' dir='ltr'><strong>ecclesiastico</strong></span> <span class='ocrx_word' id='word_1_332' title='bbox 863 4021 918 4073; x_wconf 90' lang='lat' dir='ltr'><strong>aut</strong></span> <span class='ocrx_word' id='word_1_333' title='bbox 932 4010 1142 4074; x_wconf 84' lang='lat' dir='ltr'><strong>beneficiario</strong></span> <span class='ocrx_word' id='word_1_334' title='bbox 1162 4010 1214 4074; x_wconf 86' lang='lat' dir='ltr'><strong>vel</strong></span> <span class='ocrx_word' id='word_1_335' title='bbox 1239 4011 1372 4072; x_wconf 88' lang='lat' dir='ltr'><strong>alterius</strong></span> 
     </span>
     <span class='ocr_line' id='line_1_42' title="bbox 234 4093 1374 4178; baseline -0.004 -20"><span class='ocrx_word' id='word_1_336' title='bbox 234 4119 374 4178; x_wconf 89' lang='lat' dir='ltr'><strong>persona</strong></span> <span class='ocrx_word' id='word_1_337' title='bbox 393 4118 487 4158; x_wconf 82' lang='lat' dir='ltr'><strong>servo</strong></span> <span class='ocrx_word' id='word_1_338' title='bbox 512 4095 741 4160; x_wconf 88' lang='lat' dir='ltr'><strong>discretionem</strong></span> <span class='ocrx_word' id='word_1_339' title='bbox 770 4097 825 4158; x_wconf 80' lang='lat' dir='ltr'><strong>lex</strong></span> <span class='ocrx_word' id='word_1_340' title='bbox 842 4096 930 4171; x_wconf 88' lang='lat' dir='ltr'><strong>facit,</strong></span> <span class='ocrx_word' id='word_1_341' title='bbox 959 4096 985 4156; x_wconf 91' lang='lat' dir='ltr'><strong>si</strong></span> <span class='ocrx_word' id='word_1_342' title='bbox 1010 4095 1053 4155; x_wconf 90' lang='lat' dir='ltr'><strong>ita</strong></span> <span class='ocrx_word' id='word_1_343' title='bbox 1077 4093 1290 4156; x_wconf 88' lang='lat' dir='ltr'><strong>ecclesiastici</strong></span> <span class='ocrx_word' id='word_1_344' title='bbox 1322 4102 1374 4154; x_wconf 90' lang='lat' dir='ltr'><strong>aut</strong></span> 
     </span>
     <span class='ocr_line' id='line_1_43' title="bbox 234 4175 1373 4260; baseline -0.001 -19"><span class='ocrx_word' id='word_1_345' title='bbox 234 4179 437 4242; x_wconf 87' lang='lat' dir='ltr'><strong>beneficiarii</strong></span> <span class='ocrx_word' id='word_1_346' title='bbox 460 4179 544 4242; x_wconf 78' lang='lat' dir='ltr'><strong>servi</strong></span> <span class='ocrx_word' id='word_1_347' title='bbox 567 4179 651 4242; x_wconf 88' lang='lat' dir='ltr'><strong>sicut</strong></span> <span class='ocrx_word' id='word_1_348' title='bbox 667 4180 845 4242; x_wconf 85' lang='lat' dir='ltr'><strong>liberorum</strong></span> <span class='ocrx_word' id='word_1_349' title='bbox 865 4178 949 4240; x_wconf 87' lang='lat' dir='ltr'><strong>tradi</strong></span> <span class='ocrx_word' id='word_1_350' title='bbox 968 4188 1022 4238; x_wconf 87' lang='lat' dir='ltr'><strong>aut</strong></span> <span class='ocrx_word' id='word_1_351' title='bbox 1038 4176 1157 4238; x_wconf 88' lang='lat' dir='ltr'><strong>dimitti</strong></span> <span class='ocrx_word' id='word_1_352' title='bbox 1172 4185 1320 4260; x_wconf 87' lang='lat' dir='ltr'><strong>possunt,</strong></span> <span class='ocrx_word' id='word_1_353' title='bbox 1337 4175 1373 4240; x_wconf 85' lang='lat' dir='ltr'><strong>ad</strong></span> 
     </span>
     <span class='ocr_line' id='line_1_44' title="bbox 235 4260 1274 4348; baseline -0.002 -24"><span class='ocrx_word' id='word_1_354' title='bbox 235 4261 524 4345; x_wconf 81' lang='lat' dir='ltr'><strong>interrogationem</strong></span> <span class='ocrx_word' id='word_1_355' title='bbox 540 4263 659 4325; x_wconf 89' lang='lat' dir='ltr'><strong>Domni</strong></span> <span class='ocrx_word' id='word_1_356' title='bbox 675 4261 880 4348; x_wconf 84' lang='lat' dir='ltr'><strong>imperatoris</strong></span> <span class='ocrx_word' id='word_1_357' title='bbox 899 4281 1065 4328; x_wconf 81' lang='lat' dir='ltr'><strong>reservare</strong></span> <span class='ocrx_word' id='word_1_358' title='bbox 1086 4260 1274 4326; x_wconf 81' lang='lat' dir='ltr'><strong>voluerunt.</strong></span> 
     </span>
    </p>
   </div>
   <div class='ocr_carea' id='block_1_11' title="bbox 0 0 1468 4986">
    <p class='ocr_par' dir='ltr' id='par_1_12' title="bbox 0 0 1468 4986">
     <span class='ocr_line' id='line_1_45' title="bbox 0 0 1468 4986; baseline 0 0"><span class='ocrx_word' id='word_1_359' title='bbox 0 0 1468 4986; x_wconf 95' lang='lat' dir='ltr'><strong> </strong></span> 
     </span>
    </p>
   </div>
  </div>
 </body>
</html>
