<?xml version="1.0" encoding="UTF-8"?>
<!DOCTYPE html PUBLIC "-//W3C//DTD XHTML 1.0 Transitional//EN"
    "http://www.w3.org/TR/xhtml1/DTD/xhtml1-transitional.dtd">
<html xmlns="http://www.w3.org/1999/xhtml" xml:lang="en" lang="en">
 <head>
  <title>
</title>
<meta http-equiv="Content-Type" content="text/html;charset=utf-8" />
  <meta name='ocr-system' content='tesseract 3.04.00' />
  <meta name='ocr-capabilities' content='ocr_page ocr_carea ocr_par ocr_line ocrx_word'/>
</head>
<body>
  <div class='ocr_page' id='page_1' title='image "./corpusiurisgerm05visigoog_0160.png"; bbox 0 0 2958 4986; ppageno 0'>
   <div class='ocr_carea' id='block_1_1' title="bbox 273 285 1262 415">
    <p class='ocr_par' dir='ltr' id='par_1_1' title="bbox 273 285 1262 415">
     <span class='ocr_line' id='line_1_1' title="bbox 273 285 1262 415; baseline -0.002 -1"><span class='ocrx_word' id='word_1_1' title='bbox 273 285 437 415; x_wconf 60' lang='lat' dir='ltr'><strong>nana.v</strong></span> <span class='ocrx_word' id='word_1_2' title='bbox 511 339 648 412; x_wconf 78' lang='lat' dir='ltr'><strong>aucun</strong></span> <span class='ocrx_word' id='word_1_3' title='bbox 673 338 911 410; x_wconf 81' lang='lat' dir='ltr'><strong>rnnnconun</strong></span> <span class='ocrx_word' id='word_1_4' title='bbox 1017 345 1081 412; x_wconf 78' lang='lat' dir='ltr'><strong>aaa</strong></span> <span class='ocrx_word' id='word_1_5' title='bbox 1192 332 1262 412; x_wconf 70' lang='lat'><strong>147</strong></span> 
     </span>
    </p>
   </div>
   <div class='ocr_carea' id='block_1_2' title="bbox 37 487 1286 4236">
    <p class='ocr_par' dir='ltr' id='par_1_2' title="bbox 116 487 1262 830">
     <span class='ocr_line' id='line_1_2' title="bbox 116 487 1260 576; baseline -0.003 -11"><span class='ocrx_word' id='word_1_6' title='bbox 116 503 201 565; x_wconf 86' lang='lat' dir='ltr'><strong>dum</strong></span> <span class='ocrx_word' id='word_1_7' title='bbox 231 508 324 563; x_wconf 86' lang='lat' dir='ltr'><strong>vetus</strong></span> <span class='ocrx_word' id='word_1_8' title='bbox 352 497 392 559; x_wconf 91' lang='lat' dir='ltr'><strong>de</strong></span> <span class='ocrx_word' id='word_1_9' title='bbox 422 516 509 556; x_wconf 90' lang='lat' dir='ltr'><strong>anno</strong></span> <span class='ocrx_word' id='word_1_10' title='bbox 535 491 710 576; x_wconf 90' lang='lat' dir='ltr'><strong>praeterito</strong></span> <span class='ocrx_word' id='word_1_11' title='bbox 736 487 896 552; x_wconf 84' lang='lat' dir='ltr'>baccones</span> <span class='ocrx_word' id='word_1_12' title='bbox 920 489 1057 554; x_wconf 92' lang='lat' dir='ltr'><strong>LXXX.</strong></span> <span class='ocrx_word' id='word_1_13' title='bbox 1067 521 1074 565; x_wconf 90' lang='lat'>;</span> <span class='ocrx_word' id='word_1_14' title='bbox 1105 501 1191 559; x_wconf 79' lang='lat' dir='ltr'><strong>novo</strong></span> <span class='ocrx_word' id='word_1_15' title='bbox 1220 499 1260 562; x_wconf 88' lang='lat' dir='ltr'><strong>de</strong></span> 
     </span>
     <span class='ocr_line' id='line_1_3' title="bbox 119 573 1262 646; baseline -0.003 0"><span class='ocrx_word' id='word_1_16' title='bbox 119 583 303 646; x_wconf 70' lang='lat' dir='ltr'><strong>nutrimine</strong></span> <span class='ocrx_word' id='word_1_17' title='bbox 317 582 475 641; x_wconf 79' lang='lat' dir='ltr'>baccones</span> <span class='ocrx_word' id='word_1_18' title='bbox 496 578 532 638; x_wconf 91' lang='lat' dir='ltr'><strong>C.</strong></span> <span class='ocrx_word' id='word_1_19' title='bbox 556 597 630 637; x_wconf 85' lang='lat' dir='ltr'><strong>curn</strong></span> <span class='ocrx_word' id='word_1_20' title='bbox 644 573 782 634; x_wconf 89' lang='lat' dir='ltr'><strong>minutia</strong></span> <span class='ocrx_word' id='word_1_21' title='bbox 797 583 829 634; x_wconf 90' lang='lat' dir='ltr'><strong>et</strong></span> <span class='ocrx_word' id='word_1_22' title='bbox 849 574 964 635; x_wconf 88' lang='lat' dir='ltr'><strong>unctis.</strong></span> <span class='ocrx_word' id='word_1_23' title='bbox 1006 577 1054 637; x_wconf 88' lang='lat' dir='ltr'><strong>De</strong></span> <span class='ocrx_word' id='word_1_24' title='bbox 1073 600 1173 642; x_wconf 90' lang='lat' dir='ltr'><strong>censu</strong></span> <span class='ocrx_word' id='word_1_25' title='bbox 1189 582 1262 644; x_wconf 90' lang='lat' dir='ltr'><strong>hac·</strong></span> 
     </span>
     <span class='ocr_line' id='line_1_4' title="bbox 119 657 1260 738; baseline 0 -10"><span class='ocrx_word' id='word_1_26' title='bbox 119 689 222 729; x_wconf 88' lang='lat' dir='ltr'><strong>eones</strong></span> <span class='ocrx_word' id='word_1_27' title='bbox 235 667 297 728; x_wconf 87' lang='lat' dir='ltr'><strong>CL.</strong></span> <span class='ocrx_word' id='word_1_28' title='bbox 311 686 386 726; x_wconf 90' lang='lat' dir='ltr'><strong>cum</strong></span> <span class='ocrx_word' id='word_1_29' title='bbox 399 659 537 721; x_wconf 87' lang='lat' dir='ltr'><strong>minutia</strong></span> <span class='ocrx_word' id='word_1_30' title='bbox 547 668 580 720; x_wconf 92' lang='lat' dir='ltr'><strong>et</strong></span> <span class='ocrx_word' id='word_1_31' title='bbox 588 657 884 719; x_wconf 85' lang='lat' dir='ltr'><strong>unctis&#39;suntsimul</strong></span> <span class='ocrx_word' id='word_1_32' title='bbox 897 658 1057 721; x_wconf 79' lang='lat' dir='ltr'><strong>baccones</strong></span> <span class='ocrx_word' id='word_1_33' title='bbox 1066 663 1260 738; x_wconf 83' lang='lat' dir='ltr'><strong>CCCXXX;</strong></span> 
     </span>
     <span class='ocr_line' id='line_1_5' title="bbox 118 741 566 830; baseline -0.022 -18"><span class='ocrx_word' id='word_1_34' title='bbox 118 747 285 812; x_wconf 83' lang='lat' dir='ltr'><strong>formatici</strong></span> <span class='ocrx_word' id='word_1_35' title='bbox 305 767 425 830; x_wconf 80' lang='lat' dir='ltr'><strong>pensae</strong></span> <span class='ocrx_word' id='word_1_36' title='bbox 439 741 566 804; x_wconf 85' lang='lat' dir='ltr'>XXIV.</span> 
     </span>
    </p>

    <p class='ocr_par' dir='ltr' id='par_1_3' title="bbox 122 821 1264 1492">
     <span class='ocr_line' id='line_1_6' title="bbox 206 821 1259 911; baseline -0.004 -19"><span class='ocrx_word' id='word_1_37' title='bbox 206 833 264 892; x_wconf 90' lang='lat' dir='ltr'><strong>DE</strong></span> <span class='ocrx_word' id='word_1_38' title='bbox 285 827 482 891; x_wconf 89' lang='lat' dir='ltr'><strong>PECULIO.</strong></span> <span class='ocrx_word' id='word_1_39' title='bbox 513 825 662 884; x_wconf 89' lang='lat' dir='ltr'><strong>Iumenta</strong></span> <span class='ocrx_word' id='word_1_40' title='bbox 677 821 809 898; x_wconf 87' lang='lat' dir='ltr'><strong>maiora,</strong></span> <span class='ocrx_word' id='word_1_41' title='bbox 824 821 927 904; x_wconf 87' lang='lat' dir='ltr'><strong>capita</strong></span> <span class='ocrx_word' id='word_1_42' title='bbox 942 823 1097 888; x_wconf 86' lang='lat' dir='ltr'><strong>LXXIX.</strong></span> <span class='ocrx_word' id='word_1_43' title='bbox 1114 828 1259 911; x_wconf 73' lang='lat' dir='ltr'><strong>pultrel-</strong></span> 
     </span>
     <span class='ocr_line' id='line_1_7' title="bbox 123 903 1262 994; baseline -0.004 -18"><span class='ocrx_word' id='word_1_44' title='bbox 123 917 173 976; x_wconf 90' lang='lat' dir='ltr'><strong>las</strong></span> <span class='ocrx_word' id='word_1_45' title='bbox 192 915 302 974; x_wconf 90' lang='lat' dir='ltr'><strong>trimas</strong></span> <span class='ocrx_word' id='word_1_46' title='bbox 320 909 447 972; x_wconf 84' lang='lat' dir='ltr'><strong>XXIV.</strong></span> <span class='ocrx_word' id='word_1_47' title='bbox 465 909 565 968; x_wconf 91' lang='lat' dir='ltr'><strong>bimas</strong></span> <span class='ocrx_word' id='word_1_48' title='bbox 576 907 649 968; x_wconf 85' lang='lat' dir='ltr'><strong>XII.</strong></span> <span class='ocrx_word' id='word_1_49' title='bbox 663 903 929 967; x_wconf 89' lang='lat' dir='ltr'><strong>annotinasXIII.</strong></span> <span class='ocrx_word' id='word_1_50' title='bbox 947 908 1099 990; x_wconf 90' lang='lat' dir='ltr'><strong>poledros</strong></span> <span class='ocrx_word' id='word_1_51' title='bbox 1112 917 1142 994; x_wconf 87' lang='lat' dir='ltr'><strong>q)</strong></span> <span class='ocrx_word' id='word_1_52' title='bbox 1159 911 1262 972; x_wconf 89' lang='lat' dir='ltr'><strong>bimos</strong></span> 
     </span>
     <span class='ocr_line' id='line_1_8' title="bbox 122 985 1262 1060; baseline -0.004 -3"><span class='ocrx_word' id='word_1_53' title='bbox 122 999 187 1060; x_wconf 91' lang='lat' dir='ltr'><strong>VI.</strong></span> <span class='ocrx_word' id='word_1_54' title='bbox 202 995 375 1056; x_wconf 86' lang='lat' dir='ltr'><strong>annotinos</strong></span> <span class='ocrx_word' id='word_1_55' title='bbox 393 991 473 1055; x_wconf 85' lang='lat' dir='ltr'><strong>XII.</strong></span> <span class='ocrx_word' id='word_1_56' title='bbox 492 989 670 1051; x_wconf 79' lang='lat' dir='ltr'><strong>emissarios</strong></span> <span class='ocrx_word' id='word_1_57' title='bbox 684 988 737 1051; x_wconf 88' lang='lat' dir='ltr'><strong>vel</strong></span> <span class='ocrx_word' id='word_1_58' title='bbox 753 985 985 1052; x_wconf 89' lang='lat' dir='ltr'><strong>burdoneslV.</strong></span> <span class='ocrx_word' id='word_1_59' title='bbox 999 991 1182 1054; x_wconf 85' lang='lat' dir='ltr'><strong>bovesXX.</strong></span> <span class='ocrx_word' id='word_1_60' title='bbox 1198 995 1262 1055; x_wconf 89' lang='lat' dir='ltr'><strong>asi-</strong></span> 
     </span>
     <span class='ocr_line' id='line_1_9' title="bbox 124 1067 1262 1142; baseline -0.006 1"><span class='ocrx_word' id='word_1_61' title='bbox 124 1080 246 1142; x_wconf 88' lang='lat' dir='ltr'><strong>nosII.</strong></span> <span class='ocrx_word' id='word_1_62' title='bbox 276 1090 389 1142; x_wconf 74' lang='lat' dir='ltr'><strong>vaccas</strong></span> <span class='ocrx_word' id='word_1_63' title='bbox 412 1097 487 1136; x_wconf 85' lang='lat' dir='ltr'><strong>curn</strong></span> <span class='ocrx_word' id='word_1_64' title='bbox 513 1071 625 1135; x_wconf 71' lang='lat' dir='ltr'><strong>situlis</strong></span> <span class='ocrx_word' id='word_1_65' title='bbox 653 1067 763 1134; x_wconf 87' lang='lat' dir='ltr'><strong>XXX.</strong></span> <span class='ocrx_word' id='word_1_66' title='bbox 793 1079 902 1134; x_wconf 86' lang='lat' dir='ltr'><strong>tauros</strong></span> <span class='ocrx_word' id='word_1_67' title='bbox 926 1072 990 1135; x_wconf 94' lang='lat' dir='ltr'><strong>III.</strong></span> <span class='ocrx_word' id='word_1_68' title='bbox 1019 1075 1081 1134; x_wconf 90' lang='lat' dir='ltr'><strong>alia</strong></span> <span class='ocrx_word' id='word_1_69' title='bbox 1112 1077 1262 1136; x_wconf 87' lang='lat' dir='ltr'><strong>animalia</strong></span> 
     </span>
     <span class='ocr_line' id='line_1_10' title="bbox 123 1153 1261 1248; baseline -0.007 -21"><span class='ocrx_word' id='word_1_70' title='bbox 123 1162 169 1227; x_wconf 89' lang='lat' dir='ltr'><strong>X.</strong></span> <span class='ocrx_word' id='word_1_71' title='bbox 191 1184 305 1248; x_wconf 90' lang='lat' dir='ltr'><strong>porcos</strong></span> <span class='ocrx_word' id='word_1_72' title='bbox 327 1160 462 1220; x_wconf 88' lang='lat' dir='ltr'><strong>maiores</strong></span> <span class='ocrx_word' id='word_1_73' title='bbox 479 1157 541 1218; x_wconf 87' lang='lat' dir='ltr'><strong>CL.</strong></span> <span class='ocrx_word' id='word_1_74' title='bbox 558 1155 700 1218; x_wconf 87' lang='lat' dir='ltr'><strong>minores</strong></span> <span class='ocrx_word' id='word_1_75' title='bbox 715 1155 753 1215; x_wconf 90' lang='lat' dir='ltr'><strong>C.</strong></span> <span class='ocrx_word' id='word_1_76' title='bbox 769 1153 916 1216; x_wconf 85' lang='lat' dir='ltr'><strong>verbices</strong></span> <span class='ocrx_word' id='word_1_77' title='bbox 933 1177 1007 1216; x_wconf 90' lang='lat' dir='ltr'><strong>cum</strong></span> <span class='ocrx_word' id='word_1_78' title='bbox 1023 1158 1113 1239; x_wconf 87' lang='lat' dir='ltr'><strong>agnis</strong></span> <span class='ocrx_word' id='word_1_79' title='bbox 1124 1160 1261 1221; x_wconf 84' lang='lat' dir='ltr'><strong>LXXX.</strong></span> 
     </span>
     <span class='ocr_line' id='line_1_11' title="bbox 123 1234 1262 1330; baseline -0.004 -24"><span class='ocrx_word' id='word_1_80' title='bbox 123 1269 225 1330; x_wconf 74' lang='lat' dir='ltr'><strong>agnos</strong></span> <span class='ocrx_word' id='word_1_81' title='bbox 240 1242 411 1304; x_wconf 80' lang='lat' dir='ltr'><strong>anniculos</strong></span> <span class='ocrx_word' id='word_1_82' title='bbox 425 1238 548 1302; x_wconf 87' lang='lat' dir='ltr'><strong>LVIII.</strong></span> <span class='ocrx_word' id='word_1_83' title='bbox 568 1240 731 1300; x_wconf 86' lang='lat' dir='ltr'><strong>multones</strong></span> <span class='ocrx_word' id='word_1_84' title='bbox 751 1234 919 1302; x_wconf 84' lang='lat' dir='ltr'><strong>LXXXII.</strong></span> <span class='ocrx_word' id='word_1_85' title='bbox 936 1261 1045 1322; x_wconf 87' lang='lat' dir='ltr'><strong>capras</strong></span> <span class='ocrx_word' id='word_1_86' title='bbox 1061 1261 1135 1302; x_wconf 85' lang='lat' dir='ltr'><strong>cum</strong></span> <span class='ocrx_word' id='word_1_87' title='bbox 1148 1243 1262 1322; x_wconf 87' lang='lat' dir='ltr'><strong>hoedis</strong></span> 
     </span>
     <span class='ocr_line' id='line_1_12' title="bbox 122 1319 1264 1404; baseline 0 -18"><span class='ocrx_word' id='word_1_88' title='bbox 122 1329 201 1392; x_wconf 86' lang='lat' dir='ltr'><strong>XV.</strong></span> <span class='ocrx_word' id='word_1_89' title='bbox 221 1327 392 1388; x_wconf 86' lang='lat' dir='ltr'><strong>anniculos</strong></span> <span class='ocrx_word' id='word_1_90' title='bbox 415 1323 473 1390; x_wconf 91' lang='lat' dir='ltr'><strong>VI.</strong></span> <span class='ocrx_word' id='word_1_91' title='bbox 492 1322 601 1384; x_wconf 91' lang='lat' dir='ltr'><strong>hircos</strong></span> <span class='ocrx_word' id='word_1_92' title='bbox 623 1322 682 1399; x_wconf 81' lang='lat' dir='ltr'><strong>Vl.</strong></span> <span class='ocrx_word' id='word_1_93' title='bbox 705 1335 778 1382; x_wconf 78' lang='lat' dir='ltr'><strong>rasa</strong></span> <span class='ocrx_word' id='word_1_94' title='bbox 794 1319 903 1404; x_wconf 90' lang='lat' dir='ltr'><strong>apium</strong></span> <span class='ocrx_word' id='word_1_95' title='bbox 917 1322 952 1382; x_wconf 92' lang='lat' dir='ltr'><strong>L.</strong></span> <span class='ocrx_word' id='word_1_96' title='bbox 970 1343 1064 1384; x_wconf 90' lang='lat' dir='ltr'><strong>aucas</strong></span> <span class='ocrx_word' id='word_1_97' title='bbox 1080 1323 1148 1386; x_wconf 90' lang='lat' dir='ltr'><strong>XL.</strong></span> <span class='ocrx_word' id='word_1_98' title='bbox 1166 1347 1264 1386; x_wconf 70' lang='lat' dir='ltr'><strong>anam</strong></span> 
     </span>
     <span class='ocr_line' id='line_1_13' title="bbox 123 1403 714 1492; baseline -0.015 -19"><span class='ocrx_word' id='word_1_99' title='bbox 123 1423 175 1474; x_wconf 85' lang='lat' dir='ltr'><strong>tes</strong></span> <span class='ocrx_word' id='word_1_100' title='bbox 195 1411 253 1476; x_wconf 91' lang='lat' dir='ltr'><strong>Vl.</strong></span> <span class='ocrx_word' id='word_1_101' title='bbox 268 1409 376 1492; x_wconf 90' lang='lat' dir='ltr'><strong>pullos</strong></span> <span class='ocrx_word' id='word_1_102' title='bbox 400 1403 434 1468; x_wconf 86' lang='lat' dir='ltr'><strong>C.</strong></span> <span class='ocrx_word' id='word_1_103' title='bbox 464 1427 608 1490; x_wconf 84' lang='lat' dir='ltr'><strong>pavones</strong></span> <span class='ocrx_word' id='word_1_104' title='bbox 626 1404 714 1467; x_wconf 89' lang='lat' dir='ltr'><strong>VIII.</strong></span> 
     </span>
    </p>

    <p class='ocr_par' dir='ltr' id='par_1_4' title="bbox 121 1485 1268 3130">
     <span class='ocr_line' id='line_1_14' title="bbox 208 1485 1264 1574; baseline -0.003 -23"><span class='ocrx_word' id='word_1_105' title='bbox 208 1491 442 1557; x_wconf 84' lang='lat' dir='ltr'><strong>INVENIMUS</strong></span> <span class='ocrx_word' id='word_1_106' title='bbox 465 1489 498 1550; x_wconf 92' lang='lat' dir='ltr'><strong>in</strong></span> <span class='ocrx_word' id='word_1_107' title='bbox 525 1489 584 1550; x_wconf 92' lang='lat' dir='ltr'><strong>illo</strong></span> <span class='ocrx_word' id='word_1_108' title='bbox 609 1488 685 1548; x_wconf 86' lang='lat' dir='ltr'><strong>fisco</strong></span> <span class='ocrx_word' id='word_1_109' title='bbox 716 1485 878 1549; x_wconf 84' lang='lat' dir='ltr'><strong>dominico</strong></span> <span class='ocrx_word' id='word_1_110' title='bbox 904 1509 1010 1554; x_wconf 80' lang='lat' dir='ltr'><strong>casam</strong></span> <span class='ocrx_word' id='word_1_111' title='bbox 1027 1491 1169 1574; x_wconf 79' lang='lat' dir='ltr'><strong>regalem</strong></span> <span class='ocrx_word' id='word_1_112' title='bbox 1190 1509 1264 1551; x_wconf 88' lang='lat' dir='ltr'><strong>cum</strong></span> 
     </span>
     <span class='ocr_line' id='line_1_15' title="bbox 124 1570 1263 1656; baseline -0.007 -16"><span class='ocrx_word' id='word_1_113' title='bbox 124 1577 260 1640; x_wconf 87' lang='lat' dir='ltr'><strong>cameris</strong></span> <span class='ocrx_word' id='word_1_114' title='bbox 279 1574 324 1637; x_wconf 88' lang='lat' dir='ltr'><strong>II.</strong></span> <span class='ocrx_word' id='word_1_115' title='bbox 348 1572 548 1655; x_wconf 89' lang='lat' dir='ltr'><strong>totidemque</strong></span> <span class='ocrx_word' id='word_1_116' title='bbox 578 1570 755 1648; x_wconf 84' lang='lat' dir='ltr'><strong>caminatis,</strong></span> <span class='ocrx_word' id='word_1_117' title='bbox 783 1570 954 1632; x_wconf 87' lang='lat' dir='ltr'><strong>cellarium</strong></span> <span class='ocrx_word' id='word_1_118' title='bbox 976 1573 1004 1635; x_wconf 96' lang='lat' dir='ltr'><strong>I.</strong></span> <span class='ocrx_word' id='word_1_119' title='bbox 1038 1574 1182 1656; x_wconf 88' lang='lat' dir='ltr'><strong>porticus</strong></span> <span class='ocrx_word' id='word_1_120' title='bbox 1219 1573 1263 1635; x_wconf 96' lang='lat' dir='ltr'><strong>ll.</strong></span> 
     </span>
     <span class='ocr_line' id='line_1_16' title="bbox 121 1653 1266 1724; baseline -0.007 0"><span class='ocrx_word' id='word_1_121' title='bbox 121 1659 321 1724; x_wconf 77' lang='lat' dir='ltr'><strong>curticulam</strong></span> <span class='ocrx_word' id='word_1_122' title='bbox 337 1655 547 1717; x_wconf 80' lang='lat' dir='ltr'><strong>interclusam</strong></span> <span class='ocrx_word' id='word_1_123' title='bbox 564 1677 639 1716; x_wconf 90' lang='lat' dir='ltr'><strong>cum</strong></span> <span class='ocrx_word' id='word_1_124' title='bbox 661 1653 788 1714; x_wconf 89' lang='lat' dir='ltr'><strong>tunimo</strong></span> <span class='ocrx_word' id='word_1_125' title='bbox 811 1661 941 1716; x_wconf 88' lang='lat' dir='ltr'><strong>strenue</strong></span> <span class='ocrx_word' id='word_1_126' title='bbox 966 1658 1143 1719; x_wconf 86' lang='lat' dir='ltr'><strong>munitam:</strong></span> <span class='ocrx_word' id='word_1_127' title='bbox 1180 1656 1266 1716; x_wconf 84' lang='lat' dir='ltr'><strong>infra</strong></span> 
     </span>
     <span class='ocr_line' id='line_1_17' title="bbox 122 1731 1264 1822; baseline -0.004 -15"><span class='ocrx_word' id='word_1_128' title='bbox 122 1765 266 1807; x_wconf 83' lang='lat' dir='ltr'><strong>cameras</strong></span> <span class='ocrx_word' id='word_1_129' title='bbox 277 1741 322 1804; x_wconf 89' lang='lat'><strong>11.</strong></span> <span class='ocrx_word' id='word_1_130' title='bbox 339 1753 413 1799; x_wconf 84' lang='lat' dir='ltr'><strong>cum</strong></span> <span class='ocrx_word' id='word_1_131' title='bbox 424 1739 558 1800; x_wconf 91' lang='lat' dir='ltr'><strong>totidem</strong></span> <span class='ocrx_word' id='word_1_132' title='bbox 581 1731 741 1822; x_wconf 84' lang='lat' dir='ltr'><strong>pisilibus,</strong></span> <span class='ocrx_word' id='word_1_133' title='bbox 758 1735 942 1799; x_wconf 86' lang='lat' dir='ltr'><strong>mansiones</strong></span> <span class='ocrx_word' id='word_1_134' title='bbox 965 1739 1182 1800; x_wconf 80' lang='lat' dir='ltr'><strong>foeminarum</strong></span> <span class='ocrx_word' id='word_1_135' title='bbox 1202 1741 1264 1803; x_wconf 92' lang='lat' dir='ltr'><strong>Ill.</strong></span> 
     </span>
     <span class='ocr_line' id='line_1_18' title="bbox 122 1819 1266 1910; baseline -0.003 -23"><span class='ocrx_word' id='word_1_136' title='bbox 122 1825 292 1910; x_wconf 85' lang='lat' dir='ltr'><strong>Capellam</strong></span> <span class='ocrx_word' id='word_1_137' title='bbox 312 1843 353 1884; x_wconf 80' lang='lat' dir='ltr'><strong>ex</strong></span> <span class='ocrx_word' id='word_1_138' title='bbox 372 1822 480 1906; x_wconf 89' lang='lat' dir='ltr'><strong>lapide</strong></span> <span class='ocrx_word' id='word_1_139' title='bbox 495 1822 580 1882; x_wconf 91' lang='lat' dir='ltr'><strong>bene</strong></span> <span class='ocrx_word' id='word_1_140' title='bbox 602 1829 830 1897; x_wconf 81' lang='lat' dir='ltr'><strong>constructam,</strong></span> <span class='ocrx_word' id='word_1_141' title='bbox 853 1819 931 1895; x_wconf 89' lang='lat' dir='ltr'><strong>alias</strong></span> <span class='ocrx_word' id='word_1_142' title='bbox 958 1821 1044 1884; x_wconf 86' lang='lat' dir='ltr'><strong>intra</strong></span> <span class='ocrx_word' id='word_1_143' title='bbox 1072 1832 1197 1884; x_wconf 88' lang='lat' dir='ltr'><strong>curtem</strong></span> <span class='ocrx_word' id='word_1_144' title='bbox 1217 1847 1266 1885; x_wconf 88' lang='lat' dir='ltr'><strong>ca·</strong></span> 
     </span>
     <span class='ocr_line' id='line_1_19' title="bbox 123 1897 1265 1991; baseline -0.003 -19"><span class='ocrx_word' id='word_1_145' title='bbox 123 1930 174 1972; x_wconf 88' lang='lat' dir='ltr'><strong>sas</strong></span> <span class='ocrx_word' id='word_1_146' title='bbox 194 1909 318 1991; x_wconf 73' lang='lat' dir='ltr'><strong>ligneas</strong></span> <span class='ocrx_word' id='word_1_147' title='bbox 335 1903 380 1968; x_wconf 94' lang='lat' dir='ltr'><strong>ll.</strong></span> <span class='ocrx_word' id='word_1_148' title='bbox 399 1905 535 1988; x_wconf 88' lang='lat' dir='ltr'><strong>spicaria</strong></span> <span class='ocrx_word' id='word_1_149' title='bbox 553 1903 612 1967; x_wconf 93' lang='lat' dir='ltr'><strong>IV.</strong></span> <span class='ocrx_word' id='word_1_150' title='bbox 631 1901 749 1964; x_wconf 88' lang='lat' dir='ltr'><strong>horrea</strong></span> <span class='ocrx_word' id='word_1_151' title='bbox 765 1903 808 1964; x_wconf 90' lang='lat' dir='ltr'><strong>Il.</strong></span> <span class='ocrx_word' id='word_1_152' title='bbox 823 1897 986 1964; x_wconf 85' lang='lat' dir='ltr'><strong>stabulum</strong></span> <span class='ocrx_word' id='word_1_153' title='bbox 1006 1905 1032 1967; x_wconf 94' lang='lat' dir='ltr'><strong>l.</strong></span> <span class='ocrx_word' id='word_1_154' title='bbox 1052 1899 1265 1988; x_wconf 89' lang='lat' dir='ltr'><strong>coquinaml.</strong></span> 
     </span>
     <span class='ocr_line' id='line_1_20' title="bbox 121 1986 1267 2076; baseline -0.001 -25"><span class='ocrx_word' id='word_1_155' title='bbox 121 1991 299 2076; x_wconf 90' lang='lat' dir='ltr'><strong>pistrinum</strong></span> <span class='ocrx_word' id='word_1_156' title='bbox 321 1989 347 2050; x_wconf 95' lang='lat' dir='ltr'><strong>l.</strong></span> <span class='ocrx_word' id='word_1_157' title='bbox 367 1997 493 2050; x_wconf 87' lang='lat' dir='ltr'><strong>curtem</strong></span> <span class='ocrx_word' id='word_1_158' title='bbox 509 1999 586 2070; x_wconf 86' lang='lat' dir='ltr'><strong>sepe</strong></span> <span class='ocrx_word' id='word_1_159' title='bbox 617 1986 776 2046; x_wconf 86' lang='lat' dir='ltr'><strong>munitam</strong></span> <span class='ocrx_word' id='word_1_160' title='bbox 801 1997 876 2046; x_wconf 87' lang='lat' dir='ltr'><strong>cu&#39;m</strong></span> <span class='ocrx_word' id='word_1_161' title='bbox 895 1988 997 2070; x_wconf 90' lang='lat' dir='ltr'><strong>portis</strong></span> <span class='ocrx_word' id='word_1_162' title='bbox 1018 1989 1137 2070; x_wconf 76' lang='lat' dir='ltr'><strong>ligneis</strong></span> <span class='ocrx_word' id='word_1_163' title='bbox 1166 1990 1212 2052; x_wconf 91' lang='lat' dir='ltr'><strong>ll.</strong></span> <span class='ocrx_word' id='word_1_164' title='bbox 1235 1999 1267 2051; x_wconf 90' lang='lat' dir='ltr'><strong>et</strong></span> 
     </span>
     <span class='ocr_line' id='line_1_21' title="bbox 124 2069 1267 2156; baseline -0.004 -19"><span class='ocrx_word' id='word_1_165' title='bbox 124 2077 267 2156; x_wconf 88' lang='lat' dir='ltr'><strong>desuper</strong></span> <span class='ocrx_word' id='word_1_166' title='bbox 275 2071 406 2143; x_wconf 89' lang='lat' dir='ltr'><strong>solaria;</strong></span> <span class='ocrx_word' id='word_1_167' title='bbox 423 2070 545 2132; x_wconf 88' lang='lat' dir='ltr'><strong>lectum</strong></span> <span class='ocrx_word' id='word_1_168' title='bbox 553 2078 701 2154; x_wconf 88' lang='lat' dir='ltr'><strong>paratum</strong></span> <span class='ocrx_word' id='word_1_169' title='bbox 714 2071 738 2130; x_wconf 95' lang='lat' dir='ltr'><strong>I.</strong></span> <span class='ocrx_word' id='word_1_170' title='bbox 753 2069 890 2153; x_wconf 86' lang='lat' dir='ltr'><strong>drappos</strong></span> <span class='ocrx_word' id='word_1_171' title='bbox 900 2069 940 2131; x_wconf 94' lang='lat' dir='ltr'><strong>ad</strong></span> <span class='ocrx_word' id='word_1_172' title='bbox 954 2071 1079 2132; x_wconf 91' lang='lat' dir='ltr'><strong>discum</strong></span> <span class='ocrx_word' id='word_1_173' title='bbox 1088 2075 1267 2156; x_wconf 87' lang='lat' dir='ltr'><strong>parandum</strong></span> 
     </span>
     <span class='ocr_line' id='line_1_22' title="bbox 122 2153 1267 2220; baseline -0.003 0"><span class='ocrx_word' id='word_1_174' title='bbox 122 2158 152 2220; x_wconf 92' lang='lat' dir='ltr'><strong>I.</strong></span> <span class='ocrx_word' id='word_1_175' title='bbox 164 2157 301 2219; x_wconf 87' lang='lat' dir='ltr'><strong>toaclam</strong></span> <span class='ocrx_word' id='word_1_176' title='bbox 312 2156 337 2216; x_wconf 91' lang='lat'><strong>1.</strong></span> <span class='ocrx_word' id='word_1_177' title='bbox 356 2153 533 2216; x_wconf 87' lang='lat' dir='ltr'><strong>Utensilia:</strong></span> <span class='ocrx_word' id='word_1_178' title='bbox 551 2173 668 2215; x_wconf 89' lang='lat' dir='ltr'><strong>concas</strong></span> <span class='ocrx_word' id='word_1_179' title='bbox 686 2173 794 2214; x_wconf 86' lang='lat' dir='ltr'><strong>aereas</strong></span> <span class='ocrx_word' id='word_1_180' title='bbox 813 2153 859 2214; x_wconf 88' lang='lat' dir='ltr'><strong>II.</strong></span> <span class='ocrx_word' id='word_1_181' title='bbox 901 2154 1047 2216; x_wconf 83' lang='lat' dir='ltr'><strong>oculares</strong></span> <span class='ocrx_word' id='word_1_182' title='bbox 1065 2155 1110 2216; x_wconf 90' lang='lat' dir='ltr'><strong>Il.</strong></span> <span class='ocrx_word' id='word_1_183' title='bbox 1126 2155 1267 2217; x_wconf 89' lang='lat' dir='ltr'><strong>caldaria</strong></span> 
     </span>
     <span class='ocr_line' id='line_1_23' title="bbox 124 2174 1267 2320; baseline -0.002 -20"><span class='ocrx_word' id='word_1_184' title='bbox 124 2261 219 2302; x_wconf 88' lang='lat' dir='ltr'><strong>aerea</strong></span> <span class='ocrx_word' id='word_1_185' title='bbox 227 2241 269 2300; x_wconf 93' lang='grc' dir='ltr'><strong>Π.</strong></span> <span class='ocrx_word' id='word_1_186' title='bbox 278 2237 455 2300; x_wconf 85' lang='lat' dir='ltr'><strong>ferreuml.</strong></span> <span class='ocrx_word' id='word_1_187' title='bbox 467 2237 621 2320; x_wconf 90' lang='lat' dir='ltr'><strong>patellam</strong></span> <span class='ocrx_word' id='word_1_188' title='bbox 629 2236 654 2297; x_wconf 95' lang='lat' dir='ltr'><strong>I.</strong></span> <span class='ocrx_word' id='word_1_189' title='bbox 667 2253 814 2298; x_wconf 88' lang='lat' dir='ltr'><strong>securem</strong></span> <span class='ocrx_word' id='word_1_190' title='bbox 825 2235 851 2298; x_wconf 94' lang='lat' dir='ltr'><strong>I.</strong></span> <span class='ocrx_word' id='word_1_191' title='bbox 868 2174 1049 2298; x_wconf 71' lang='lat' dir='ltr'><strong>dolaturam</strong></span> <span class='ocrx_word' id='word_1_192' title='bbox 1058 2237 1083 2300; x_wconf 93' lang='lat' dir='ltr'><strong>I.</strong></span> <span class='ocrx_word' id='word_1_193' title='bbox 1101 2240 1267 2300; x_wconf 87' lang='lat' dir='ltr'><strong>terebrum</strong></span> 
     </span>
     <span class='ocr_line' id='line_1_24' title="bbox 123 2317 1267 2405; baseline -0.003 -19"><span class='ocrx_word' id='word_1_194' title='bbox 123 2323 152 2386; x_wconf 89' lang='grc' dir='ltr'><strong>Ι.</strong></span> <span class='ocrx_word' id='word_1_195' title='bbox 168 2323 330 2405; x_wconf 87' lang='lat' dir='ltr'><strong>scalprum</strong></span> <span class='ocrx_word' id='word_1_196' title='bbox 342 2321 368 2382; x_wconf 85' lang='lat' dir='ltr'><strong>l.</strong></span> <span class='ocrx_word' id='word_1_197' title='bbox 380 2321 510 2404; x_wconf 86' lang='lat' dir='ltr'><strong>planam</strong></span> <span class='ocrx_word' id='word_1_198' title='bbox 519 2319 545 2380; x_wconf 94' lang='lat' dir='ltr'><strong>I.</strong></span> <span class='ocrx_word' id='word_1_199' title='bbox 566 2318 726 2381; x_wconf 87' lang='lat' dir='ltr'><strong>Uteusilia</strong></span> <span class='ocrx_word' id='word_1_200' title='bbox 736 2317 849 2401; x_wconf 70' lang='lat' dir='ltr'><strong>&#39;lignea</strong></span> <span class='ocrx_word' id='word_1_201' title='bbox 858 2319 898 2380; x_wconf 89' lang='lat' dir='ltr'><strong>ad</strong></span> <span class='ocrx_word' id='word_1_202' title='bbox 916 2320 1165 2384; x_wconf 86' lang='lat' dir='ltr'><strong>ministrandum</strong></span> <span class='ocrx_word' id='word_1_203' title='bbox 1177 2323 1267 2384; x_wconf 77' lang='lat' dir='ltr'><strong>suffi-</strong></span> 
     </span>
     <span class='ocr_line' id='line_1_25' title="bbox 124 2402 1267 2487; baseline -0.001 -20"><span class='ocrx_word' id='word_1_204' title='bbox 124 2407 260 2468; x_wconf 85' lang='lat' dir='ltr'><strong>cienter.</strong></span> <span class='ocrx_word' id='word_1_205' title='bbox 282 2407 340 2481; x_wconf 88' lang='lat' dir='ltr'><strong>(De</strong></span> <span class='ocrx_word' id='word_1_206' title='bbox 354 2411 384 2476; x_wconf 81' lang='lat' dir='ltr'><strong>r)</strong></span> <span class='ocrx_word' id='word_1_207' title='bbox 393 2402 620 2464; x_wconf 81' lang='lat' dir='ltr'><strong>conlaboratu:</strong></span> <span class='ocrx_word' id='word_1_208' title='bbox 633 2402 736 2486; x_wconf 89' lang='lat' dir='ltr'><strong>spelta</strong></span> <span class='ocrx_word' id='word_1_209' title='bbox 748 2411 841 2463; x_wconf 85' lang='lat' dir='ltr'><strong>retus</strong></span> <span class='ocrx_word' id='word_1_210' title='bbox 857 2402 896 2462; x_wconf 92' lang='lat' dir='ltr'><strong>de</strong></span> <span class='ocrx_word' id='word_1_211' title='bbox 907 2424 993 2463; x_wconf 92' lang='lat' dir='ltr'><strong>anno</strong></span> <span class='ocrx_word' id='word_1_212' title='bbox 1006 2405 1182 2487; x_wconf 87' lang='lat' dir='ltr'><strong>praeterito</strong></span> <span class='ocrx_word' id='word_1_213' title='bbox 1194 2423 1267 2466; x_wconf 61' lang='lat' dir='ltr'><strong>cora</strong></span> 
     </span>
     <span class='ocr_line' id='line_1_26' title="bbox 126 2483 1267 2569; baseline -0.002 -19"><span class='ocrx_word' id='word_1_214' title='bbox 126 2491 185 2550; x_wconf 88' lang='lat' dir='ltr'><strong>bes</strong></span> <span class='ocrx_word' id='word_1_215' title='bbox 198 2485 274 2550; x_wconf 89' lang='lat' dir='ltr'><strong>XX.</strong></span> <span class='ocrx_word' id='word_1_216' title='bbox 296 2507 379 2568; x_wconf 90' lang='lat' dir='ltr'><strong>quae</strong></span> <span class='ocrx_word' id='word_1_217' title='bbox 392 2495 526 2569; x_wconf 88' lang='lat' dir='ltr'><strong>possunt</strong></span> <span class='ocrx_word' id='word_1_218' title='bbox 541 2484 612 2546; x_wconf 88' lang='lat' dir='ltr'><strong>ficri</strong></span> <span class='ocrx_word' id='word_1_219' title='bbox 626 2483 731 2545; x_wconf 86' lang='lat' dir='ltr'><strong>Iarina</strong></span> <span class='ocrx_word' id='word_1_220' title='bbox 741 2505 856 2567; x_wconf 89' lang='lat' dir='ltr'><strong>pensas</strong></span> <span class='ocrx_word' id='word_1_221' title='bbox 870 2483 905 2545; x_wconf 75' lang='lat' dir='ltr'><strong>G.</strong></span> <span class='ocrx_word' id='word_1_222' title='bbox 917 2487 1079 2568; x_wconf 84' lang='lat' dir='ltr'><strong>praesenti</strong></span> <span class='ocrx_word' id='word_1_223' title='bbox 1093 2509 1179 2549; x_wconf 88' lang='lat' dir='ltr'><strong>anno</strong></span> <span class='ocrx_word' id='word_1_224' title='bbox 1194 2489 1267 2549; x_wconf 78' lang='lat' dir='ltr'><strong>fue-</strong></span> 
     </span>
     <span class='ocr_line' id='line_1_27' title="bbox 125 2566 1267 2652; baseline -0.004 -17"><span class='ocrx_word' id='word_1_225' title='bbox 125 2581 207 2635; x_wconf 89' lang='lat' dir='ltr'><strong>runt</strong></span> <span class='ocrx_word' id='word_1_226' title='bbox 233 2571 273 2632; x_wconf 90' lang='lat' dir='ltr'><strong>de</strong></span> <span class='ocrx_word' id='word_1_227' title='bbox 294 2567 397 2652; x_wconf 86' lang='lat' dir='ltr'><strong>spelta</strong></span> <span class='ocrx_word' id='word_1_228' title='bbox 414 2568 527 2630; x_wconf 89' lang='lat' dir='ltr'><strong>corbes</strong></span> <span class='ocrx_word' id='word_1_229' title='bbox 542 2566 618 2630; x_wconf 91' lang='lat' dir='ltr'><strong>XX.</strong></span> <span class='ocrx_word' id='word_1_230' title='bbox 641 2567 813 2628; x_wconf 69' lang='lat' dir='ltr'><strong>seminavit</strong></span> <span class='ocrx_word' id='word_1_231' title='bbox 832 2584 873 2626; x_wconf 82' lang='lat' dir='ltr'><strong>ex</strong></span> <span class='ocrx_word' id='word_1_232' title='bbox 899 2568 975 2650; x_wconf 90' lang='lat' dir='ltr'><strong>ipsis</strong></span> <span class='ocrx_word' id='word_1_233' title='bbox 996 2571 1109 2632; x_wconf 91' lang='lat' dir='ltr'><strong>corbes</strong></span> <span class='ocrx_word' id='word_1_234' title='bbox 1124 2569 1167 2633; x_wconf 91' lang='lat' dir='ltr'><strong>X.</strong></span> <span class='ocrx_word' id='word_1_235' title='bbox 1202 2572 1267 2631; x_wconf 55' lang='lat' dir='ltr'><strong>Rea</strong></span> 
     </span>
     <span class='ocr_line' id='line_1_28' title="bbox 124 2647 1267 2737; baseline -0.002 -24"><span class='ocrx_word' id='word_1_236' title='bbox 124 2657 219 2737; x_wconf 86' lang='lat' dir='ltr'><strong>liqna</strong></span> <span class='ocrx_word' id='word_1_237' title='bbox 234 2649 423 2736; x_wconf 86' lang='lat' dir='ltr'><strong>reperimus.</strong></span> <span class='ocrx_word' id='word_1_238' title='bbox 465 2649 612 2733; x_wconf 80' lang='lat' dir='ltr'><strong>Siliginis</strong></span> <span class='ocrx_word' id='word_1_239' title='bbox 633 2649 733 2716; x_wconf 88' lang='lat' dir='ltr'><strong>modii</strong></span> <span class='ocrx_word' id='word_1_240' title='bbox 750 2647 846 2712; x_wconf 85' lang='lat' dir='ltr'><strong>CLX.</strong></span> <span class='ocrx_word' id='word_1_241' title='bbox 872 2651 1043 2733; x_wconf 87' lang='lat' dir='ltr'><strong>seminavit</strong></span> <span class='ocrx_word' id='word_1_242' title='bbox 1073 2652 1108 2714; x_wconf 86' lang='lat' dir='ltr'><strong>C.</strong></span> <span class='ocrx_word' id='word_1_243' title='bbox 1139 2655 1267 2734; x_wconf 84' lang='lat' dir='ltr'><strong>reliqua</strong></span> 
     </span>
     <span class='ocr_line' id='line_1_29' title="bbox 124 2731 1267 2820; baseline -0.003 -20"><span class='ocrx_word' id='word_1_244' title='bbox 124 2735 339 2820; x_wconf 87' lang='lat' dir='ltr'><strong>repperimus.</strong></span> <span class='ocrx_word' id='word_1_245' title='bbox 382 2734 492 2812; x_wconf 90' lang='lat' dir='ltr'><strong>Ordeo</strong></span> <span class='ocrx_word' id='word_1_246' title='bbox 519 2733 603 2794; x_wconf 84' lang='lat' dir='ltr'><strong>mod.</strong></span> <span class='ocrx_word' id='word_1_247' title='bbox 635 2731 781 2794; x_wconf 83' lang='lat' dir='ltr'><strong>CCCCL.</strong></span> <span class='ocrx_word' id='word_1_248' title='bbox 822 2734 993 2795; x_wconf 86' lang='lat' dir='ltr'><strong>seminavit</strong></span> <span class='ocrx_word' id='word_1_249' title='bbox 1019 2737 1118 2806; x_wconf 85' lang='lat' dir='ltr'>CCC;</span> <span class='ocrx_word' id='word_1_250' title='bbox 1140 2737 1267 2817; x_wconf 84' lang='lat' dir='ltr'><strong>reliqua</strong></span> 
     </span>
     <span class='ocr_line' id='line_1_30' title="bbox 124 2814 1268 2902; baseline -0.003 -21"><span class='ocrx_word' id='word_1_251' title='bbox 124 2818 341 2902; x_wconf 84' lang='lat' dir='ltr'><strong>repperimus.</strong></span> <span class='ocrx_word' id='word_1_252' title='bbox 382 2816 506 2894; x_wconf 79' lang='lat' dir='ltr'><strong>Arena,</strong></span> <span class='ocrx_word' id='word_1_253' title='bbox 536 2816 621 2876; x_wconf 90' lang='lat' dir='ltr'><strong>mod.</strong></span> <span class='ocrx_word' id='word_1_254' title='bbox 655 2817 718 2876; x_wconf 88' lang='lat' dir='ltr'><strong>CC.</strong></span> <span class='ocrx_word' id='word_1_255' title='bbox 741 2814 913 2880; x_wconf 86' lang='lat' dir='ltr'><strong>seminavit</strong></span> <span class='ocrx_word' id='word_1_256' title='bbox 938 2817 1083 2878; x_wconf 87' lang='lat' dir='ltr'><strong>totidem.</strong></span> <span class='ocrx_word' id='word_1_257' title='bbox 1126 2820 1268 2879; x_wconf 88' lang='lat' dir='ltr'><strong>Lardnm</strong></span> 
     </span>
     <span class='ocr_line' id='line_1_31' title="bbox 125 2897 1266 2982; baseline -0.001 -19"><span class='ocrx_word' id='word_1_258' title='bbox 125 2911 220 2966; x_wconf 79' lang='lat' dir='ltr'><strong>vetus</strong></span> <span class='ocrx_word' id='word_1_259' title='bbox 239 2902 280 2962; x_wconf 91' lang='lat' dir='ltr'><strong>de</strong></span> <span class='ocrx_word' id='word_1_260' title='bbox 295 2899 471 2982; x_wconf 88' lang='lat' dir='ltr'><strong>praeterito</strong></span> <span class='ocrx_word' id='word_1_261' title='bbox 483 2920 570 2966; x_wconf 90' lang='lat' dir='ltr'><strong>anno</strong></span> <span class='ocrx_word' id='word_1_262' title='bbox 587 2899 745 2959; x_wconf 81' lang='lat' dir='ltr'><strong>baccones</strong></span> <span class='ocrx_word' id='word_1_263' title='bbox 762 2897 830 2961; x_wconf 87' lang='lat' dir='ltr'><strong>LX.</strong></span> <span class='ocrx_word' id='word_1_264' title='bbox 871 2901 1011 2962; x_wconf 82' lang='lat' dir='ltr'><strong>Novello</strong></span> <span class='ocrx_word' id='word_1_265' title='bbox 1029 2902 1068 2962; x_wconf 87' lang='lat' dir='ltr'><strong>de</strong></span> <span class='ocrx_word' id='word_1_266' title='bbox 1088 2903 1266 2962; x_wconf 86' lang='lat' dir='ltr'><strong>nutrimine</strong></span> 
     </span>
     <span class='ocr_line' id='line_1_32' title="bbox 124 2981 1266 3061; baseline 0.002 -15"><span class='ocrx_word' id='word_1_267' title='bbox 124 2988 285 3047; x_wconf 84' lang='lat' dir='ltr'><strong>baccones</strong></span> <span class='ocrx_word' id='word_1_268' title='bbox 305 2986 340 3043; x_wconf 92' lang='lat' dir='ltr'><strong>L.</strong></span> <span class='ocrx_word' id='word_1_269' title='bbox 368 3001 443 3043; x_wconf 91' lang='lat' dir='ltr'><strong>cum</strong></span> <span class='ocrx_word' id='word_1_270' title='bbox 469 2981 607 3042; x_wconf 88' lang='lat' dir='ltr'><strong>minutia</strong></span> <span class='ocrx_word' id='word_1_271' title='bbox 628 2991 659 3042; x_wconf 90' lang='lat' dir='ltr'><strong>et</strong></span> <span class='ocrx_word' id='word_1_272' title='bbox 675 2981 791 3043; x_wconf 91' lang='lat' dir='ltr'><strong>unctis.</strong></span> <span class='ocrx_word' id='word_1_273' title='bbox 833 2985 881 3042; x_wconf 91' lang='lat' dir='ltr'><strong>De</strong></span> <span class='ocrx_word' id='word_1_274' title='bbox 902 3004 999 3061; x_wconf 73' lang='lat' dir='ltr'><strong>censu</strong></span> <span class='ocrx_word' id='word_1_275' title='bbox 1016 2985 1175 3046; x_wconf 85' lang='lat' dir='ltr'><strong>baccones</strong></span> <span class='ocrx_word' id='word_1_276' title='bbox 1191 2984 1266 3048; x_wconf 71' lang='lat' dir='ltr'><strong>XV«</strong></span> 
     </span>
     <span class='ocr_line' id='line_1_33' title="bbox 126 3063 1102 3130; baseline -0.004 0"><span class='ocrx_word' id='word_1_277' title='bbox 126 3089 203 3130; x_wconf 90' lang='lat' dir='ltr'><strong>cum</strong></span> <span class='ocrx_word' id='word_1_278' title='bbox 221 3065 357 3124; x_wconf 90' lang='lat' dir='ltr'><strong>minutia</strong></span> <span class='ocrx_word' id='word_1_279' title='bbox 380 3075 412 3126; x_wconf 91' lang='lat' dir='ltr'><strong>et</strong></span> <span class='ocrx_word' id='word_1_280' title='bbox 425 3063 541 3126; x_wconf 89' lang='lat' dir='ltr'><strong>unctis.</strong></span> <span class='ocrx_word' id='word_1_281' title='bbox 583 3065 667 3125; x_wconf 88' lang='lat' dir='ltr'><strong>Sunt</strong></span> <span class='ocrx_word' id='word_1_282' title='bbox 688 3063 784 3125; x_wconf 90' lang='lat' dir='ltr'><strong>simul</strong></span> <span class='ocrx_word' id='word_1_283' title='bbox 810 3067 968 3126; x_wconf 88' lang='lat' dir='ltr'><strong>baccones</strong></span> <span class='ocrx_word' id='word_1_284' title='bbox 988 3075 1102 3128; x_wconf 90' lang='lat' dir='ltr'><strong>tantos.</strong></span> 
     </span>
    </p>

    <p class='ocr_par' dir='ltr' id='par_1_5' title="bbox 119 3147 1286 3646">
     <span class='ocr_line' id='line_1_34' title="bbox 211 3147 1266 3232; baseline 0.002 -22"><span class='ocrx_word' id='word_1_285' title='bbox 211 3150 269 3210; x_wconf 90' lang='lat' dir='ltr'><strong>DE</strong></span> <span class='ocrx_word' id='word_1_286' title='bbox 286 3149 484 3209; x_wconf 91' lang='lat' dir='ltr'><strong>PECULIO.</strong></span> <span class='ocrx_word' id='word_1_287' title='bbox 527 3147 674 3207; x_wconf 90' lang='lat' dir='ltr'><strong>Iumenta</strong></span> <span class='ocrx_word' id='word_1_288' title='bbox 692 3147 823 3223; x_wconf 81' lang='lat' dir='ltr'><strong>maiora,</strong></span> <span class='ocrx_word' id='word_1_289' title='bbox 845 3149 950 3230; x_wconf 86' lang='lat' dir='ltr'><strong>capita</strong></span> <span class='ocrx_word' id='word_1_290' title='bbox 968 3148 1087 3212; x_wconf 91' lang='lat' dir='ltr'><strong>XLIV.</strong></span> <span class='ocrx_word' id='word_1_291' title='bbox 1108 3151 1266 3232; x_wconf 83' lang='lat' dir='ltr'><strong>putrellas</strong></span> 
     </span>
     <span class='ocr_line' id='line_1_35' title="bbox 125 3228 1286 3313; baseline 0.003 -21"><span class='ocrx_word' id='word_1_292' title='bbox 125 3232 236 3293; x_wconf 88' lang='lat' dir='ltr'><strong>trimas</strong></span> <span class='ocrx_word' id='word_1_293' title='bbox 252 3230 294 3292; x_wconf 94' lang='lat' dir='ltr'><strong>X.</strong></span> <span class='ocrx_word' id='word_1_294' title='bbox 325 3230 426 3290; x_wconf 87' lang='lat' dir='ltr'><strong>bimas</strong></span> <span class='ocrx_word' id='word_1_295' title='bbox 454 3228 533 3291; x_wconf 86' lang='lat' dir='ltr'><strong>Xll.</strong></span> <span class='ocrx_word' id='word_1_296' title='bbox 562 3229 733 3290; x_wconf 90' lang='lat' dir='ltr'><strong>anniculos</strong></span> <span class='ocrx_word' id='word_1_297' title='bbox 757 3231 830 3292; x_wconf 91' lang='lat' dir='ltr'><strong>XV.</strong></span> <span class='ocrx_word' id='word_1_298' title='bbox 867 3231 1021 3313; x_wconf 90' lang='lat' dir='ltr'><strong>poledros</strong></span> <span class='ocrx_word' id='word_1_299' title='bbox 1055 3232 1158 3294; x_wconf 91' lang='lat' dir='ltr'><strong>bimos</strong></span> <span class='ocrx_word' id='word_1_300' title='bbox 1189 3236 1286 3296; x_wconf 72' lang='lat' dir='ltr'><strong>Vll.</strong></span> 
     </span>
     <span class='ocr_line' id='line_1_36' title="bbox 119 3311 1267 3386; baseline 0.007 -16"><span class='ocrx_word' id='word_1_301' title='bbox 119 3313 305 3376; x_wconf 68' lang='lat' dir='ltr'><strong>‚emissarios</strong></span> <span class='ocrx_word' id='word_1_302' title='bbox 320 3313 375 3373; x_wconf 78' lang='lat' dir='ltr'><strong>rel</strong></span> <span class='ocrx_word' id='word_1_303' title='bbox 390 3312 556 3386; x_wconf 84' lang='lat' dir='ltr'><strong>burdones</strong></span> <span class='ocrx_word' id='word_1_304' title='bbox 574 3311 621 3372; x_wconf 93' lang='lat' dir='ltr'><strong>II.</strong></span> <span class='ocrx_word' id='word_1_305' title='bbox 637 3313 736 3373; x_wconf 86' lang='lat' dir='ltr'><strong>hoves</strong></span> <span class='ocrx_word' id='word_1_306' title='bbox 755 3311 882 3376; x_wconf 88' lang='lat' dir='ltr'><strong>Xle.</strong></span> <span class='ocrx_word' id='word_1_307' title='bbox 914 3336 1027 3376; x_wconf 80' lang='lat' dir='ltr'><strong>vacuos</strong></span> <span class='ocrx_word' id='word_1_308' title='bbox 1058 3337 1132 3376; x_wconf 90' lang='lat' dir='ltr'><strong>cum</strong></span> <span class='ocrx_word' id='word_1_309' title='bbox 1153 3317 1267 3378; x_wconf 75' lang='lat' dir='ltr'><strong>vitulis</strong></span> 
     </span>
     <span class='ocr_line' id='line_1_37' title="bbox 123 3389 1266 3478; baseline -0.002 -18"><span class='ocrx_word' id='word_1_310' title='bbox 123 3393 185 3460; x_wconf 91' lang='lat' dir='ltr'><strong>VI.</strong></span> <span class='ocrx_word' id='word_1_311' title='bbox 208 3396 271 3457; x_wconf 91' lang='lat' dir='ltr'><strong>alia</strong></span> <span class='ocrx_word' id='word_1_312' title='bbox 286 3389 435 3455; x_wconf 88' lang='lat' dir='ltr'><strong>animalia</strong></span> <span class='ocrx_word' id='word_1_313' title='bbox 455 3396 495 3457; x_wconf 88' lang='lat' dir='ltr'><strong>V.</strong></span> <span class='ocrx_word' id='word_1_314' title='bbox 512 3407 626 3478; x_wconf 81' lang='lat' dir='ltr'><strong>po&#39;rcos</strong></span> <span class='ocrx_word' id='word_1_315' title='bbox 642 3395 779 3458; x_wconf 86' lang='lat' dir='ltr'><strong>maiores</strong></span> <span class='ocrx_word' id='word_1_316' title='bbox 799 3393 868 3457; x_wconf 88' lang='lat' dir='ltr'><strong>XC.</strong></span> <span class='ocrx_word' id='word_1_317' title='bbox 887 3396 1039 3478; x_wconf 22' lang='lat' dir='ltr'><strong>minores,</strong></span> <span class='ocrx_word' id='word_1_318' title='bbox 1054 3398 1157 3460; x_wconf 88' lang='lat' dir='ltr'><strong>LXX.</strong></span> <span class='ocrx_word' id='word_1_319' title='bbox 1189 3423 1266 3460; x_wconf 54' lang='lat' dir='ltr'><strong>vera</strong></span> 
     </span>
     <span class='ocr_line' id='line_1_38' title="bbox 124 3475 1267 3566; baseline 0.005 -28"><span class='ocrx_word' id='word_1_320' title='bbox 124 3489 315 3542; x_wconf 74' lang='lat' dir='ltr'><strong>recessum</strong></span> <span class='ocrx_word' id='word_1_321' title='bbox 335 3475 425 3560; x_wconf 81' lang='lat' dir='ltr'><strong>agnls</strong></span> <span class='ocrx_word' id='word_1_322' title='bbox 453 3475 516 3538; x_wconf 82' lang='lat' dir='ltr'><strong>CL.</strong></span> <span class='ocrx_word' id='word_1_323' title='bbox 546 3477 718 3539; x_wconf 89' lang='lat' dir='ltr'><strong>anniculos</strong></span> <span class='ocrx_word' id='word_1_324' title='bbox 746 3478 809 3540; x_wconf 82' lang='lat' dir='ltr'><strong>CC.</strong></span> <span class='ocrx_word' id='word_1_325' title='bbox 840 3479 1003 3542; x_wconf 86' lang='lat' dir='ltr'><strong>multones</strong></span> <span class='ocrx_word' id='word_1_326' title='bbox 1032 3476 1125 3544; x_wconf 88' lang='lat' dir='ltr'><strong>VIII.</strong></span> <span class='ocrx_word' id='word_1_327' title='bbox 1157 3501 1267 3566; x_wconf 86' lang='lat' dir='ltr'><strong>capras</strong></span> 
     </span>
     <span class='ocr_line' id='line_1_39' title="bbox 124 3550 1096 3646; baseline 0 -22"><span class='ocrx_word' id='word_1_328' title='bbox 124 3577 201 3624; x_wconf 88' lang='lat' dir='ltr'><strong>cum</strong></span> <span class='ocrx_word' id='word_1_329' title='bbox 219 3561 335 3622; x_wconf 89' lang='lat' dir='ltr'><strong>hoedis</strong></span> <span class='ocrx_word' id='word_1_330' title='bbox 348 3559 428 3646; x_wconf 79' lang='lat' dir='ltr'><strong>XX.</strong></span> <span class='ocrx_word' id='word_1_331' title='bbox 443 3559 615 3620; x_wconf 89' lang='lat' dir='ltr'><strong>anniculos</strong></span> <span class='ocrx_word' id='word_1_332' title='bbox 637 3550 727 3622; x_wconf 85' lang='lat' dir='ltr'><strong>XVI.</strong></span> <span class='ocrx_word' id='word_1_333' title='bbox 747 3561 856 3624; x_wconf 90' lang='lat' dir='ltr'><strong>hircos</strong></span> <span class='ocrx_word' id='word_1_334' title='bbox 874 3563 914 3624; x_wconf 92' lang='lat' dir='ltr'><strong>V.</strong></span> <span class='ocrx_word' id='word_1_335' title='bbox 934 3584 1027 3624; x_wconf 88' lang='lat' dir='ltr'><strong>aucas</strong></span> <span class='ocrx_word' id='word_1_336' title='bbox 1053 3562 1096 3624; x_wconf 76' lang='lat' dir='ltr'><strong>X.</strong></span> 
     </span>
    </p>

    <p class='ocr_par' dir='ltr' id='par_1_6' title="bbox 37 3642 1270 4236">
     <span class='ocr_line' id='line_1_40' title="bbox 207 3642 1269 3740; baseline -0.003 -35"><span class='ocrx_word' id='word_1_337' title='bbox 207 3643 422 3740; x_wconf 85' lang='lat' dir='ltr'><strong>Repperimus</strong></span> <span class='ocrx_word' id='word_1_338' title='bbox 437 3643 472 3702; x_wconf 92' lang='lat' dir='ltr'><strong>in</strong></span> <span class='ocrx_word' id='word_1_339' title='bbox 491 3643 549 3704; x_wconf 94' lang='lat' dir='ltr'><strong>illo</strong></span> <span class='ocrx_word' id='word_1_340' title='bbox 567 3642 644 3704; x_wconf 90' lang='lat' dir='ltr'><strong>fisco</strong></span> <span class='ocrx_word' id='word_1_341' title='bbox 663 3643 838 3722; x_wconf 82' lang='lat' dir='ltr'><strong>dominico,</strong></span> <span class='ocrx_word' id='word_1_342' title='bbox 854 3644 985 3705; x_wconf 92' lang='lat' dir='ltr'><strong>domum</strong></span> <span class='ocrx_word' id='word_1_343' title='bbox 998 3647 1141 3728; x_wconf 76' lang='lat' dir='ltr'><strong>regalem</strong></span> <span class='ocrx_word' id='word_1_344' title='bbox 1156 3665 1196 3706; x_wconf 81' lang='lat' dir='ltr'><strong>ex</strong></span> <span class='ocrx_word' id='word_1_345' title='bbox 1211 3645 1269 3728; x_wconf 82' lang='lat' dir='ltr'><strong>lig-</strong></span> 
     </span>
     <span class='ocr_line' id='line_1_41' title="bbox 122 3726 1269 3799; baseline -0.002 -9"><span class='ocrx_word' id='word_1_346' title='bbox 122 3743 168 3790; x_wconf 83' lang='lat' dir='ltr'><strong>no</strong></span> <span class='ocrx_word' id='word_1_347' title='bbox 199 3726 425 3790; x_wconf 78' lang='lat' dir='ltr'><strong>ordinabiliter</strong></span> <span class='ocrx_word' id='word_1_348' title='bbox 440 3735 846 3799; x_wconf 87' lang='lat' dir='ltr'><strong>constructam‚cameram</strong></span> <span class='ocrx_word' id='word_1_349' title='bbox 866 3727 893 3787; x_wconf 94' lang='lat' dir='ltr'><strong>I.</strong></span> <span class='ocrx_word' id='word_1_350' title='bbox 920 3728 1090 3789; x_wconf 87' lang='lat' dir='ltr'><strong>cellarium</strong></span> <span class='ocrx_word' id='word_1_351' title='bbox 1114 3731 1140 3789; x_wconf 89' lang='lat' dir='ltr'><strong>t.</strong></span> <span class='ocrx_word' id='word_1_352' title='bbox 1167 3727 1269 3788; x_wconf 58' lang='lat' dir='ltr'><strong>stabo*</strong></span> 
     </span>
     <span class='ocr_line' id='line_1_42' title="bbox 121 3808 1267 3894; baseline -0.003 -20"><span class='ocrx_word' id='word_1_353' title='bbox 121 3815 194 3874; x_wconf 90' lang='lat' dir='ltr'><strong>lum</strong></span> <span class='ocrx_word' id='word_1_354' title='bbox 209 3810 235 3871; x_wconf 96' lang='lat' dir='ltr'><strong>I.</strong></span> <span class='ocrx_word' id='word_1_355' title='bbox 255 3810 439 3870; x_wconf 88' lang='lat' dir='ltr'><strong>mansiones</strong></span> <span class='ocrx_word' id='word_1_356' title='bbox 460 3808 523 3872; x_wconf 91' lang='lat' dir='ltr'><strong>III.</strong></span> <span class='ocrx_word' id='word_1_357' title='bbox 555 3809 692 3892; x_wconf 77' lang='lat' dir='ltr'><strong>spicaria</strong></span> <span class='ocrx_word' id='word_1_358' title='bbox 719 3810 763 3871; x_wconf 90' lang='lat' dir='ltr'><strong>Il.</strong></span> <span class='ocrx_word' id='word_1_359' title='bbox 786 3811 960 3893; x_wconf 86' lang='lat' dir='ltr'><strong>coquinam</strong></span> <span class='ocrx_word' id='word_1_360' title='bbox 988 3811 1013 3872; x_wconf 94' lang='lat' dir='ltr'><strong>l.</strong></span> <span class='ocrx_word' id='word_1_361' title='bbox 1041 3811 1216 3894; x_wconf 90' lang='lat' dir='ltr'><strong>pistrinum</strong></span> <span class='ocrx_word' id='word_1_362' title='bbox 1242 3813 1267 3871; x_wconf 93' lang='lat' dir='ltr'><strong>l.</strong></span> 
     </span>
     <span class='ocr_line' id='line_1_43' title="bbox 122 3891 1270 3977; baseline -0.006 -19"><span class='ocrx_word' id='word_1_363' title='bbox 122 3911 233 3958; x_wconf 84' lang='lat' dir='ltr'><strong>scuras</strong></span> <span class='ocrx_word' id='word_1_364' title='bbox 248 3891 311 3954; x_wconf 89' lang='grc' dir='ltr'><strong>ΙΙΙ.</strong></span> <span class='ocrx_word' id='word_1_365' title='bbox 332 3902 458 3957; x_wconf 82' lang='lat' dir='ltr'><strong>curtem</strong></span> <span class='ocrx_word' id='word_1_366' title='bbox 478 3891 604 3952; x_wconf 91' lang='lat' dir='ltr'><strong>tunimo</strong></span> <span class='ocrx_word' id='word_1_367' title='bbox 625 3892 856 3954; x_wconf 86' lang='lat' dir='ltr'><strong>circumdatam</strong></span> <span class='ocrx_word' id='word_1_368' title='bbox 871 3902 902 3954; x_wconf 90' lang='lat' dir='ltr'><strong>et</strong></span> <span class='ocrx_word' id='word_1_369' title='bbox 918 3895 1056 3977; x_wconf 87' lang='lat' dir='ltr'><strong>desuper</strong></span> <span class='ocrx_word' id='word_1_370' title='bbox 1067 3916 1145 3977; x_wconf 68' lang='lat' dir='ltr'><strong>‘sepe</strong></span> <span class='ocrx_word' id='word_1_371' title='bbox 1163 3894 1270 3953; x_wconf 65' lang='lat' dir='ltr'><strong>munia</strong></span> 
     </span>
     <span class='ocr_line' id='line_1_44' title="bbox 121 3971 1268 4060; baseline -0.003 -22"><span class='ocrx_word' id='word_1_372' title='bbox 121 3990 198 4054; x_wconf 79' lang='lat' dir='ltr'><strong>tarn.</strong></span> <span class='ocrx_word' id='word_1_373' title='bbox 240 3977 380 4037; x_wconf 90' lang='lat' dir='ltr'><strong>Hortum</strong></span> <span class='ocrx_word' id='word_1_374' title='bbox 401 3971 520 4036; x_wconf 89' lang='lat' dir='ltr'><strong>diversi</strong></span> <span class='ocrx_word' id='word_1_375' title='bbox 536 3975 665 4057; x_wconf 81' lang='lat' dir='ltr'><strong>generis</strong></span> <span class='ocrx_word' id='word_1_376' title='bbox 688 3976 846 4037; x_wconf 90' lang='lat' dir='ltr'><strong>insertum</strong></span> <span class='ocrx_word' id='word_1_377' title='bbox 868 3977 1049 4053; x_wconf 88' lang='lat' dir='ltr'><strong>arboribus,</strong></span> <span class='ocrx_word' id='word_1_378' title='bbox 1075 3985 1182 4060; x_wconf 91' lang='lat' dir='ltr'><strong>portas</strong></span> <span class='ocrx_word' id='word_1_379' title='bbox 1203 3976 1268 4057; x_wconf 79' lang='lat' dir='ltr'><strong>lig-</strong></span> 
     </span>
     <span class='ocr_line' id='line_1_45' title="bbox 37 4057 1270 4140; baseline -0.002 -19"><span class='ocrx_word' id='word_1_380' title='bbox 37 4071 44 4078; x_wconf 88' lang='lat'><strong><em>‘</em></strong></span> <span class='ocrx_word' id='word_1_381' title='bbox 122 4075 201 4121; x_wconf 87' lang='lat' dir='ltr'><strong>neas</strong></span> <span class='ocrx_word' id='word_1_382' title='bbox 234 4058 283 4121; x_wconf 89' lang='lat' dir='ltr'><strong>ll.</strong></span> <span class='ocrx_word' id='word_1_383' title='bbox 323 4058 457 4122; x_wconf 79' lang='lat' dir='ltr'><strong>VivarIa</strong></span> <span class='ocrx_word' id='word_1_384' title='bbox 489 4079 565 4118; x_wconf 88' lang='lat' dir='ltr'><strong>cum</strong></span> <span class='ocrx_word' id='word_1_385' title='bbox 583 4057 805 4140; x_wconf 86' lang='lat' dir='ltr'><strong>piscibuslll.</strong></span> <span class='ocrx_word' id='word_1_386' title='bbox 849 4059 1024 4120; x_wconf 81' lang='lat' dir='ltr'><strong>Utensilia:</strong></span> <span class='ocrx_word' id='word_1_387' title='bbox 1045 4081 1270 4122; x_wconf 60' lang='lat' dir='ltr'><strong>concasacrea</strong></span> 
     </span>
     <span class='ocr_line' id='line_1_46' title="bbox 122 4139 1268 4236; baseline -0.002 -32"><span class='ocrx_word' id='word_1_388' title='bbox 122 4167 158 4204; x_wconf 88' lang='lat' dir='ltr'><strong>as</strong></span> <span class='ocrx_word' id='word_1_389' title='bbox 175 4141 222 4204; x_wconf 94' lang='lat' dir='ltr'><strong>ll.</strong></span> <span class='ocrx_word' id='word_1_390' title='bbox 244 4142 414 4236; x_wconf 77' lang='lat' dir='ltr'><strong>poculares</strong></span> <span class='ocrx_word' id='word_1_391' title='bbox 433 4161 543 4203; x_wconf 87' lang='lat' dir='ltr'><strong>aereos</strong></span> <span class='ocrx_word' id='word_1_392' title='bbox 564 4139 609 4206; x_wconf 84' lang='lat' dir='ltr'><strong>II.</strong></span> <span class='ocrx_word' id='word_1_393' title='bbox 625 4141 813 4204; x_wconf 84' lang='lat' dir='ltr'><strong>cramalium</strong></span> <span class='ocrx_word' id='word_1_394' title='bbox 831 4141 858 4205; x_wconf 75' lang='grc' dir='ltr'><strong>Ι.</strong></span> <span class='ocrx_word' id='word_1_395' title='bbox 881 4143 1039 4205; x_wconf 83' lang='lat' dir='ltr'><strong>andedam</strong></span> <span class='ocrx_word' id='word_1_396' title='bbox 1063 4143 1089 4206; x_wconf 95' lang='lat' dir='ltr'><strong>l.</strong></span> <span class='ocrx_word' id='word_1_397' title='bbox 1116 4144 1268 4227; x_wconf 73' lang='lat' dir='ltr'><strong>patellana</strong></span> 
     </span>
    </p>
   </div>
   <div class='ocr_carea' id='block_1_3' title="bbox 159 4273 1070 4380">
    <p class='ocr_par' dir='ltr' id='par_1_7' title="bbox 159 4273 1070 4380">
     <span class='ocr_line' id='line_1_47' title="bbox 159 4273 1070 4380; baseline -0.001 -29"><span class='ocrx_word' id='word_1_398' title='bbox 159 4306 196 4369; x_wconf 81' lang='lat' dir='ltr'><strong>q)</strong></span> <span class='ocrx_word' id='word_1_399' title='bbox 214 4318 259 4352; x_wconf 84' lang='lat' dir='ltr'><strong>nu.</strong></span> <span class='ocrx_word' id='word_1_400' title='bbox 278 4295 411 4368; x_wconf 82' lang='lat' dir='ltr'><strong>peledros.</strong></span> <span class='ocrx_word' id='word_1_401' title='bbox 761 4305 790 4363; x_wconf 87' lang='lat' dir='ltr'><strong>r)</strong></span> <span class='ocrx_word' id='word_1_402' title='bbox 809 4315 854 4350; x_wconf 80' lang='lat' dir='ltr'><strong>ms.</strong></span> <span class='ocrx_word' id='word_1_403' title='bbox 874 4297 970 4380; x_wconf 37' lang='lat' dir='ltr'><strong>duest(</strong></span> <span class='ocrx_word' id='word_1_404' title='bbox 1068 4273 1070 4276; x_wconf 21' lang='grc' dir='ltr'>Ι</span> 
     </span>
    </p>
   </div>
   <div class='ocr_carea' id='block_1_4' title="bbox 0 0 1487 4986">
    <p class='ocr_par' dir='ltr' id='par_1_8' title="bbox 0 0 1487 4986">
     <span class='ocr_line' id='line_1_48' title="bbox 0 0 1487 4986; baseline 0 0"><span class='ocrx_word' id='word_1_405' title='bbox 0 0 1487 4986; x_wconf 95' lang='lat' dir='ltr'><strong> </strong></span> 
     </span>
    </p>
   </div>
  </div>
 </body>
</html>
