2920 4972
178 398 182 408 ·
266 375 300 430 a.
321 373 408 432 cua
461 439 464 448 ,
513 371 662 430 aeonu-
686 367 917 427 ruaacoaou
1019 369 1078 426 aas.
1210 348 1250 421 tl

139 515 169 578 in
188 513 275 578 aliam
295 523 466 576 centenam
483 511 613 576 minime
630 511 797 600 expellere
821 509 984 594 potuerit,
1017 517 1072 569 aut
1091 509 1259 572 convictus

139 598 243 660 reddat
263 595 442 676 latronem,
465 605 519 660 aut
543 595 679 680 capitale
698 595 738 656 de
761 592 922 677 praesenti
946 592 1109 671 restituat,
1131 603 1258 656 etcum

139 677 299 748 duodecim
317 677 466 764 personis
485 700 518 740 se
535 699 575 742 ex
591 677 654 740 hoc
674 685 871 740 sacramento
887 685 993 737 exuat.

142 817 150 830 .
213 761 304 826 Xlll.
347 761 381 824 Si
390 760 700 828 ser'riEcclesiarum
710 769 763 820 aut
774 759 912 820 fiscalini
924 761 1048 820 furtum
1059 756 1258 838 admiserint,

137 843 262 910 similem
270 844 605 926 poenamsustineant,
617 843 699 904 sicut
708 841 949 926 etreliquorum
957 841 1040 902 servi
1051 842 1261 908 Francorum,

208 927 298 994 xlv.
340 929 390 992 De
415 928 468 990 die
490 925 653 988 dominico
671 924 824 988 similiter
843 925 967 1008 placuit
985 923 1156 984 observare
1182 935 1217 984 ut
1234 926 1261 987 si

133 1011 332 1094 quiscunque
362 1011 541 1094 ingenuus,
570 1017 707 1091 excepto
729 1009 817 1090 quod
841 1007 880 1068 ad
905 1007 1113 1088 coquendum
1142 1009 1195 1070 rel
1221 1009 1262 1070 ad

131 1093 390 1156 manducandum
398 1091 553 1178 pertinet,
569 1091 738 1174 operaalia
755 1091 788 1152 in
806 1091 858 1152 die
877 1089 1040 1152 dominico
1050 1090 1157 1152 lacere
1171 1112 1262 1174 prac-

130 1175 310 1259 sumpserit,
333 1177 361 1240 si
381 1175 507 1242 Selinus
533 1173 644 1252 suerit,
666 1174 785 1236 solidos
808 1173 996 1256 quindecim
1022 1184 1211 1256 componam
1233 1174 1259 1234 si

129 1259 284 1334 Romanus
300 1269 426 1342 septem
450 1267 482 1321 et
499 1256 678 1323 dimidium.
720 1258 839 1320 Servus
868 1278 945 1316 vero
971 1263 1025 1318 aut
1051 1263 1116 1318 tres
1141 1257 1260 1320 solidos

129 1342 248 1416 reddat,
263 1351 319 1405 aut
341 1343 380 1408 de
402 1341 497 1404 dorso
510 1362 569 1404 suo
588 1349 770 1424 componat.
810 1338 1015 1424 Asclipiodus
1036 1343 1229 1418 recognovit.

205 1425 280 1500 XV.
321 1426 372 1490 Du
394 1421 642 1488 chrenechruda
673 1423 745 1500 lex,
772 1443 869 1506 quam
894 1441 1091 1506 paganorum
1116 1431 1262 1507 tempore

129 1505 354 1583 observabant,
372 1503 526 1592 deinceps
547 1526 716 1592 nunquam
732 1505 854 1584 ualeat,
882 1505 958 1589 quia
972 1525 1032 1590 per
1051 1501 1152 1588 ipsam
1173 1506 1243 1570 ceci

128 1589 174 1653 dit
186 1590 365 1654 multorum
381 1598 519 1687 potestas
535 1594 584 1674 u).

205 1675 325 1738 Datum
340 1672 447 1758 pridie
469 1673 538 1736 Cal.
561 1673 653 1738 Mssrt.
675 1692 761 1758 auno
777 1669 847 1738 XX.
870 1677 897 1750 o)
918 1668 1012 1756 regui
1032 1669 1165 1734 Domini
1187 1694 1260 1738 nos-

128 1755 167 1818 tri
184 1757 323 1820 Colonia
342 1755 492 1820 feliciter.
533 1753 648 1822 Amen.

216 1905 502 1974 DECRETIO
546 1904 858 1970 CHLOTARH
900 1905 950 1968 ll.
993 1905 1163 1974 REGtS.

331 2014 426 2086 Dete
452 2016 549 2086 circe
568 2038 704 2085 annum
725 2015 863 2088 Christi
888 2013 1047 2088 Dxcv.

205 2181 229 2240 l.
245 2119 445 2244 Decretum
463 2188 511 2244 est
527 2188 563 2242 ut
575 2179 652 2262 qaia
670 2179 704 2240 in
727 2178 854 2262 vigilias
874 2178 1062 2243 constitutas
1088 2189 1264 2244 nocturnos

129 2263 214 2331 iures
232 2272 481 2348 concuperent,
505 2262 646 2346 eoquod
662 2283 723 2343 per
741 2261 882 2324 diversas
905 2261 1128 2326 intercedente
1151 2264 1264 2325 conlu-

133 2344 185 2408 dio
208 2345 338 2408 scelera
350 2345 575 2430 praetermissa
597 2345 757 2408 custodias
777 2355 986 2426 exercerent,
1009 2357 1162 2408 centenas
1182 2346 1263 2410 lieri.

127 2427 163 2486 ln
184 2449 248 2510 qua
269 2437 410 2492 centena
424 2427 525 2509 siquis
543 2427 667 2510 aliquid
692 2427 884 2510 deperierit,
913 2430 1049 2512 capitale
1073 2429 1130 2513 qui
1151 2430 1263 2515 perdi-

133 2508 219 2572 derat
231 2511 435 2594 recipiat,“et
452 2511 533 2572 latro
549 2511 747 2594 insequatur.
790 2511 852 2576 Vel
874 2511 901 2572 si
921 2512 954 2570 in
977 2512 1109 2575 alterius
1125 2522 1263 2577 centena

131 2602 291 2676 appareat,
311 2603 343 2655 et
357 2592 463 2656 adhuc
479 2593 632 2656 admoniti
647 2594 673 2654 si
690 2592 905 2674 neglexerint,
913 2594 1023 2675 quinis
1034 2596 1093 2664 sol.
1108 2597 1263 2658 condem-

131 2684 260 2738 nentur.
305 2677 450 2759 Capitale
467 2687 572 2738 tamen
601 2676 656 2759 qui
676 2675 871 2761 perdiderat,
893 2699 911 2736 a
929 2688 1066 2740 centena
1094 2680 1152 2740 illa
1176 2679 1263 2739 acci-

129 2755 193 2840 piat
212 2756 336 2842 absque
353 2757 464 2838 dubio,
487 2757 551 2822 hoc
570 2769 628 2838 est,
652 2759 691 2820 de
708 2759 850 2820 secunda
866 2759 920 2824 vel
936 2762 1032 2822 tertia
1053 2761 1209 2824 custodia.

209 2838 260 2905 ll.
302 2841 337 2904 Si
350 2842 502 2924 vestigius
521 2841 748 2923 comprobatur
774 2841 927 2920 latronis,
954 2852 1061 2906 tamen
1081 2842 1262 2926 praesentia
1322 2917 1324 2922 Ι

132 2921 212 2982 nihil
225 2923 325 3006 longe
338 2926 504 2990 multando
521 2932 632 2998 wJaut
649 2924 676 2988 ei
687 2945 884 3006 persequens
899 2925 1058 2987 latronem
1072 2921 1264 2988 suum'com-

129 3005 353 3090 prehenderit,
377 3007 535 3090 integram
549 3005 610 3068 sibi
632 3007 896 3090 compositionem
912 3009 1058 3089 accipiat.

210 3087 275 3154 lll.
317 3090 412 3169 Quod
425 3091 497 3152 siin
516 3098 618 3152 truste
639 3089 1041 3165 invenitur,medietutcm
1055 3089 1262 3176 compositio-

132 3171 182 3233 nis
199 3172 311 3236 uastis
327 3173 487 3256 adquirat,
510 3181 542 3236 ct
557 3171 689 3254 capitale
709 3171 845 3254 exigata
866 3172 1003 3236 latrone.

211 3251 273 3315 lV.
315 3256 350 3317 si
371 3255 444 3338 quis
467 3255 500 3316 in
519 3255 613 3318 domo
630 3253 772 3331 alterius,
795 3253 852 3314 ubi
872 3255 972 3322 clavis
992 3265 1041 3320 est
1062 3257 1186 3322 furtum
1208 3258 1261 3319 in-

132 3335 271 3416 venerit,
290 3337 440 3400 domiuus
459 3338 572 3400 domus
597 3337 636 3400 de
654 3337 717 3400 vita
738 3348 917 3420 componat.

212 3417 256 3480 V.
297 3421 332 3484 Si
349 3420 422 3502 quis
442 3443 514 3482 cum
529 3423 616 3480 furto
637 3420 782 3502 capitur,
804 3421 984 3484 antedictae
1004 3422 1168 3488 subiaceat
1187 3424 1262 3508 legi.

211 3500 272 3565 Vl.
314 3504 404 3564 Side
421 3503 604 3586 suspicione
622 3503 828 3584 inculpatur,
850 3503 891 3563 ad
905 3513 1024 3567 sortem
1037 3506 1157 3572 veniat.

213 3582 292 3650 VlI.
320 3586 369 3646 'Si
385 3587 467 3648 mala
493 3594 586 3650 sorte
597 3585 745 3669 priserit,
771 3583 854 3647 latro
878 3593 1005 3665 tamen,
1035 3589 1075 3650 ad
1094 3597 1262 3670 utramque

132 3675 257 3752 partem
276 3667 342 3740 siut
357 3677 465 3732 ternas
482 3690 635 3751 personas
659 3670 790 3746 electas,
808 3689 849 3730 ne
868 3670 1042 3732 conludius
1062 3671 1134 3732 lieri
1153 3671 1262 3754 possit.

214 3749 308 3815 Vlll.
349 3750 398 3812 De
420 3752 521 3813 servis
534 3751 711 3829 Ecclesiae,
728 3760 785 3811 aut
797 3750 876 3828 fisci,
899 3752 953 3814 vel
971 3753 1166 3832 cuiuslibet,
1186 3754 1262 3834 qui-

134 3853 263 3916 cunque
282 3832 480 3915 inculpatur,
503 3834 543 3894 ad
560 3844 679 3896 sortem
694 3833 814 3913 veniat,
836 3835 946 3894 autad
966 3834 1112 3917 plebium
1131 3857 1262 3918 promo-

134 3925 256 3989 veatur,
279 3922 335 3975 aut
352 3915 420 3996 ipse
439 3917 568 3999 precius
596 3939 614 3978 a
638 3915 769 3980 domino
792 3918 996 3980 reformetur.
1037 3917 1117 3980 Nam
1136 3918 1263 4002 probati

132 3998 278 4078 periculo
291 3997 512 4066 subiacebunt.

140 4106 422 4121 mnu—nnu-

169 4133 201 4200 u)
220 4129 310 4198 Caput
335 4128 408 4210 istud
434 4103 563 4212 deest'in
589 4131 674 4182 omni·
809 4129 940 4194 cacteris,
974 4150 1045 4204 quac
1063 4150 1097 4186 ox
1121 4148 1154 4186 ea
1191 4125 1284 4186 emm

218 4199 672 4334 ii⁸uiini¹iri¹ziuiidiiiiiuiiii
758 4271 793 4337 v)
806 4209 927 4324 lilii.
948 4271 1154 4342 xx1;xx11;
1175 4272 1263 4328 xxo.

217 4355 280 4394 men
298 4340 327 4394 iu
344 4339 463 4394 editione
474 4341 582 4396 Tilianu
601 4351 629 4396 ct
644 4341 674 4395 in
761 4345 801 4412 w)
820 4343 854 4396 al.
874 4360 921 4396 ms.
941 4341 1097 4397 militando.
