2958 4986
200 281 272 354 112
428 297 572 354 acan.
680 295 938 360 caerretanus
1043 297 1106 362 ιιι.

321 431 371 500 De
391 439 669 523 compositionibus
689 460 769 525 qnae
798 439 844 501 nd
870 440 1025 527 palatium
1043 442 1213 526 perti.nent

280 548 320 612 V.
362 549 411 608 De
437 545 726 630 compositionibus
748 569 831 650 quae
861 547 901 608 ad
923 546 1079 629 palatium
1099 547 1276 643 pertinent,
1311 548 1343 610 si

197 629 367 695 Comites
359 651 440 712 ipsas
457 651 568 692 causas
589 632 824 692 commover'int
838 631 878 691 ad
893 629 1139 710 requirendum,
1166 630 1256 692 illam
1273 641 1347 694 ter·

196 715 274 778 tiam
272 722 417 812 partem
437 712 478 773 ad
496 734 610 774 eorum
630 713 791 810 recipiant
812 735 903 807 opus,
923 713 1001 774 duas
1017 734 1096 774 vero
1113 713 1154 774 ad
1168 713 1343 796 palatium.

196 797 279 862 Et
254 821 281 860 ιι
295 817 355 880 per
372 819 461 857 suam
477 796 717 892 negligentiam
723 796 949 872 remanserint,
968 804 1001 855 et
1016 795 1131 856 Missus
1152 796 1342 859 dominicus

196 883 207 943 i
232 905 281 944 sas
297 901 406 941 causas
428 879 572 962 coeperit
591 879 771 962 inquirere,
791 875 871 940 t'unc
899 841 1048 940 volumus
1069 886 1106 938 ut
1129 877 1196 960 ipse
1218 881 1342 942 Comes
1370 901 1374 908 ·

199 963 285 1028 lam
302 963 429 1026 tertiam
447 971 571 1046 partem
588 983 654 1025 non
671 961 798 1042 habeat,
820 963 878 1026 sed
891 982 966 1022 cum
983 960 1168 1044 integritate
1186 961 1226 1022 ad
1247 964 1342 1048 pala-

197 1049 283 1111 tium
299 1046 420 1112 veniat.

382 1129 431 1188 De
447 1127 653 1190 Monosteriis
672 1139 703 1188 et
722 1125 936 1188 Xenodoclaiis
958 1127 1126 1206 regalibus.

258 1235 316 1300 VI.
336 1235 386 1296 De
404 1232 609 1296 Monasteriis
625 1243 658 1294 et
671 1233 892 1296 Xenodochiis
906 1243 937 1308 e)
953 1253 1036 1328 qnae
1050 1254 1111 1316 per
1125 1233 1268 1298 diversos
1280 1255 1341 1296 co-

197 1319 327 1388 mitatus
348 1337 415 1378 esse
434 1317 597 1393 videntur,
619 1317 890 1400 utregaliasint3
912 1316 1154 1400 etquicunque
1174 1337 1213 1380 ca
1231 1317 1339 1380 hahe-

195 1417 232 1466 rc
249 1399 402 1478 voluerit,
422 1421 481 1483 per
498 1399 693 1462 beneficium
702 1399 821 1468 Domni
834 1399 929 1482 Regis
945 1398 1070 1460 habeat.

586 1515 635 1578 De
657 1516 749 1577 rebns
761 1513 927 1596 forfactis.

279 1623 352 1687 v11.
392 1624 441 1684 De
456 1622 553 1685 rebus
573 1621 717 1684 forfactis
733 1643 794 1705 per
818 1623 962 1686 diversos
981 1619 1162 1701 comitatus,
1182 1619 1336 1684 volumno

198 1706 289 1768 atad
305 1705 461 1792 palatium
481 1705 675 1788 pertineant.

382 1822 431 1884 De
453 1843 488 1884 eo
507 1823 594 1882 cuins
618 1842 668 1882 res
683 1822 716 1880 in
738 1820 937 1898 eleemosyna
956 1819 1049 1881 datae
1065 1835 1146 1883 sant.

280 1928 369 1991 VIII.
410 1927 444 1990 Si
464 1925 690 2010 cuiuscunque
708 1949 778 1990 res
774 1929 818 1988 in
840 1929 1045 2011 eleemosyna
1069 1929 1161 1994 datae
1186 1939 1272 2009 sunt,
1299 1937 1338 1990 et

197 2011 275 2107 ipse
284 2020 429 2076 mortuus
452 2013 553 2074 fuerit
585 2012 759 2094 antequam
783 2033 835 2072 eas
853 2011 1028 2107 dispenset,
1045 2020 1125 2074 tuno
1145 2012 1260 2076 Missus
1278 2012 1338 2073 do-

196 2094 336 2156 minione
353 2095 418 2156 und
435 2116 509 2158 cum
520 2095 688 2190 Episcopo
707 2093 904 2189 parochiae
896 2095 996 2176 ipsius
1016 2096 1200 2156 consideret
1223 2095 1336 2190 qnali-

195 2187 247 2238 ter
268 2177 302 2238 in
315 2177 434 2238 Domni
447 2177 544 2260 Regis
563 2176 740 2238 mercede
731 2200 798 2260 rpsa
819 2177 1024 2260 eleemosyna
1040 2177 1096 2239 liat
1114 2179 1210 2257 facta,
1229 2187 1260 2240 et
1277 2177 1334 2238 in

196 2261 245 2320 ira
268 2259 400 2342 triginta
419 2269 530 2322 noctes
549 2259 680 2343 impleta
700 2281 767 2320 esse
784 2258 909 2322 debeat.

238 2367 330 2430 De'
318 2387 386 2426 aare
402 2363 534 2450 fili'ne
521 2390 555 2430 ιιι
579 2389 629 2430 res
654 2387 818 2426 servornm
839 2386 917 2448 qnos
940 2380 1033 2452 pater
1049 2365 1134 2448 ficit
1163 2321 1289 2428 lideros.

279 2473 333 2532 IX.
376 2474 424 2536 De
442 2473 506 2534 filia
522 2474 614 2536 cuius
627 2484 719 2558 pater
734 2496 792 2557 per
805 2495 937 2534 manum
953 2473 1128 2554 erogatoris
1143 2495 1253 2534 omnes
1266 2495 1334 2534 ser·

196 2576 254 2618 ros
276 2576 351 2616 suos
372 2554 463 2618 iussit
483 2557 553 2616 fieri
574 2557 704 2635 liberos,
726 2558 802 2639 quia
820 2567 932 2618 contra
957 2558 1064 2638 legem
1092 2577 1160 2618 esse
1188 2555 1332 2634 videtur,

196 2637 394 2698 instituimus
409 2638 521 2719 ιιιιὸιΓ
513 2661 580 2722 apsa
607 2639 703 2706 filia
695 2663 728 2700 ιιι
752 2640 878 2701 tertiam
902 2639 1088 2735 portionem
1120 2637 1161 2700 dc
1180 2639 1333 2723 praelatis

196 2720 293 2784 rebus
310 2721 430 2782 iterum
444 2721 479 2780 in
500 2743 610 2784 servos
628 2745 703 2784 suos
721 2722 857 2784 introire
876 2721 985 2806 possit.

406 2837 456 2898 De
475 2840 661 2901 aatctoritate
683 2841 784 2920 legam
801 2853 832 2900 ct
849 2839 1119 2900 consuetudinum.

278 2945 318 3006 X.
339 2944 498 3007 Placuit
489 2965 633 3010 inserere
648 2955 684 3006 ut
699 2945 755 3006 ubi
769 2946 823 3006 lex
842 2948 914 3022 enit,
930 2948 1108 3029 praecellat
1119 2906 1332 3038 consuctudi-

94 3085 99 3095 ‚
198 3026 245 3106 ni,
261 3038 292 3088 et
311 3029 402 3090 nulla
415 3029 616 3095 consuetudo
632 3038 871 3112 superponatur
892 3029 968 3111 legi

360 3145 409 3206 De
427 3157 583 3240 potestate
602 3143 766 3205 vendendi
787 3157 817 3205 et
830 3144 1003 3206 donandi
990 3168 1023 3206 ιιι
1030 3145 1167 3228 senuna

279 3229 335 3290 xl.
377 3228 506 3292 Placuit
524 3228 620 3290 etiam
633 3227 725 3287 nohis
745 3227 782 3291 ut
805 3249 1020 3310 quaecunque
1041 3229 1166 3303 femina
1172 3233 1331 3309 potesta·

197 3321 262 3372 tem
278 3311 375 3370 hahet
389 3333 448 3394 per
468 3319 681 3374 commeatum
695 3309 758 3373 viri
779 3313 831 3372 sui
855 3332 906 3376 rea
932 3333 1003 3372 suas
1029 3292 1183 3388 vendere}
1215 3307 1332 3368 habeat

197 3403 389 3476 potestatem
404 3403 437 3455 et
454 3395 585 3466 donare,

436 3477 486 3536 De
501 3478 668 3560 mancipiis
683 3475 799 3561 palatii
814 3489 845 3536 et
865 3477 1091 3538 Ecclesinrnm.

209 3625 211 3630 ·
278 3584 349 3646 XII.
391 3583 749 3666 Demancipiispalatii
776 3585 876 3645 nostri
901 3593 933 3646 et
956 3583 1176 3645 Ecclesiarum
1203 3587 1331 3640 nostra
1337 3631 1339 3635 .

198 3687 271 3728 rum
294 3667 446 3735 nolumus
467 3667 637 3736 mundium
665 3667 824 3750 recipere,
848 3667 942 3730 sed
934 3689 1002 3766 lpsa
1029 3674 1139 3727 nostra
1169 3661 1332 3747 mancipia

198 3748 328 3810 habere.

277 3833 356 3894 Del
343 3827 451 3896 liberis
473 3833 648 3893 hominibus
666 3831 712 3893 nd
727 3833 826 3892 seruit
826 3835 858 3892 ia
878 3853 974 3917 opera
990 3853 1053 3892 non
1072 3828 1231 3910 cogendis.

279 3939 367 4000 XIII.
408 3937 535 4000 Placuit
556 3938 649 3999 nohis
665 3949 701 3998 ut
719 3939 791 3999 illos
814 3939 933 3998 liberos
953 3919 1100 3998 homines
1118 3935 1274 3998 Comites
1276 3957 1333 3996 no-

198 4022 255 4082 stri
271 4022 311 4082 ad
330 4043 442 4082 eorum
463 4023 543 4102 opus
568 4019 686 4082 servile
709 4043 774 4082 non
791 4021 982 4104 opprimant
961 4022 1046 4081 tEt
1060 4021 1249 4103 quicunque
1267 4019 1332 4080 hoc

198 4104 324 4181 fecerit,
344 4102 523 4164 secundnm
536 4103 625 4183 quod
639 4103 760 4166 iudicat
748 4114 815 4166 tum
835 4098 989 4166 hahemus
1007 4104 1167 4168 emendet.

234 4276 263 4332 e)
282 4269 314 4320 al.
334 4287 380 4321 ιιιι.
397 4267 576 4323 sinodochiis.
