2952 4988
236 307 312 386 214
453 327 509 392 ,ιι
528 321 617 384 car.
725 323 983 385 carnotinus
1089 329 1151 388 sos.

237 475 434 534 accusatore.
474 465 518 532 Et
539 466 674 530 omuino
696 465 818 546 nullus,
839 466 902 528 uisi
928 465 1072 546 ieiunus,
1099 467 1139 530 ad
1160 467 1372 530 iuramentum

236 551 355 619 velud
380 549 601 614 testimonium
618 547 813 611 admittatur.
854 549 897 611 Et
926 549 983 611 ille
1007 551 1064 634 qui
1092 551 1133 612 ad
1155 551 1373 613 testimouium

237 633 425 712 adducitur,
455 633 482 696 si
511 633 684 710 refutatur,
713 631 800 696 dicat
831 631 889 693 ille
936 633 968 694 ni
995 655 1071 696 eum
1103 633 1227 696 refutat
1250 643 1284 694 et
1304 657 1373 718 pro-

235 717 294 782 bet
314 737 416 800 quere
437 713 534 778 illum
548 714 695 798 recipere
712 714 825 776 nollet.
866 713 911 778 Et
946 715 1049 798 eipso
1064 737 1159 802 pago,
1180 738 1250 777 non
1275 717 1316 778 de
1337 717 1374 779 al·

237 809 321 879 tero,
339 807 437 862 testes
460 799 504 860 eli
528 806 635 876 antur,
650 796 712 858 nisi
729 797 813 858 sorte
829 795 960 880 longius
975 807 1067 859 extra
1087 799 1291 860 Comitatum
1312 821 1374 860 eau-

236 905 271 948 sa
297 881 339 946 sit
353 819 559 962 inquirenda.
579 881 623 942 Et
639 879 666 944 si
681 879 756 962 quis
770 885 937 942 coartatus
953 879 1054 942 fuerit
1074 881 1226 966 periurii,
1246 903 1373 942 manum

141 983 146 996 ·
236 965 352 1052 perdat
366 973 422 1024 aut
435 963 581 1026 redimat.
1198 967 1203 978 '

319 1045 394 1108 XII.
434 1047 484 1108 De
503 1043 689 1120 Advocatis,
708 1041 744 1105 id
764 1051 823 1124 est,
840 1051 877 1106 ut
889 1043 979 1130 pravi
996 1043 1164 1124 Advocati,
1184 1045 1374 1110 vicedomi-

238 1129 286 1208 ni,
305 1127 441 1208 vicarii,
464 1136 496 1190 et
513 1125 701 1191 Centenarii
724 1126 895 1205 tollantur,
917 1137 951 1189 et
974 1128 1056 1191 tales
1075 1129 1375 1212 eliganturquales

236 1211 342 1276 sciant
361 1219 396 1274 et
417 1210 523 1273 velint
538 1211 623 1274 iuste
643 1231 752 1271 causas
769 1209 953 1272 discernere
975 1219 1008 1272 et
1029 1211 1260 1274 determinare.
1291 1212 1376 1275 Etsi

238 1297 354 1358 Comes
400 1313 495 1356 rarus
514 1294 666 1356 iuventus
687 1291 798 1370 fuerit,
823 1291 917 1354 nobis
936 1293 1116 1356 nuntietur.

320 1315 411 1439 x1ll.
452 1377 502 1440 De
523 1375 733 1459 oppressione
749 1396 928 1460 pauperum
953 1376 1134 1438 liberorum
1152 1377 1314 1456 omnium,
1342 1386 1377 1438 ut

220 1479 306 1522 ·uon
326 1459 448 1520 saciant
462 1459 480 1520 d
492 1457 729 1542 potentioribus
745 1479 805 1540 per
817 1457 950 1540 aliquod
967 1460 1089 1520 malum
1110 1459 1283 1541 ingenium
1304 1482 1378 1522 con·

237 1551 289 1603 tra
313 1540 469 1602 iustitiam
488 1541 645 1684 oppressI,
672 1539 717 1600 ita
736 1549 773 1600 ut
792 1541 919 1684 peracti
940 1561 993 1603 res
1016 1561 1130 1602 eorum
1151 1544 1300 1628 vendant
1321 1551 1377 1603 aut

238 1621 378 1686 trudant.
419 1623 499 1686 Ideo
552 1645 608 1686 aec
626 1643 723 1706 supra
740 1631 773 1685 et
819 1621 848 1682 ic
878 1623 918 1684 de
940 1623 1052 1686 liberis
1071 1623 1259 1686 hominibus
1288 1625 1377 1686 dixi-

239 1727 374 1768 suusne
397 1705 481 1768 forte
509 1715 659 1790 parentes
682 1714 794 1766 contra
820 1704 976 1768 iustitiam
998 1705 1119 1768 faciant
1147 1707 1378 1784 exhereditati,

239 1797 274 1852 et
289 1787 399 1872 regale
420 1789 613 1872 obsequium
630 1787 808 1866 minuatur,
829 1796 861 1848 et
876 1786 937 1871 ipsi
960 1789 1099 1850 heredes
1126 1799 1260 1872 propter
1288 1789 1379 1849 indi·

262 1871 382 1932 eutiam
407 1871 579 1934 mendaces
601 1870 655 1934 vel
679 1869 820 1932 latrones
844 1892 902 1932 seu
936 1872 1159 1933 malefactores
1184 1872 1378 1934 efficiantur.

238 1891 282 2016 lt
303 1963 340 2016 ut
355 1954 481 2036 saepius
497 1975 563 2017 noo
580 1954 659 2016 liant
677 1953 833 2024 manaim
856 1951 920 2018 nisi
936 1953 1021 2016 sieut
1040 1953 1076 2015 iu
1096 1953 1161 2016 alio
1187 1954 1378 2038 capitulare
1457 1959 1458 1996 I

238 2037 466 2120 praecipimus,
487 2039 530 2099 ita
546 2045 702 2100 serretur.
1454 2024 1459 2098 l

321 2119 411 2182 XIV.
451 2121 576 2183 Census
589 2118 707 2204 regalis
722 2117 943 2216 undecunque
961 2115 1107 2204 legitime
1124 2117 1264 2194 exiebat,
1279 2118 1381 2180 volu·
1460 2151 1461 2190 ι

239 2223 311 2346 inps
328 2211 364 2264 ut
380 2200 462 2290 iude·
475 2203 630 2282 solvatur,
644 2201 714 2266 sivo
729 2202 771 2265 de
783 2223 916 2288 propria
931 2223 1072 2291 persona
1084 2199 1317 2280 bominiqsire
1336 2201 1378 2262 de

238 2305 274 2348 re
298 2305 345 2348 us.
1455 2296 1459 2325 ¹

320 2367 393 2431 XV.
433 2369 483 2432 De
510 2361 702 2446 latronibus,
724 2365 810 2430 sicut
829 2365 893 2428 iam
918 2365 1072 2432 untedio
1095 2365 1160 2429 olio
1186 2364 1376 2451 capitulare
1455 2330 1465 2509 q

220 2479 224 2487 ·
240 2449 545 2528 commendavimus,
561 2450 605 2511 ita
622 2457 759 2512 maneat.

322 2531 412 2597 XVI.
452 2535 501 2595 De
518 2532 631 2595 liberis
653 2531 841 2594 bominibus
861 2529 919 2614 qni
938 2553 1056 2595 uxores
1077 2531 1248 2610 fiscalinas,
1270 2539 1303 2593 et
1321 2531 1376 2592 se-

239 2613 342 2676 minas
374 2614 492 2678 liberas
519 2637 603 2698 quac
626 2613 776 2677 homiues
805 2615 966 2677 fiscalinos
990 2615 1108 2698 regios'
1127 2614 1311 2698 accipiunt,
1338 2622 1376 2674 ut

239 2717 305 2758 nou
320 2698 360 2758 de
383 2697 576 2776 hereditate,
596 2699 649 2760 vel
666 2697 706 2760 de
727 2719 821 2760 causa
837 2719 894 2760 sua
904 2699 1103 2792 quaerenda,
1125 2717 1188 2758 nec
1216 2697 1256 2757 de
1284 2695 1375 2758 testi-

238 2780 348 2841 monio
364 2801 425 2862 pro
444 2779 505 2842 hae
522 2801 557 2842 re
570 2779 767 2851 abiciantur;
788 2777 845 2842 sed
865 2778 938 2841 talis
961 2780 1059 2842 etiam
1088 2779 1182 2841 totas
1208 2775 1316 2840 bonor
1337 2778 1373 2838 in

237 2860 298 2922 hac
316 2883 409 2923 eausa
429 2872 578 2926 servetur
597 2862 703 2944 qualis
720 2871 753 2924 et
770 2862 1026 2925 antecessoribus
1041 2862 1157 2926 uostris
1166 2861 1308 2947 Regibus
1320 2861 1377 2925 vel

238 2943 488 3028 Imperatoribus
501 2953 663 3009 serratum
681 2965 750 3008 esse
767 2943 988 3030 cognovimus.

504 3109 751 3174 clamosum
792 3109 1101 3190 ιΜΡιιιιιΤοιιιε,

236 3219 300 3290 De
324 3217 466 3290 bonore
490 3219 770 3316 Episcoporum
794 3231 829 3290 et
862 3220 1090 3315 reliquorum
1114 3215 1375 3292 Sacerdotula.

237 3356 375 3426 Datum
399 3351 440 3423 in
465 3353 594 3424 eodem
619 3353 704 3422 Ioco
729 3355 766 3424 in
792 3377 866 3446 quo
891 3353 1029 3424 sancita
1063 3365 1149 3424 sunt
1180 3355 1377 3446 superiora

271 3503 279 3518 .
370 3451 555 3548 Capitale,
581 3453 714 3540 idest,
742 3452 838 3547 apud
863 3451 1078 3524 'l'heodonis
1105 3452 1242 3524 villam.
1328 3445 1331 3451 ’

319 3613 375 3678 Ex
398 3613 553 3701 Capitulis
572 3614 692 3678 Domni
708 3612 824 3678 Koroli
852 3612 1023 3678 Tiseotonis
1041 3613 1122 3676 villa
1132 3611 1291 3700 firmatis.

234 3698 419 3826 Volumus
440 3775 537 3848 atque
554 3763 772 3848 praecipimus
792 3773 829 3826 ut
845 3785 957 3826 omnes
973 3759 1039 3828 suis
1058 3763 1297 3838 Sacerdotibus,
1307 3769 1375 3822 tam

233 3848 365 3910 maioris
382 3848 507 3910 ordinis
527 3870 625 3931 quam
643 3857 676 3910 et
695 3847 871 3928 inferioris,
890 3851 908 3910 b
928 3848 1061 3910 minimo
1086 3869 1189 3930 usque
1214 3847 1255 3908 ad
1275 3842 1376 3908 maxi-

232 3949 332 4010 mum,
353 3940 391 3992 ut
413 3953 538 3992 summo
553 3934 635 4009 Deo,
664 3930 845 3993 cuiussvice
867 3929 901 3992 in
926 3928 1074 3993 Ecclesia
1106 3930 1268 4013 legatione
1293 3928 1374 3986 fun-

232 4023 366 4093 guntur,
394 4013 582 4076 obedientes
599 4013 746 4075 existant.
772 4015 854 4076 Nam
876 4013 970 4076 nullo
990 4023 1084 4096 pacto
1106 4033 1280 4096 agnoscere
1295 4029 1371 4152 pos-

232 4115 343 4157 sumus
363 4096 507 4178 qualiter
527 4095 621 4156 nobis
637 4095 750 4159 fideles
765 4096 904 4160 existere
925 4105 1069 4180 possunt,
1091 4095 1149 4178 qui
1170 4097 1241 4156 Deo
1259 4094 1293 4154 in
1320 4091 1372 4152 de·

233 4175 282 4238 les
301 4187 335 4239 et
350 4178 416 4240 suis
436 4179 666 4241 Sacerdotibus
682 4180 907 4276 apparuerint;
929 4187 984 4240 aut
1003 4178 1145 4261 qualiter
1172 4177 1266 4240 nobis
1292 4175 1371 4236 obe·

234 4259 363 4322 dientes
384 4262 565 4344 nostrisque
591 4261 746 4326 ministras
777 4284 814 4326 ac
837 4262 950 4350 legatis
976 4261 1231 4346 obtemperantes
1265 4265 1371 4334 eruut,
