2928 4986
185 271 261 350 360
463 289 498 348 ι.
518 289 607 358 cna
717 287 1149 355 carissimam.

186 451 300 520 pacem
326 435 359 492 et
384 428 540 494 iustitiam
564 432 665 496 totins
686 433 801 518 populi
825 434 1009 518 pertinent,
1041 441 1075 496 et
1104 431 1146 494 ad
1169 431 1333 498 honorem

186 515 281 600 regni
296 521 330 576 et
341 535 546 577 communem
559 515 752 594 utilitatem,
766 519 852 579 auth
871 515 964 578 nobis
977 523 1035 578 aut
1049 516 1067 576 i
1086 514 1179 578 vohis
1194 518 1332 599 neglec-

186 607 257 662 tum
285 603 357 676 est,
383 596 538 660 dehemus
567 600 638 662 Deo
669 599 848 680 auxiliante
871 609 1002 662 certare
1032 598 1176 682 qualiter
1208 599 1332 666 abhinc

187 688 298 744 nostro
316 689 351 744 et
368 688 476 744 restro
492 680 602 744 stelio
619 682 825 750 emendatam
846 682 912 746 fiat.

385 785 436 846 De
447 807 527 870 paee
544 787 578 847 in
593 788 705 850 itinere
724 789 893 850 exercitali
912 784 1131 850 custodienda.

270 887 365 956 XlV.
405 893 455 952 De
470 911 550 974 pace
570 911 650 956 vero
671 890 706 952 in
727 892 896 956 exercitali
917 893 1033 955 itinere
1047 891 1205 956 servanda
1226 915 1332 977 nsque

188 975 230 1040 sd
255 973 420 1038 mercham
438 973 501 1036 hoc
524 975 674 1036 omnibns
695 983 810 1038 notum
837 975 912 1038 lieri
938 977 1106 1054 volumus,
1143 976 1234 1058 quod
1253 977 1333 1059 qui-

189 1079 319 1142 cunque
334 1063 500 1120 auctorem
520 1057 631 1120 damni
649 1058 710 1120 sibi
730 1058 906 1142 praeterito
928 1080 1016 1120 anno
1031 1058 1126 1119 inlati
1140 1059 1335 1120 nominatim

188 1140 376 1224 cognoscit,
397 1149 434 1201 ιιι
454 1139 610 1204 iustitiam
622 1141 662 1204 de
684 1141 743 1202 illo
758 1151 893 1224 quaerat
907 1150 941 1205 et
958 1141 1105 1224 accipiat.

189 1248 240 1310 De
261 1246 518 1320 denuntiatione,
546 1260 580 1308 ut
598 1251 654 1331 qui
675 1249 709 1308 in
730 1250 850 1310 hostem
868 1261 1026 1332 pergunt,
1054 1269 1127 1310 suos
1151 1250 1260 1335 quiin
1275 1269 1334 1311 suo

428 1331 577 1413 obsequio
597 1341 669 1392 sunt
686 1332 896 1415 unusquisque
916 1345 1092 1411 cognoscat.

269 1433 345 1505 XV.
385 1425 548 1520 Deinceps
573 1445 681 1498 tamen
714 1437 863 1498 omnihus
891 1437 1084 1500 denuntiare
1114 1438 1266 1501 volumus
1297 1446 1335 1499 ut

189 1529 362 1604 cognoscat
395 1520 620 1602 unusquisque
651 1541 764 1582 omnes
791 1519 848 1601 qui
877 1520 910 1581 in
939 1543 998 1582 sno
1031 1520 1189 1603 obsequio
1213 1523 1248 1582 in
1275 1515 1335 1582 tali

190 1604 309 1668 itinere
331 1611 496 1685 pergant,
520 1601 588 1666 sive
614 1601 665 1665 sui
687 1603 769 1679 sint,
790 1603 859 1666 sive
883 1602 1001 1680 alieni,
1027 1612 1063 1668 ut
1079 1605 1135 1666 ille
1156 1605 1196 1666 de
1219 1625 1335 1666 eorum

190 1689 283 1749 factis
304 1685 464 1748 rationem
481 1706 514 1746 se
537 1685 617 1748 sciat
637 1685 862 1756 redditurum
882 1694 915 1746 et
933 1685 1093 1782 quicquid
1113 1687 1174 1770 ipsi
1195 1685 1230 1746 in
1252 1709 1335 1769 pace

190 1767 344 1834 violanda
361 1767 580 1850 deliquerint,
602 1767 643 1830 ad
656 1767 756 1853 ipsine
777 1768 874 1830 debet
888 1769 1071 1850 periculum
1083 1767 1127 1850 f)
1146 1769 1333 1854 pertinere;

192 1851 229 1916 ei
242 1850 369 1914 scilicet
384 1850 591 1930 conditione,
606 1859 643 1914 ut
659 1851 747 1934 pacis
761 1851 902 1914 violator
917 1850 1058 1933 primum
1072 1851 1163 1914 iuxta
1177 1851 1335 1914 facinoris

192 1933 401 2018 qualitatem,
424 1934 491 1996 sive
509 1956 618 1996 coram
636 1933 751 2016 nobis,
763 1934 830 1998 sive
844 1954 952 1995 coram
965 1935 1062 1996 Misso
1075 1945 1202 2010 nostro,
1219 1933 1335 2016 dignas

136 2073 145 2094 ,
189 2037 312 2102 poenas
337 2016 515 2099 persolvat;
538 2025 570 2079 et
591 2015 709 2080 Senior
732 2017 791 2099 qui
811 2037 922 2080 secum
941 2017 1039 2078 talem
1058 2017 1207 2094 duxerit,
1233 2037 1335 2098 quem

192 2107 249 2162 aut
267 2099 489 2182 constringere
515 2099 624 2161 noluit
641 2109 696 2160 aut
720 2121 786 2162 non
806 2099 913 2182 potuit
937 2109 974 2160 ιιι
995 2109 1138 2162 nostram
1157 2099 1336 2161 iussionem

191 2191 356 2261 servaret,
378 2191 412 2244 et
430 2183 564 2264 insuper
582 2183 616 2244 in
631 2191 742 2244 nostro
760 2203 862 2265 regno
879 2182 1013 2264 praedas
1035 2183 1142 2244 facere
1160 2203 1226 2244 non
1243 2181 1337 2242 time·

191 2274 265 2343 ret,
297 2285 357 2348 pro
379 2263 469 2326 illins
495 2265 714 2348 negligentia,
745 2265 772 2326 si
795 2264 869 2326 ante
895 2286 969 2326 eum
990 2267 1030 2327 de
1052 2265 1105 2327 his
1127 2285 1193 2326 non
1220 2265 1336 2326 admo·

193 2347 323 2426 nnerit,
339 2355 371 2408 et
387 2356 557 2431 postquam
573 2346 772 2430 negligentia
785 2347 1016 2430 contemptoris
1037 2349 1078 2410 ad
1095 2349 1166 2410 eius
1186 2347 1337 2409 notitiam

192 2429 398 2512 pervenerit,
421 2451 496 2490 eum
515 2431 678 2514 corrigere
694 2430 779 2492 sicut
804 2429 898 2492 decet
920 2429 1119 2513 neglexerit,
1134 2430 1260 2492 honore
1276 2451 1338 2492 suo

192 2510 357 2595 privetur;
389 2521 425 2573 ιιι
451 2511 579 2576 scilicet
604 2521 722 2576 neuter
742 2512 876 2576 illorum
902 2511 973 2576 sine
1002 2512 1085 2576 iusta
1106 2513 1254 2577 vindicta
1280 2533 1337 2575 re-

193 2603 332 2656 maneat.

194 2699 244 2761 De
268 2700 509 2764 inhonoratione
531 2702 624 2783 Regis
639 2715 775 2787 propter
797 2701 1020 2782 negligentiam
1041 2721 1150 2766 eorum
1169 2703 1226 2785 qai
1244 2701 1336 2784 lega-

571 2787 673 2846 tiones
691 2783 772 2846 mali
794 2787 962 2870 recipiunt.
1146 2789 1149 2796 “

491 2857 495 2879 Ι

275 2885 370 2953 XVI.
387 2952 393 2964 Ι
410 2891 459 2952 De
476 2889 726 2952 inhonoratione
751 2891 882 2972 quoque
895 2889 991 2972 Regis
1010 2898 1042 2952 et
1055 2887 1149 2971 regni
1164 2933 1173 2966 ,
1194 2897 1227 2951 et
1248 2887 1335 2951 mala

192 2971 275 3034 fama
292 2973 326 3032 in
343 2982 468 3036 exteras
482 2975 630 3050 nationes
645 2973 803 3056 dispersa,
817 2981 950 3056 propter
971 2971 1203 3056 negligentiam
1218 2993 1336 3034 eorum

192 3056 251 3140 qui
272 3055 450 3137 legationes
470 3057 509 3117 ad
532 3078 590 3116 nos
612 3056 750 3118 directas
773 3055 806 3116 in
833 3057 899 3118 suis
922 3055 1142 3117 mansionibus
1169 3065 1225 3114 aut
1247 3053 1335 3116 malie

191 3137 375 3221 recipiunt,
405 3147 459 3199 aut
478 3139 720 3200 constitutaml
748 3139 841 3200 nobis
870 3160 1042 3221 expensam
1069 3159 1134 3198 non
1161 3137 1334 3216 tribuunt,

192 3229 249 3280 aut
266 3221 463 3302 paravereda
481 3222 556 3283 dare
578 3222 713 3299 nolunt,
733 3231 789 3282 aut
812 3223 899 3282 furto
919 3219 1044 3302 aliquid
1062 3220 1108 3282 eis
1128 3218 1334 3303 subripiunt,

192 3311 263 3382 ant,
285 3303 373 3385 quod
386 3304 619 3386 perpessimum
638 3313 704 3382 est,
724 3313 849 3387 apertas
865 3302 1056 3386 violentias,
1076 3323 1131 3364 cos
1146 3301 1334 3380 caedendo,

162 3411 164 3414 ·
194 3394 228 3448 et
237 3405 288 3446 res
311 3406 424 3446 eorum
448 3386 654 3470 diripiendo,
676 3387 709 3448 in
727 3385 803 3470 ipsis
825 3407 977 3448 exercere
999 3407 1065 3446 non
1084 3386 1333 3470 pertimescunt,

191 3465 255 3529 hoc
272 3467 421 3528 omnibus
437 3479 550 3530 notum
564 3470 813 3548 essevolumus,
836 3469 925 3552 quod
938 3469 1128 3552 quicunque
1146 3488 1186 3528 ex
1205 3465 1255 3529 his
1273 3466 1334 3548 qui

190 3549 331 3612 honores
357 3559 481 3614 nostros
501 3551 638 3630 habent,
662 3553 779 3614 abhinc
800 3551 1030 3634 negligentiam
1049 3549 1135 3610 hanc
1156 3547 1333 3610 emendare

192 3653 258 3692 non
282 3633 475 3711 certaverit,
497 3641 530 3694 et
551 3656 625 3698 suos
646 3633 814 3711 homines,
837 3635 894 3716 qui
911 3633 980 3696 eius
999 3633 1072 3696 vice
1085 3633 1148 3694 ho'c
1167 3652 1262 3714 agere
1279 3631 1336 3692 de·

152 3719 167 3736 ⁹
189 3714 288 3791 bent,
309 3725 345 3775 ιιι
361 3715 394 3776 ἰι1
415 3715 499 3778 bene
523 3717 693 3800 perficiant
715 3740 781 3778 non
796 3716 1003 3794 instruxerit,
1026 3727 1080 3809 ant
1098 3712 1336 3777 constrinxerit

190 3807 227 3857 ut
238 3797 374 3860 ulterius
385 3798 468 3859 illud
479 3800 643 3882 negligere
655 3821 721 3862 non
736 3809 957 3882 praesumant,
975 3809 1007 3862 et
1016 3799 1173 3860 honorem
1185 3804 1334 3856 nostrum

190 3888 223 3942 et
240 3900 379 3962 regnum
396 3881 489 3942 nobis
502 3883 705 3947 commissum
723 3881 886 3944 custodire
908 3881 1159 3966 contempserit,
1184 3899 1246 3939 nec
1269 3899 1334 3939 no-

190 3971 293 4024 strum
315 3984 375 4026 nec
398 3965 491 4047 regni
509 3965 610 4026 nostri
628 3965 787 4028 honorem
807 3963 945 4028 alterius
966 3966 1116 4028 volumus
1138 3971 1175 4024 ut
1195 3960 1332 4032 habeat,

190 4043 247 4108 sed
271 4045 419 4106 volumus
440 4056 477 4108 ιιι
496 4047 721 4132 unusquisqne
742 4046 889 4110 fidelium
909 4058 1092 4113 nostrorum
1103 4052 1333 4132 procuratores

224 4247 261 4316 f)
295 4248 329 4299 al.
349 4265 407 4303 mss.
423 4250 568 4321 pluviam
584 4249 711 4320 plivium.
