2928 4986
178 260 251 334 tot
434 273 468 331 s.
487 271 576 336 cun.
683 271 942 330 csrrruesnrs
1044 269 1108 331 uo.

175 427 305 505 praeter
323 413 585 478 ecclesiasticum.
628 413 670 476 Et
682 413 709 476 si
729 413 857 496 aliquid
876 363 1014 496 emplius
1030 411 1220 492 habuerint,
1245 409 1331 474 inde

177 499 368 568 Senioribus
386 497 451 560 suis
476 497 623 558 debiturn
640 495 810 560 servitium
829 496 1028 580 impendant.

384 603 433 664 De
455 603 654 682 Presbyter-is
673 603 916 686 uniuscuiusque
939 603 1111 668 Ecclesiae.

260 711 316 776 xl.
365 711 529 772 statutum
554 718 620 785 est,
654 717 826 792 postquam
847 707 911 772 hoo
941 709 1110 792 impletum
1137 711 1260 790 fuerit,
1290 720 1331 772 ut

179 815 395 940 unucpuueque
419 789 565 888 iicclesiu
579 813 675 888 suum
691 793 921 890 Presbyterum
941 792 1076 876 habeut,
1108 795 1168 858 uhi
1192 795 1229 858 id
1243 795 1330 858 ¹lieri

178 884 251 946 sucu
270 888 316 940 tus
341 874 534 960 providente
556 875 719 958 Episcopo
742 885 935 960 permiserit.

246 989 295 1048 De
316 983 405 1046 uillis
426 983 537 1060 novis,
565 994 595 1042 et
615 980 769 1044 Ecclesiis
790 985 892 1045 ineis
914 987 1042 1048 noviter
1061 987 1255 1048 constitutis.

264 1093 337 1156 xli.
380 1089 547 1152 sancitum
562 1099 621 1166 est,
648 1089 689 1152 de
706 1090 792 1152 villis
808 1091 901 1154 novis
923 1100 956 1152 et
970 1091 1127 1154 Ecclesiis
1146 1093 1182 1153 in
1199 1091 1331 1154 eisdem

180 1176 309 1244 noviter
325 1173 532 1252 constructis,
552 1181 589 1234 nt
604 1173 748 1236 decimae
764 1173 804 1236 de
822 1173 888 1238 illis
903 1174 1047 1238 villicae
1063 1176 1193 1239 easdem
1208 1175 1332 1238 Eccle-

182 1264 247 1328 sies
269 1259 492 1324 conserentur.

357 1366 408 1428 De
435 1365 535 1426 sacris
564 1367 651 1428 vasis
672 1361 834 1427 Ecclesiae
861 1367 896 1426 in
913 1369 1028 1452 pignus
1049 1365 1144 1428 datis.

263 1459 353 1539 xill.
394 1475 450 1538 De,
469 1471 567 1535 saeris
587 1473 668 1535 vasis
690 1473 876 1552 Ecclesiae,
906 1496 991 1556 quae
1011 1474 1045 1534 iu
1064 1473 1220 1558 pignnsd
1246 1495 1334 1536 non-

165 1559 283 1660 ,nnllis
300 1559 333 1619 in
354 1555 549 1701 ‹puibusdom
570 1555 656 1618 locis·
675 1555 743 1618 dari
761 1556 994 1639 comperimus,
1021 1557 1198 1618 inhibitum
1215 1567 1267 1620 est
1285 1581 1332 1620 ne

182 1647 339 1793 iiiiiiiies
351 1719 616 1785 redimendorum
633 1723 834 1806 captivorum
847 1725 1074 1807 compellente.

308 1832 357 1895 De
373 1829 527 1892 Ecclesiis
552 1828 736 1904 destructis,
764 1832 820 1894 vel
836 1830 985 1894 denonis
1003 1847 1034 1894 et
1054 1833 1197 1894 decimis.

264 1940 352 2004 xlv.
393 1941 443 2002 De
458 1937 615 2002 Ecclesiis
635 1939 711 2000 sene
733 1938 924 2018 destructis,
946 1939 999 2002 vel
1019 1939 1059 2002 de
1076 1941 1171 2002 nonis
1187 1949 1220 2002 et
1239 1939 1335 2004 deei-

182 2025 256 2103 mis,
280 2023 349 2086 sive
368 2022 408 2084 de
428 2022 579 2084 claustris
595 2022 854 2100 Canonicorum‚
878 2025 1020 2108 qualiter
1039 2023 1194 2085 constitui
1217 2032 1251 2084 et
1271 2045 1334 2086 or-

184 2105 291 2172 dinari
307 2104 399 2168 nobie
414 2105 586 2190 placuerit,
606 2105 677 2174 aliis
693 2105 852 2189 Capitulis
876 2109 988 2171 subter
1009 2107 1243 2169 adnotavimus.
1273 2181 1281 2198 .

536 2211 585 2272 De
607 2210 824 2274 Ecclesiamm
844 2216 972 2278 honore.

266 2323 338 2386 XV.
381 2318 493 2380 Sedet
514 2318 554 2380 de
572 2319 792 2381 Ecclesiarnm
813 2320 950 2398 honore,
969 2323 1133 2404 quomodo
1148 2324 1219 2384 Deo
1238 2322 1335 2384 adiu·

185 2413 294 2479 vente,
314 2411 472 2486 quantum
491 2401 525 2461 in
543 2401 636 2463 nobis
654 2412 712 2480 est,
738 2404 856 2487 vigeat,
873 2405 1025 2468 similiter
1039 2407 1073 2466 in
1096 2407 1209 2469 subter
1228 2407 1335 2468 adno-

185 2487 259 2550 tetis
280 2485 440 2570 Capitulis
458 2484 616 2547 insertum
631 2507 700 2548 esse
723 2486 913 2549 dinoscitur.

569 2593 619 2654 De
636 2593 805 2680 Episcopis
824 2595 947 2658 ltaliae.

401 1659 567 1720 quoquam
594 1637 664 1700 iieri
690 1649 928 1722 praesumetur,
961 1640 1025 1703 nisi
1045 1641 1249 1704 solummodo
1271 1663 1334 1704 ne·
1448 1653 1449 1694 ἶ

270 2701 359 2765 XVI.
400 2701 450 2761 De
469 2699 638 2782 Episcopis
656 2722 735 2763 vero
754 2701 788 2762 in
806 2701 1030 2785 Longobardie
1046 2701 1241 2782 constitutis,
1271 2703 1334 2785 qni
1448 2681 1449 2754 i

187 2787 228 2848 ab
250 2784 303 2846 his
328 2806 410 2866 quos
433 2781 627 2842 ordinabunt
653 2794 852 2846 sacramento
875 2795 907 2848 et
931 2806 1085 2864 munero,
1116 2796 1230 2847 contra
1249 2786 1335 2848 divi-

187 2889 263 2931 nem
284 2876 318 2930 ot
345 2865 534 2927 canonicam
555 2867 800 2944 auctoritatem,
833 2868 980 2952 occipere
1004 2869 1057 2930 vel
1083 2869 1214 2952 exigere
1240 2868 1334 2931 soliti

157 3009 161 3014 .
185 2960 304 3030 verant,
336 2947 439 3010 modis
468 2949 617 3012 omnibus
642 2949 819 3011 inhibitum
843 2959 892 3012 est
920 2972 962 3012 ne
990 2949 1126 3013 ulterius
1152 2951 1223 3022 fiet3
1252 2951 1334 3034 quie

170 3033 279 3098 ’iuxta
294 3053 401 3096 sacros
418 3053 561 3096 canones
579 3043 717 3116 uterque
733 3034 751 3094 i
771 3032 873 3116 gradu
888 3032 1033 3118 proprio,
1061 3036 1138 3096 teliu
1159 3033 1332 3114 facientes,
1448 3067 1449 3102 ;

188 3117 297 3182 decidi
318 3119 449 3179 debent.

272 3227 275 3234 “
335 3223 383 3284 De
406 3221 607 3300 Presbyteris
621 3223 677 3306 qni
689 3219 831 3304 seminas
846 3223 881 3284 in
897 3220 1041 3286 domibus
1060 3223 1184 3284 habent.

272 3329 376 3394 xvu.
420 3327 582 3388 statutum
603 3337 652 3390 est
673 3328 712 3390 ab
727 3327 895 3414 Episcopis
919 3329 959 3390 de
976 3327 1177 3412 Presbyteris
1197 3329 1255 3412 qui
1276 3331 1332 3392 fe-

189 3412 293 3480 minus
314 3432 426 3475 secum
453 3410 628 3472 indiscrete
653 3411 799 3473 habitere
823 3412 1030 3495 permittunt,
1059 3422 1091 3472 et
1112 3421 1245 3495 propter
1265 3412 1330 3474 hoc
1448 3463 1449 3480 2

190 3497 293 3564 malae
322 3493 486 3578 opinionis
514 3493 699 3575 suspicione
721 3495 941 3573 denotentur,
971 3504 1007 3554 ut
1034 3494 1061 3556 si
1097 3494 1252 3576 deinceps
1278 3497 1332 3558 nd·
1448 3529 1449 3538 2

190 3577 309 3642 moniti
332 3599 397 3636 uon
417 3597 450 3636 se
476 3577 696 3656 correxerint,
722 3579 813 3655 velut
838 3586 1076 3662 contemptores
1096 3599 1261 3640 sacrorum
1281 3601 1332 3642 ca·

192 3681 318 3732 nonum
336 3658 492 3721 canonici
512 3657 699 3722 invectione
712 3659 883 3722 feriantur.
1191 3659 1193 3664 ’

193 3769 243 3838 De
264 3767 464 3844 Presbyteris
486 3767 543 3850 qui
563 3785 625 3849 pro
647 3767 815 3827 chrismate
837 3769 871 3827 in
891 3787 988 3828 coeno
1009 3767 1142 3828 Domini
1162 3767 1334 3830 veniebant.

278 3870 402 3934 xviri.
444 3871 494 3930 De
517 3869 720 3954 Presbyteris
740 3871 797 3954 qui
822 3864 1005 3954 accipiendi
1028 3869 1208 3934 chrismatis
1234 3873 1337 3956 gretid

196 3955 237 4018 nd
256 3952 400 4016 civitates
421 3951 454 4011 in
476 3973 577 4014 coena
594 3954 727 4015 Domini
750 3954 862 4016 venire
885 3953 973 4014 soliti
995 3963 1098 4032 erant,
1116 3957 1276 4017 sancitum
1289 3965 1338 4019 est

197 4047 234 4100 ut
254 4038 294 4098 de
311 4035 361 4096 his
378 4033 436 4116 qui
454 4035 551 4118 longe
578 4037 674 4118 positi
692 4045 778 4114 sunt,
808 4037 847 4098 de
867 4046 941 4098 octo
965 4037 1016 4098 vel
1041 4037 1155 4100 decem
1185 4060 1271 4100 unns
1298 4039 1338 4099 ab

195 4119 358 4204 Episcopo
372 4116 528 4200 eligatnr,'
540 4119 597 4200 qui
613 4129 782 4204 acceptum
797 4118 935 4181 chrisma
954 4119 1013 4180 sibi
1032 4129 1065 4180 et
1086 4118 1182 4182 sociis
1199 4120 1339 4204 diligen·

196 4211 247 4274 ter
261 4203 412 4294 perferet.
454 4200 496 4264 Hi
513 4221 590 4268 sero
613 4202 672 4293 qui
694 4222 760 4264 non
782 4201 912 4288 longius
938 4201 956 4264 i
975 4201 1103 4268 civitate
1128 4223 1227 4292 quem
1255 4225 1338 4292 que·
