2958 4986
219 283 290 362 150
461 301 494 360 s.
515 303 602 363 cna.
707 305 966 368 carisomus
1070 305 1137 363 su,

259 406 471 512 castrum
493 445 655 508 annisa
675 445 733 510 an
755 447 903 510 monn
923 445 1322 513 aoncoaasnonun

217 553 324 628 Anno
351 555 490 626 Christi
516 554 686 646 Docet,
712 557 861 650 imperii
897 557 1031 628 Karoli
1063 555 1189 649 Magni
1221 558 1361 650 primo,

216 699 404 836 Kanorus,
417 756 532 821 divino
550 766 632 820 nutu
648 767 831 838 coronatus,
844 759 1025 820 Romanum
1045 779 1160 841 gerens
1169 759 1362 844 imperium,

216 841 439 912 serenissimus
459 841 635 926 Augustus,
660 842 809 916 omnibus
829 842 987 920 Ducibus,
1015 842 1207 922 comitibus,
1231 843 1360 904 Gastal-

216 924 289 1000 diis,
314 945 371 986 seu
394 925 520 994 cunctis
540 925 741 1018 reipublicae
767 946 828 1008 per
849 925 1034 1016 provincias
1063 925 1174 987 ltaliae
1201 928 1220 986 d
1248 935 1360 985 nostra

215 1007 466 1074 mansuetudine
485 1009 685 1092 praepositis.
706 1009 803 1068 Anno
822 1008 862 1069 ab
887 1008 1109 1070 incarnatione
1131 1007 1267 1074 Domini
1286 1030 1360 1068 nos-

215 1089 257 1150 tri
278 1089 351 1150 lesu
366 1088 487 1154 Christi
509 1113 613 1169 ncccr,
633 1089 817 1154 indictione
837 1113 881 1164 rr,
905 1113 991 1153 anno
1022 1113 1100 1154 vero
1136 1091 1232 1174 regni
1256 1089 1361 1151 nostri

215 1171 249 1232 in
267 1171 407 1233 Francia
422 1193 532 1250 xxxin,
555 1173 589 1233 in
611 1174 703 1235 ltalia
719 1193 832 1251 xxvrrr,
847 1176 1034 1238 consulatus
1052 1185 1160 1236 autem
1175 1173 1278 1236 nostri
1294 1173 1361 1254 pri-

214 1274 279 1332 mo,
301 1275 376 1314 cum
395 1255 429 1315 in
452 1255 577 1316 ltaliam
593 1267 726 1340 propter
746 1255 921 1320 utilitatem
951 1269 1078 1320 sanctae
1105 1257 1169 1317 Dei
1189 1255 1359 1318 Ecclesiae

215 1357 252 1397 ac
265 1337 509 1420 provinciarum
531 1339 806 1422 disponendarum
824 1341 1035 1420 venissemus,
1050 1350 1083 1401 et
1109 1340 1230 1400 multae
1259 1348 1359 1419 atque

215 1419 362 1482 diversae
381 1442 441 1506 per
457 1419 553 1484 urbes
568 1423 711 1518 singulas
727 1432 802 1484 ante
818 1433 1029 1506 conspectum
1048 1433 1196 1485 nostrum
1217 1419 1360 1504 quaesti-

215 1523 293 1564 ones
313 1511 378 1564 tam
392 1505 432 1566 de
454 1507 680 1568 ecelesiasticis
701 1527 799 1588 quam
819 1514 852 1568 et
869 1507 1009 1588 publicis
1039 1528 1075 1566 ac
1100 1505 1236 1589 privatis
1258 1503 1358 1566 rebus

215 1585 468 1667 discuterentur,
486 1590 644 1672 pleraque
670 1597 786 1650 statuta
805 1589 939 1652 recitata
959 1611 1000 1652 ex
1020 1591 1164 1650 Romana
1179 1611 1239 1650 seu
1267 1589 1357 1646 Lonr

214 1667 386 1749 gabardioa
410 1671 484 1754 lege
496 1672 692 1756 competenti
716 1672 876 1734 sententia
897 1672 1067 1734 terminata
1087 1681 1175 1748 sunt,
1198 1669 1360 1752 quaedam

214 1752 344 1812 veroin
363 1755 462 1816 nostri
486 1756 643 1818 examinis
666 1755 838 1816 arbitrium
867 1755 908 1816 ad
932 1765 1057 1838 tempus
1082 1755 1191 1832 dilata,
1216 1773 1360 1835 quorum

213 1833 376 1898 iudicialis
397 1838 559 1901 sententia
581 1861 598 1898 a
617 1837 860 1921 legislatoribus
875 1837 930 1898 aut
946 1838 1075 1921 penitus
1094 1837 1207 1898 omissa
1227 1845 1286 1914 est,
1304 1843 1360 1902 aut

212 1937 232 1978 a
250 1920 386 2000 posteris
405 1921 565 1983 oblivioni
585 1923 713 1984 tradita.
756 1919 919 2000 Quocirca
943 1943 1000 1982 nos
1025 1919 1269 1982 considerantes
1292 1915 1359 1976 uti-

213 1999 338 2062 litatem
361 2013 553 2065 nostramet
576 2005 691 2088 populi
713 2027 732 2064 a
751 2006 824 2065 Deo
845 2003 938 2076 nobis
966 2003 1122 2081 concessi,
1147 2023 1185 2068 ea
1208 2022 1294 2082 quae
1319 1999 1357 2060 ab

214 2087 471 2149 antecessoribus
496 2088 613 2149 nostris
634 2087 775 2170 Regibus
791 2086 902 2148 ltaliae
925 2086 959 2156 iu,
983 2085 1095 2148 edictis
1124 2083 1207 2166 legis
1224 2087 1359 2163 Longo-

211 2163 362 2236 bardicae
380 2170 419 2228 ab
436 2169 512 2252 ipsis
528 2170 633 2232 editae
674 2169 875 2232 raetermissa
888 2178 974 2246 sunt,
995 2169 1086 2236 iuxta
1101 2189 1212 2229 rerum
1232 2175 1266 2226 et
1279 2175 1362 2235 tem·⁴

211 2248 300 2328 poris
322 2252 618 2319 considerationem
633 2193 752 2314 addere
772 2252 969 2330 curavimus,
995 2250 1129 2318 solliciti
1150 2259 1187 2318 ut
1209 2269 1358 2309 necessaa

212 2330 260 2388 ria
277 2353 360 2412 quae
380 2333 445 2416 legi
458 2335 631 2402 defuerant
650 2336 893 2418 supplerentur,
913 2344 945 2396 et
966 2335 1000 2394 in
1032 2335 1131 2396 rebus
1159 2331 1267 2394 dubiis
1289 2351 1358 2390 non

213 2415 435 2491 quorumlibet
453 2418 602 2480 ludieum
628 2418 809 2496 arbitrium,
830 2418 889 2479 sed
921 2426 1049 2480 nostrae
1072 2416 1180 2500 regiae
1209 2411 1353 2476 auctori«.

212 2496 290 2565 tatis¹
314 2499 438 2561 sanctio
461 2507 484 2580 t)
500 2502 711 2584 praevaleret
1296 2503 1299 2514 '

283 2595 433 2712 Capitula
448 2640 557 2692 autem
575 2652 658 2713 qnae
679 2630 771 2706 nobis
789 2631 907 2694 addere
928 2631 1062 2715 placuit,
1083 2627 1164 2692 baec
1182 2615 1269 2693 sunt.

238 2753 262 2806 t·
285 2740 339 2800 De
360 2740 478 2806 chartis
500 2737 682 2800 donationis
697 2739 757 2822 fa·
827 2737 856 2801 5.
878 2741 927 2800 De
946 2741 1142 2802 mancatione
1160 2738 1311 2820 qualibet.

295 2821 417 2882 ciendis
827 2822 856 2896 6.
879 2825 927 2883 De
950 2820 1130 2892 aldionibus
1147 2820 1285 2906 publicis
1310 2815 1359 2876 nal

233 2919 261 2960 a.
284 2903 333 2962 De
349 2904 533 2968 heribanno·
887 2908 936 2966 ins
945 2901 1354 2988 publicnmpertinentibuss,

233 2985 262 3044 5.
284 2987 334 3044 De
355 2985 580 3056 desertoribus,
827 3009 855 3068 7.
878 2990 961 3060 Item
980 2986 1020 3045 de
1039 2985 1225 3058 latronibus.

231 3068 260 3156 4.
282 3069 332 3127 De
349 3069 534 3130 latronibus.
826 3071 856 3136 8.
878 3072 926 3130 De
944 3069 1045 3130 servis
1059 3065 1241 3149 fugacibus.

297 3175 458 3248 lncrrrunr
493 3195 718 3236 sursssenrrra
752 3177 912 3237 Castrum
943 3197 981 3236 ar
1009 3196 1117 3236 norun
1140 3194 1267 3242 raxrus.

481 3281 530 3341 De
553 3283 670 3345 chartis
705 3280 888 3350 donationis
904 3279 1081 3363 faciendis.
1168 3339 1172 3344 ,

197 3417 200 3424 ’
292 3385 317 3445 I.
361 3384 470 3467 Siquis
486 3386 720 3468 Longobartlus
735 3395 852 3447 statum
864 3387 1024 3448 humanae
1046 3383 1231 3468 fragilitatis
1253 3408 1361 3470 praea-

210 3469 368 3551 eogitans,
387 3490 447 3551 pro
475 3469 577 3530 salute
606 3469 731 3530 animae
749 3491 824 3532 suae
843 3471 882 3540 de
906 3470 1004 3540 rebus
1022 3469 1089 3532 suis
1120 3467 1264 3536 chartam
1290 3469 1354 3530 do-.

209 3551 349 3616 nationis
378 3551 558 3634 quamlibet
581 3553 692 3614 facere
714 3553 867 3631 voluerit,
891 3574 956 3614 non
984 3550 1068 3613 sicut
1092 3549 1251 3612 hactenus
1279 3551 1353 3612 fieri

207 3635 342 3712 solebat,
361 3634 411 3698 ius
428 3634 488 3706 sibi
509 3634 687 3712 vendendi,
707 3636 938 3714 commutandi,
959 3643 992 3698 et
1012 3656 1071 3716 per
1090 3634 1187 3694 aliam
1206 3633 1354 3698 chartam

207 3718 356 3787 eandem,
368 3739 438 3788 rem
459 3716 623 3788 alienandi
637 3729 799 3789 reservem
823 3719 880 3789 sed
898 3717 1044 3782 absolute
1063 3715 1162 3790 faciat
1176 3717 1363 3798 unusquis.¹

207 3821 271 3881 que
290 3801 330 3862 de
346 3801 443 3862 rebus
459 3801 525 3862 suis
542 3800 632 3882 quod
654 3801 743 3879 velit,
770 3810 803 3862 et
822 3801 951 3865 noverit
965 3799 1026 3862 sibi
1050 3821 1069 3859 a
1086 3808 1197 3859 nostra
1213 3801 1364 3861 auctoris·

206 3893 269 3953 tate
289 3884 420 3966 penitus
444 3883 654 3954 interdictum
671 3905 739 3945 esse
754 3883 833 3956 duas
850 3885 889 3946 de
910 3884 1025 3946 eadem
1043 3903 1078 3942 re
1093 3882 1201 3953 facere
1220 3881 1354 3942 donati-

207 3986 295 4036 ones.
339 3967 404 4028 Sed
416 3975 586 4048 postquam
601 3988 700 4026 unam
716 3966 756 4027 de
770 3967 868 4040 rebus
893 3967 959 4040 suis
982 3964 1191 4026 traditionem
1222 3964 1354 4042 fecerit,

206 4047 301 4120 aliam
317 4049 356 4110 de
373 4049 448 4132 ipsis
471 4048 613 4118 faciendi
629 4048 753 4110 nullam
777 4049 893 4122 habeat
913 4056 1116 4142 potestatem,
1156 4046 1273 4112 Eidem
1303 4057 1354 4110 tua

213 4208 422 4228 quau-um·—

186 4341 189 4346 .
244 4275 319 4339 Uul,
341 4293 398 4327 nass.
418 4277 555 4330 sententio
567 4295 578 4345 ;
599 4274 763 4344 agtlsmitnu
