2952 4988
271 303 306 356 a.
325 299 414 364 can.
517 297 656 358 annun
681 255 927 357 manconun'
1024 271 1087 358 sio.
1197 284 1270 360 239

212 442 301 504 Xlll.
343 442 393 502 De
415 438 584 502 beneficiis
605 437 780 503 destructis
800 445 833 504 et
852 438 1001 504 alodibus
1020 443 1219 509 restauratis.

212 525 301 587 XlV.
344 525 393 583 De
412 523 504 584 freda
524 523 693 606 exigenda

212 607 285 669 XV.
325 607 374 666 De
395 606 618 667 materiamine
640 605 681 667 ad
702 623 801 666 naves
819 604 994 669 faciendas.

211 690 301 753 XVI.
343 690 392 749 De
410 688 537 771 vulgari
558 688 701 774 populo,
730 697 766 748 ut
788 690 1013 773 unusquisque
1031 709 1105 755 suos
1125 691 1271 758 iuniores

127 772 317 854 distringat,
348 779 385 831 nt
401 771 518 835 melibs
538 795 574 834 ac
592 772 708 833 melius
721 769 882 834 obediant
896 781 930 835 et
950 773 1157 838 consentiant
1177 797 1271 838 man-

128 857 211 918 datis
227 864 261 916 et
276 855 458 938 praeceptis
478 854 709 938 imperialibus.

137 959 141 968 ’
211 937 323 1000 XVll.
365 940 416 998 Dc
439 937 647 1026 eleemosyna
667 936 826 1000 mittenda
848 935 889 1000 ad
909 937 1113 1002 Hierusalem
1135 949 1271 1027 propter

126 1021 290 1084 Ecclesiae
303 1019 366 1082 Dei
388 1022 625 1084 restaurandas.
923 1021 925 1026 ’

136 1173 139 1180 .
212 1104 334 1167 XVIII.
381 1105 426 1163 Ut
455 1105 567 1166 nullus
591 1102 778 1166 hominibus
804 1101 954 1186 malignis
980 1105 1176 1186 consentiat,
1213 1109 1271 1172 sed

127 1187 239 1269 magis,
262 1185 473 1269 inquantum
492 1196 610 1270 potest,
630 1185 771 1249 resistat.
813 1189 857 1250 Ut
876 1207 1044 1271 pauperes,
1067 1189 1215 1276 orphani,
1238 1199 1271 1256 et

127 1271 259 1350 viduae,
282 1277 316 1330 et
339 1269 505 1332 Ecclesiae
529 1271 592 1332 Dei
612 1291 726 1354 pacem
744 1269 893 1332 habeant.

275 1449 543 1518 CAPITULARE
578 1453 810 1515 SECUNDUM
842 1452 944 1516 ANNI
977 1454 1132 1519 DCCCX.

510 1587 604 1660 Item
640 1592 686 1661 de
719 1614 817 1664 anno
841 1591 890 1661 X.

161 1745 188 1804 Ῑ·
232 1711 299 1830 De
319 1766 531 1828 tribulatione
554 1756 700 1850 generali
718 1787 815 1850 qnam
833 1766 975 1850 patimur
996 1783 1126 1850 omnes,
1155 1767 1271 1850 idest,

131 1850 172 1913 de
190 1851 383 1913 mortalitate
399 1849 589 1924 animalium
610 1859 644 1914 et
664 1851 801 1912 caeteris
821 1850 935 1934 plagis.
1122 1865 1124 1868 '

212 1934 257 1997 ll.
298 1936 348 1996 De
364 1927 606 2017 praedieatione
632 1955 692 2017 per
708 1933 851 2016 singulas
867 1933 1044 2018 parochias.
1068 1950 1070 1956 '

158 2099 189 2161 'h
214 2017 274 2085 lll.
314 2019 364 2080 Da
386 2015 578 2100 evangelio,
617 2026 654 2079 ut
683 2017 801 2080 luceat·
818 2015 878 2080 lui
906 2027 1012 2081 vestra
1030 2038 1140 2081 coram
1162 2015 1271 2079 homi-

131 2122 166 2161 ιιι
191 2121 238 2166 us.

214 2181 274 2248 lv.
316 2187 365 2247 De
383 2179 535 2246 omnibus
559 2180 648 2244 vitiis
669 2190 701 2244 et
721 2181 875 2246 ebrietate
887 2181 1097 2280 fugiendum.

215 2267 255 2332 V.
296 2269 346 2330 De
363 2264 535 2348 semetipso
551 2274 583 2328 ct
597 2287 653 2327 sua
666 2265 789 2326 familia
804 2287 1027 2350 unusquisque
1047 2263 1250 2350 corrigenda.

212 2349 273 2414 VI.
314 2353 364 2413 De
388 2347 588 2412 orationibus
607 2347 642 2408 in
665 2347 809 2411 invicem
831 2349 998 2412 faciendis.

135 2477 138 2490 .
212 2432 292 2496 Vll.
334 2435 383 2494 De
401 2431 634 2493 innocentibus
657 2430 771 2495 occisis
788 2432 1031 2516 inquirendum.

213 2515 310 2580 VlIl.
352 2517 401 2576 De
419 2514 659 2594 clamatoribus,
682 2515 844 2597 quomodo
864 2513 1072 2598 castigentur.

213 2597 276 2662 IX.
318 2601 367 2660 De
384 2595 552 2660 beneficiis
569 2618 635 2659 non
652 2599 737 2660 bene
754 2597 929 2660 constrictis
942 2595 1187 2682 inquirendum.
1278 2617 1280 2622 ·

213 2683 253 2744 X.
295 2683 344 2742 De
361 2680 531 2742 mendacio
547 2689 579 2740 at
598 2680 746 2762 periurio
766 2681 923 2745 carendo.

216 2761 276 2826 XI.
317 2766 367 2826 De
386 2761 567 2828 heribanno
583 2763 754 2846 exigendo.

214 2845 298 2910 Xll.
335 2848 385 2908 De
404 2841 599 2928 pauperibus
619 2847 677 2926 qui
700 2845 833 2909 minime
853 2845 982 2911 solvere
1004 2854 1148 2932 possunt.

214 2927 313 2992 Xlll.
354 2931 404 2990 De
425 2928 517 2989 freda
538 2927 707 3010 exigenda.

124 3055 130 3061 -
214 3011 310 3076 XlV.
351 3013 401 3073 De
421 3011 472 3072 his
491 3008 550 3095 qui
574 3011 702 3072 herisliz
722 3011 894 3094 fecerunt,
928 3022 965 3075 ut
984 3011 1187 3074 fideiussores
1211 3009 1272 3075 do·

132 3103 224 3159 nent.

212 3180 285 3243 XV.
326 3178 376 3238 De
396 3177 494 3240 rebus
512 3184 544 3239 et
563 3175 754 3263 mancipiis,
781 3185 819 3242 ut
836 3187 911 3269 ante
927 3177 1075 3246 Vicarios
1097 3185 1130 3242 et
1148 3177 1270 3240 Cente-

132 3260 238 3326 narios
260 3281 325 3323 non
344 3263 592 3344 conquirantur.
796 3315 801 3336 ,

213 3343 307 3408 XVI.
349 3345 401 3408 De
422 3343 622 3423 latronibus,
652 3340 815 3427 quomodo
833 3340 1076 3426 distringantur.

314 3550 582 3614 mammaea
603 3527 798 3638 enarum
818 3549 919 3612 num
939 3545 1095 3612 ccccx.

256 3684 343 3754 Sive
381 3683 550 3778 Capitula
586 3684 633 3756 dc
663 3682 906 3786 instructione
938 3679 1150 3752 Missurum.

133 3860 259 3945 Ε31)·Ῑ·
290 3827 354 3944 Ut
376 3881 455 3944 tales
473 3881 538 3942 sint
553 3880 643 3944 Missi
664 3880 699 3941 in
723 3878 887 3964 legatione
908 3899 967 3960 sua
988 3878 1073 3943 sieut
1091 3882 1186 3948 decet
1206 3905 1275 3948 esse

132 3968 297 4040 ministros
315 3965 523 4048 Imperatoris
541 3975 701 4044 strenuos,
728 3971 760 4023 et
780 3963 952 4046 perficiant
970 3965 1059 4046 quod
1079 3966 1125 4029 eis
1142 3969 1277 4030 iniunc-

132 4061 203 4112 tum
223 4049 335 4112 fuerit.
379 4048 444 4108 Aut
460 4047 486 4108 si
508 4069 573 4108 non
595 4046 777 4130 potuerint,
802 4047 931 4108 Domno
952 4049 1144 4132 Imperatori
1161 4061 1277 4113 notum

133 4134 255 4196 faciant
281 4153 364 4218 quae
392 4129 568 4194 difficultas
599 4130 646 4194 eis
670 4129 797 4194 resistat
825 4150 866 4196 ne
897 4128 982 4194 illud
1011 4131 1168 4216 perficere
1197 4155 1276 4220 pos-

134 4217 209 4280 sint.
