2958 4986
307 319 342 378 a
361 317 449 380 cua.
554 315 691 377 arcun
708 313 988 400 ruaucoauu·
1050 311 1110 374 ru.
1224 297 1295 370 103

157 459 338 525 minantem
353 459 558 540 scebbasam,
578 457 728 545 Alapam,
750 457 942 538 Caldbown,
964 455 1149 540 iterumque
1168 456 1297 522 Wirra·

155 545 249 616 bam;
273 565 314 608 ex
338 543 532 608 occidentali
553 552 661 606 autem
679 552 769 628 parte
789 541 875 606 viam
893 540 1057 627 publicam
1079 560 1162 638 quae
1179 540 1299 603 dicitur

155 619 351 710 Folcwego,
382 629 493 690 Derve
521 635 555 689 et
576 629 702 710 Lorgoe
731 626 932 690 dividentem
954 644 1058 706 usqne
1092 645 1126 684 rn
1156 625 1299 688 Huntam

156 709 299 782 flumem
322 709 441 773 deinde
459 709 564 792 ipsum
581 708 714 788 flumen,
733 719 766 782 et
782 708 952 772 Amrivum
967 709 1077 768 lucum
1096 706 1298 790 sylvestrem,

155 813 258 876 quem
284 793 410 855 incolae
432 792 498 854 loci
529 789 696 854 Wldloct
724 791 912 868 nominant,
942 790 1114 868 Finolam,
1146 789 1298 852 waldes-

157 897 260 953 moer,
283 875 440 960 Berepol,
455 873 643 936 Eddenriad
662 875 814 956 paludem
835 873 984 957 Emisgoe
1004 882 1037 934 et
1055 873 1213 954 Ostergoe
1232 872 1298 934 dis·

157 957 400 1037 terminantem,
434 957 636 1035 Brustlacho,
653 957 842 1036 Biberlach,
864 956 1048 1039 iterumque
1063 975 1163 1032 mare,
1191 956 1299 1017 firmos

157 1049 193 1102 et
211 1041 520 1125 intransgressibiles
537 1040 759 1103 circumscribi
776 1041 933 1103 iussimus.
954 1039 998 1101 Et
1021 1047 1057 1100 ut
1074 1037 1173 1106 huius
1195 1038 1298 1100 doua-

156 1121 259 1185 tionis
283 1145 320 1185 ac
342 1123 650 1206 circumscriptionis
670 1124 842 1186 auctoritas
866 1122 982 1185 uostris
1005 1120 1190 1204 futurisque
1216 1130 1300 1183 tem-

155 1206 304 1288 poribus,
324 1209 465 1270 Domino
483 1215 687 1290 protegente,
708 1207 814 1269 valeat
832 1204 1024 1268 inconvulsa
1038 1225 1181 1283 manere,
1202 1224 1301 1264 manu

157 1289 292 1387 proprii
318 1289 583 1377 subscripsimus,
620 1298 654 1352 et
686 1289 778 1351 anuli
809 1287 912 1352 nostri
937 1285 1150 1374 impressione
1177 1286 1300 1372 signari

159 1393 324 1434 russrmns.

242 1455 379 1540 Signum
397 1453 518 1518 Domui
542 1453 703 1518 sallom
729 1455 826 1539 Regis
852 1453 1067 1522 invictissimi.

244 1539 546 1620 Hrunsuuous,
574 1537 845 1624 Archiepisoopus
863 1537 1069 1602 Coloniensis
1086 1546 1119 1599 et
1139 1533 1218 1600 sacri
1240 1557 1299 1619 pa·

62 1629 66 1636 “
159 1618 231 1682 latii
252 1620 461 1704 capellanus,
478 1621 666 1704 recognovi.
778 1649 780 1656 v

243 1705 326 1764 Data
361 1705 402 1766 11.
445 1705 523 1768 Idas
569 1703 672 1782 lulii,
719 1725 806 1766 anno
847 1703 1028 1766 dominicae
1066 1701 1299 1764 incarnationis

159 1784 436 1930 D?CI{{)1(X1X’
462 1786 647 1855 Indictione
660 1784 738 1866 XII,
764 1808 850 1848 anno
866 1795 974 1856 autern
990 1787 1084 1872 regni
1099 1785 1297 1869 DomniKa·

157 1887 223 1929 ror
335 1911 344 1930 .
763 1891 764 1894 ’

240 1951 358 2013 Actum
378 1951 414 2013 iu
431 1952 558 2016 Palatio
572 1952 756 2016 Nemetensi
773 1953 924 2016 feliciter.
965 1951 1079 2015 Amen.

282 2140 570 2215 rusucurruu
593 2145 679 2216 rao
705 2145 969 2210 statuturo
995 2143 1173 2223 contre,

333 2259 472 2334 Datum
497 2286 595 2334 anno
619 2263 758 2336 Christi
793 2262 1120 2335 DCCLXXXIX.

160 2384 212 2495 In
235 2435 367 2502 nomine
387 2447 515 2502 sanctae
537 2439 770 2502 etindividuae
792 2439 969 2502 Trinitatis.
990 2439 1103 2502 Amen.
1146 2441 1296 2518 Karalus,

160 2518 274 2582 dirimi
288 2519 457 2582 ordinante
478 2522 661 2600 clementii,
678 2524 757 2584 Rex.
800 2523 834 2584 si
848 2523 989 2584 Domino
1005 2525 1075 2585 Deo
1092 2524 1297 2586 exercituum

158 2612 370 2666 succurrente
392 2603 426 2662 iu
447 2603 543 2666 hellis
563 2605 697 2666 victorii
713 2605 808 2688 potiti
827 2627 949 2684 snmus,
975 2607 1009 2666 in
1034 2606 1092 2668 illo
1112 2617 1145 2668 et
1168 2629 1233 2668 non
1259 2609 1293 2667 in

160 2685 255 2746 nobis
277 2681 463 2767 gloriamur,
481 2697 514 2748 et
530 2683 650 2750 in'hoc
670 2688 781 2750 seculo
799 2710 912 2770 pacem
932 2697 963 2750 et
977 2690 1243 2772 prosperitatem,
1265 2700 1298 2750 et

159 2767 194 2827 in
208 2777 403 2850 perpetuum
417 2771 527 2831 futuro
541 2780 689 2832 aeternae
704 2766 862 2842 mercedis
876 2772 1136 2850 retributionem,
1149 2794 1207 2837 nos
1225 2794 1298 2854 pro·

48 2925 49 2928 Ἴ
158 2851 278 2911 mereri
293 2851 496 2913 confidimus.
538 2853 715 2936 Proptered
735 2874 846 2914 omnes
868 2853 990 2915 Christi
1009 2854 1121 2916 fideles
1144 2853 1298 2919 noverint

160 2933 250 3013 quod
268 2934 423 3014 Saxones,
448 2957 528 3018 quos
550 2936 567 2995 d
589 2935 851 3020 progenitoribus
869 2937 987 2998 nostris
1001 2938 1043 2998 ob
1064 2958 1141 2999 suae
1157 2937 1298 3018 pertina-

154 3015 229 3076 ciae
243 3017 413 3098 perfidiam
430 3039 557 3102 semper
577 3017 800 3096 indomabiles,
817 3019 942 3101 ipsique
957 3021 1027 3080 Deo
1046 3027 1079 3080 et
1100 3019 1192 3082 nobis
1213 3028 1296 3079 tam-

160 3098 218 3158 diu
235 3099 394 3179 rebelles,
420 3123 590 3184 quousque
611 3101 701 3162 illius
722 3110 754 3162 et
771 3110 879 3168 nostra
900 3101 1020 3164 virtute
1047 3101 1132 3184 ipsos
1152 3111 1185 3164 et
1200 3102 1296 3163 bellis

158 3180 297 3242 vicimus
327 3191 360 3244 et
386 3184 427 3244 ad
455 3183 604 3267 baptismi
633 3183 766 3266 gratiam
786 3185 857 3245 Deo
882 3194 1046 3244 annuente
1073 3185 1296 3266 perduximus,

157 3263 379 3346 pristinaeque
397 3265 540 3328 libertati
557 3267 703 3345 donatos,
730 3275 763 3326 et
782 3265 870 3326 omni
889 3266 982 3328 nobis
1002 3264 1111 3328 debito
1128 3289 1228 3330 censu
1248 3290 1306 3344 so-,

159 3347 257 3424 lutos,
279 3369 340 3429 pro
358 3369 465 3410 amore
492 3349 581 3411 illius
598 3349 654 3432 qui
673 3347 765 3410 nobis
781 3349 950 3410 victoriam
969 3347 1124 3427 contulit,
1150 3351 1210 3434 ipsi
1234 3350 1295 3409 tri-

147 3428 303 3507 Nbutarios
324 3441 356 3491 et
373 3433 556 3516 subiugales
573 3433 689 3494 devote
704 3430 902 3510 addiximus,
929 3452 1049 3513 eosque
1068 3431 1103 3491 in
1121 3431 1184 3494 lide
1202 3432 1296 3494 Chri-

159 3513 262 3574 stiana
284 3513 426 3576 retinere
445 3526 590 3599 optamus
614 3524 646 3576 et
663 3533 869 3598 perseverare
892 3515 1047 3596 cupimus.
1089 3517 1296 3598 Quapropter
1409 3573 1412 3581 ,

159 3595 195 3654 in
228 3593 285 3654 illa
305 3587 395 3678 parte
416 3599 576 3659 Senoniae
600 3600 836 3658 Trutmannum
861 3597 967 3658 virum
992 3595 1153 3658 illustrem
1174 3597 1296 3658 ibidem

159 3677 318 3742 Comitem
339 3680 535 3760 ordinamus,
557 3690 593 3741 ut
612 3679 752 3742 resideat
771 3678 805 3738 in
822 3689 912 3740 curte
930 3681 970 3742 ad
991 3701 1118 3763 campos
1140 3681 1174 3740 in
1196 3680 1294 3740 mallo

157 3758 291 3842 publico
315 3761 357 3822 ads
384 3763 610 3830 universorum
637 3784 747 3824 causas
774 3761 949 3823 audiendas
975 3763 1029 3823 rel
1055 3765 1143 3824 recta
1174 3761 1295 3822 iudicia

157 3843 373 3921 terminanda,
395 3845 501 3927 iisque
517 3846 718 3908 Advocatum
733 3845 879 3906 omnium
894 3845 1161 3927 Presbyterorum
1178 3845 1211 3904 in
1229 3854 1294 3906 tota

160 3924 301 3986 Saxonia
323 3926 465 3988 fideliter
485 3939 572 4012 agat,
604 3949 766 4025 superque
791 3927 938 3990 Vicarios
962 3937 994 3990 et
1012 3928 1185 4004 Scabinos,
1213 3948 1293 4008 quos

158 4007 220 4068 sub
245 4030 279 4070 se
304 4007 420 4089 habet,
446 4010 624 4094 diligenter
645 4010 805 4093 mquirat,
833 4019 865 4072 et
883 4010 1116 4072 animadvertat
1136 4021 1172 4070 ut
1186 4011 1294 4074 oflicia

160 4109 218 4150 sua
232 4091 348 4153 sedulo
371 4104 545 4176 peragram
566 4095 697 4156 tandem
715 4092 802 4154 idem
820 4093 935 4155 Comes
945 4094 1057 4155 ¹omnia
1078 4115 1134 4154 sua
1149 4091 1208 4154 sibi
1231 4094 1296 4154 sin-

160 4172 352 4247 gulariterd
376 4175 468 4238 nobis
488 4177 685 4260 praescripta
711 4185 784 4237 toto,
802 4185 921 4238 conatu
943 4186 975 4239 et
991 4177 1115 4238 viribus
1136 4175 1294 4260 perficiat,

101 4256 106 4269 “
157 4263 256 4339 ¹atque
274 4256 317 4322 ita
330 4269 523 4331 memoratus
540 4269 648 4323 umber
664 4259 778 4329 Cernes
795 4259 1115 4328 Trutmannus'hcne
1131 4260 1292 4343 ingenuus
