2920 4972
181 317 262 402 52γ
441 337 585 416 acme
691 341 957 422 unumumn
1031 347 1116 414 .mt

220 525 269 585 Dc
284 519 485 600 Presbyteris
503 532 534 582 ct
558 519 702 595 clericis,
721 537 755 584 ut
775 545 827 584 cos
849 523 1102 597 Arcbidiaconus
1120 542 1273 592 convocet
1295 591 1299 596 .

639 629 685 690 ad
707 630 871 709 syosodum.

258 763 345 826 XXI.
386 765 435 826 Dc
449 759 649 847 Presbyteris
669 771 701 824 et
716 761 853 824 Clerieis
869 761 915 822 sic
930 762 1127 844 ordinamus,
1147 777 1184 827 ut
1193 769 1314 831 Archi-

177 847 332 910 diaconus
347 846 500 930 Episcopi
517 869 572 908 eos
586 847 627 906 ad
650 845 809 930 synodum
827 858 1028 908 commoneat
1045 850 1110 908 und
1140 873 1214 911 cum
1247 856 1313 915 Co·

175 931 263 992 mite.
305 930 348 990 Et
364 931 390 990 si
412 930 487 1010 'quis
500 929 741 1013 contempserit,
759 931 873 991 Comes
893 949 967 990 eum
989 931 1183 1015 distringere
1203 937 1312 1010 saciat,

97 1003 104 1016 ⁸
175 1024 208 1074 et
220 1013 465 1096 ipsePresbyter
481 1021 536 1072 aut
555 1013 709 1074 defensor
722 1034 799 1074 suus
815 1012 980 1093 sexaginta
991 1014 1112 1076 solidos
1128 1028 1311 1102 componat,

175 1107 208 1158 et
226 1097 267 1157 ad
283 1096 442 1176 synodum
459 1094 579 1157 veniat.
620 1096 661 1162 Et
676 1095 854 1178 Episcopus
872 1093 979 1178 ipsum
1005 1099 1234 1182 Presbyterum
1256 1109 1314 1160 aut

175 1179 342 1241 Clericum
362 1178 452 1238 iuxta
470 1177 658 1238 canonicam
677 1179 900 1240 auctoritatem
923 1179 1094 1240 diiudicari
1122 1183 1234 1255 faciat;
1263 1207 1314 1246 so-

173 1263 257 1323 lidos
275 1282 353 1324 vero
370 1261 537 1342 sexaginta
554 1271 734 1342 componat.
775 1262 818 1322 Et
843 1260 870 1321 si
899 1259 1018 1344 aliquis
1038 1285 1100 1346 per
1121 1265 1313 1328 violentiam

172 1345 413 1428 Presbyterum,
441 1353 498 1404 aut
530 1343 706 1424 Clericum,
739 1354 795 1404 aut
822 1344 1041 1406 incestuosum
1066 1349 1311 1426 contradixerit,

172 1437 251 1488 tunc
271 1430 385 1488 Comes
402 1427 503 1508 ipsam
520 1447 691 1510 personam
704 1449 763 1509 per
780 1426 984 1489 fideiussores
999 1429 1141 1513 positum
1160 1441 1234 1493 ante
1252 1435 1313 1498 Re-

171 1533 245 1592 gem
259 1509 372 1572 venire
395 1508 489 1578 faciat
508 1511 573 1570 unb
595 1530 670 1569 cum
695 1511 792 1572 Misso
820 1509 992 1594 Episcopi,
1014 1521 1046 1574 et
1067 1516 1215 1577 Domnus
1241 1516 1313 1578 Rex

173 1593 352 1675 distringat,
380 1601 415 1652 ut
430 1592 551 1654 caeteri
573 1593 798 1656 emendentur.
813 1600 850 1674 y)

494 1879 751 1962 Pierius
792 1899 976 1965 ruc1s

243 2043 462 2118 Constitutio
488 2046 693 2138 generalis,
721 2046 767 2114 de
789 2046 939 2116 letamiis
951 2044 1149 2140 faciendis
1162 2071 1235 2141 pro
1280 2133 1281 2136 Ἴ

154 2155 157 2161 „
582 2167 748 2240 ubertate
773 2182 909 2240 terroe.

500 2327 595 2398 Date
630 2351 724 2401 anuo
756 2329 997 2403 DCCLXIV.

173 2537 344 2673 prierius,
365 2596 465 2678 gratia
494 2597 557 2658 Dei
584 2599 654 2659 Rex
685 2599 895 2676 Francorum,
918 2597 969 2660 vir
996 2596 1135 2673 illuster,
1165 2596 1306 2660 Domino

170 2687 281 2740 sancto
295 2679 383 2739 Patri
398 2679 505 2758 Lullo,
525 2681 694 2764 Episcopo.
717 2683 893 2764 Cognitum
917 2681 1034 2742 scimus
1055 2680 1216 2741 sanctitati
1232 2687 1309 2743 'ves-

171 2770 238 2822 trae
258 2763 389 2843 qualem
405 2762 559 2846 pietatem
588 2773 619 2824 et
647 2764 901 2826 misericordiam
925 2766 1013 2826 Deus
1038 2764 1117 2824 fecit
1132 2765 1309 2846 praesenti

171 2844 312 2904 annoin
330 2855 417 2905 terra
431 2845 499 2906 ista.
541 2847 641 2908 Dedit
655 2847 899 2909 tribulationem
921 2868 980 2930 pro
1013 2845 1142 2908 delictis
1171 2847 1308 2924 nostris;

170 2937 243 3008 post
268 2927 513 3004 tribulationem
532 2939 650 3008 autem,
668 2952 815 3013 magnam
838 2939 935 3012 atque
955 2928 1136 2991 mirabilem
1158 2929 1309 2990 consola-

167 3010 295 3072 tionem
312 3011 379 3074 sive
398 3011 626 3072 abundantiam
643 3015 767 3074 fructus
783 3019 899 3090 terrae,
915 3034 1013 3095 quam
1030 3012 1126 3072 modo
1145 3011 1311 3072 habemus.

172 3093 216 3152 Et
235 3094 276 3153 ob
291 3093 353 3155 boc
373 3103 468 3175 atque
490 3117 549 3177 pro
566 3096 637 3156 aliis
667 3097 770 3158 causis
805 3095 922 3157 nostris
953 3115 1034 3178 opus
1063 3103 1110 3155 est
1137 3093 1230 3155 nobis
1259 3093 1310 3152 illi

173 3177 291 3256 gratias
312 3197 417 3258 agere,
436 3178 512 3259 quia
527 3178 675 3261 dignatus
697 3189 745 3241 est
761 3201 870 3242 servos
885 3199 958 3238 suos
979 3176 1139 3238 consolari
1160 3197 1219 3260 per
1239 3175 1310 3237 eius

173 3258 435 3319 misericordiam.
479 3260 533 3320 Sic
551 3261 643 3323 nobis
662 3263 803 3340 ridetur,
825 3271 861 3321 ut
887 3260 1007 3341 absque
1035 3259 1160 3319 ieiunio
1185 3259 1309 3318 indicto

174 3341 399 3436 unusquisque
424 3341 601 3426 Episcopus
627 3345 660 3404 in
683 3367 740 3405 sua
772 3342 925 3427 parocbia
948 3341 1084 3404 letanias
1110 3341 1218 3418 faciat,
1242 3363 1309 3400 non

174 3444 248 3482 cum
267 3425 403 3500 ieiunio,
423 3425 485 3485 nisi
500 3429 625 3488 tantbm
647 3428 681 3486 iu
698 3427 793 3488 laude
812 3425 886 3503 Dei,
902 3424 960 3506 qui
980 3425 1079 3484 talem
1095 3423 1188 3487 nobis
1205 3424 1309 3482 abun-
1396 3437 1406 3448 “

173 3505 315 3566 dantium
336 3507 439 3587 dedit;
463 3517 494 3568 et
515 3511 610 3569 faciat
633 3510 856 3590 unusquisque
884 3507 982 3568 homo
1005 3529 1061 3567 sua
1095 3506 1309 3587 eleemosyna,

173 3598 205 3648 et
223 3597 381 3672 pauperes
402 3599 518 3672 pascat.
560 3593 602 3652 Et
618 3593 663 3652 sic
680 3593 867 3674 praevidere
895 3590 1020 3650 faciatis
1042 3599 1074 3650 et
1097 3588 1247 3648 ordinare
1268 3587 1309 3647 de

172 3673 273 3734 verbo
302 3681 421 3748 nostro,
455 3683 490 3732 ut
517 3675 740 3756 unusquisque
772 3675 880 3748 hom0,
915 3683 970 3732 aut
995 3673 1094 3736 vellet
1118 3679 1173 3730 aut
1194 3670 1309 3747 nollet,
1388 3739 1394 3746 Ι

172 3776 262 3816 suam
283 3754 440 3816 decimam
456 3756 564 3816 donet.
608 3759 722 3822 Valete
746 3748 780 3819 in
800 3755 939 3818 Christo.

201 4131 351 4198 y)1nms.
377 4141 484 4177 rursum
509 4125 654 4182 subiicitur
685 4127 837 4200 capitulum
868 4129 922 4182 iarn
952 4121 1032 4203 supra
1059 4125 1177 4182 relatum
1207 4127 1237 4178 in
1254 4123 1312 4196 ¹Sy·

259 4198 331 4254 noto
349 4197 481 4253 Vernensi
497 4213 519 4251 c.
545 4196 583 4264 14.
