2928 4986
287 257 292 288 J

247 387 392 446 ncne.
497 373 891 442 incantamentum
998 383 1061 442 sn.
1178 357 1249 432 315

123 532 164 593 Ut
177 532 205 590 si
221 530 388 592 necessitas
404 526 633 612 postulaverit,
652 523 818 584 Monochis
830 538 904 605 post
917 525 1132 609 uespertinum
1149 522 1252 584 cibum

160 627 232 674 arete
244 613 410 672 lectionem
425 610 660 691 Completorurn
675 621 768 690 potus
784 608 950 668 tribuatur.
969 608 1126 666 Similiter
1138 625 1214 688 quu-

159 693 364 776 drngesirnoli
399 705 563 775 tempore,
600 689 656 751 uel
687 688 814 786 quando
844 705 1041 754 mortuorum
1068 687 1214 772 officium

625 784 755 852 egerint.

200 883 272 943 XII.
316 883 359 942 Ut
372 881 398 942 si
420 879 593 942 necessitas
613 876 799 960 poposcerit
818 877 858 938 ob
876 877 983 959 operis
1004 877 1167 956 lahorem,
1185 885 1258 960 post
1338 933 1345 954 ,

116 966 329 1029 refectionem
343 964 579 1046 vespertinam,
596 961 693 1022 etiam
706 959 786 1022 etin
802 960 1053 1042 Quadregesimn
1065 961 1136 1044 pari
1149 959 1257 1036 modo,

119 1057 150 1109 et
175 1047 306 1129 qnando
330 1047 471 1108 officinm
498 1055 700 1105 mortuorum
722 1042 924 1120 celebratur,
949 1045 1139 1127 priusquam
1159 1043 1258 1106 lectio

118 1129 322 1216 completorii
343 1130 489 1210 legatur,
511 1129 635 1190 bibant.

354 1239 404 1298 De
418 1238 578 1298 Monuclw
602 1239 621 1297 ct
640 1237 756 1297 Priore
775 1256 831 1296 suo
854 1237 1028 1322 increpato.

199 1341 294 1406 XIII.
338 1345 381 1405 Ut
403 1365 477 1404 cnm
499 1345 517 1404 e
536 1363 734 1424 quoeunque
752 1341 865 1403 Priore
891 1363 950 1402 suo
971 1342 1155 1425 increpatus
1184 1338 1258 1422 quis

118 1448 232 1488 eorum
245 1425 362 1504 fuerit,
378 1425 453 1486 Meu
471 1424 565 1511 culpet
587 1425 691 1510 primo
715 1423 822 1495 dicat;
853 1424 974 1486 dehinc
994 1435 1204 1508 prosternens
1223 1443 1256 1484 se

118 1509 208 1570 illius
224 1509 361 1591 pedibus
380 1531 455 1570 enm
469 1531 569 1592 eappa
579 1554 588 1586 ,
609 1509 636 1570 si
648 1506 816 1584 hahuerit,
832 1507 963 1569 veniam
981 1518 1078 1590 petat.
1121 1509 1164 1568 Et
1177 1517 1259 1567 tuuc

117 1591 251 1652 iubente
265 1591 380 1654 Priore
396 1597 590 1674 surgatur),
606 1601 640 1653 et
649 1591 737 1652 nnde
755 1590 971 1674 interrogatus
986 1593 1088 1652 fuerit
1099 1589 1259 1676 rationem

117 1673 288 1734 humiliter
302 1675 426 1762 reddat.
472 1699 477 1708 ·

123 1779 166 1842 Ut
187 1779 267 1840 nudi
282 1799 345 1866 pro
363 1781 504 1865 qualibet
519 1780 612 1865 culpa
627 1801 734 1841 coram
749 1781 821 1874 eliis
840 1802 904 1842 non
926 1749 1079 1867 vapulent
1095 1781 1257 1842 Monaclzi.

200 1887 287 1948 XIV.
330 1889 374 1947 Ut
388 1887 469 1948 nudi
486 1908 546 1970 pro
568 1886 715 1968 qnalibet
734 1887 831 1971 culpa
856 1894 982 1965 (eornm
1005 1891 1143 1950 fratrum
1162 1891 1258 1950 obtu-

23 2041 25 2048 .
120 1968 204 2031 tibus
225 1968 520 2052 nonvtlagellentur
536 1975 582 2049 x).

353 2075 401 2135 Ne
414 2076 477 2136 soli
490 2079 525 2135 in
538 2077 651 2136 itinere
668 2073 848 2154 dirigantur
860 2077 1022 2139 Monachi.

200 2179 276 2248 XV.
303 2183 362 2242 Ut
380 2181 441 2243 soli
462 2175 626 2245 videlicet
640 2181 710 2242 sine
733 2181 798 2242 alio
817 2183 916 2247 fratre
939 2183 971 2244 in
992 2185 1076 2246 viam
1093 2207 1159 2248 non
1182 2187 1259 2249 diri·

120 2273 246 2346 gantur.
734 2301 736 2306 .

222 2351 277 2432 Ne*
293 2374 355 2436 sili
376 2387 551 2470 compatres
573 2371 628 2432 uel
646 2383 830 2432 commatres
850 2374 1155 2455 Monaclzifaciunt.
1208 2398 1211 2406 ¹

201 2457 289 2520 XVI.
331 2458 375 2517 Ut
390 2455 450 2516 sih1
464 2464 642 2540 compatres
656 2463 886 2518 commatresve
902 2479 968 2519 non
982 2457 1121 2536 faciant,
1138 2459 1257 2540 (neque

122 2538 312 2598 osculentur
329 2538 466 2600 feminas
483 2543 527 2617 z).

119 2645 167 2711 Ne
182 2659 377 2706 murmurent
393 2646 545 2706 Menaeni
566 2656 704 2725 tempore
726 2643 852 2724 legendi
870 2659 901 2706 et
915 2647 1093 2710 meridiano
1112 2651 1260 2732 occupati
1303 2698 1306 2716 ,

138 2723 139 2734 ’
491 2727 537 2789 ud
556 2725 750 2804 colligendus
763 2725 887 2808 fruges.

196 2811 301 2872 XVII.
351 2816 394 2874 Ut
428 2810 454 2872 si
487 2809 660 2872 necessitas
700 2809 801 2870 fuerit
828 2833 881 2872 eos
907 2815 1058 2898 occupari
1087 2815 1122 2875 in
1146 2815 1258 2898 fruges

119 2892 326 2976 colligendo,
342 2905 396 2956 aut
409 2895 443 2954 in
463 2893 525 2954 alia
542 2913 656 2974 opera,
678 2893 906 2968 (constitutum
921 2897 1053 2979 legendi
1074 2907 1106 2958 et
1121 2897 1266 2959 meridie.

116 2977 273 3059 pausandi
290 2987 417 3063 tempus
428 2975 713 3060 praetermittatur,
730 2985 762 3036 et
778 2989 946 3060 operantes
961 3002 1026 3042 non
1042 2990 1257 3062 murmurent.

246 3086 296 3144 De
314 3085 482 3146 Monachis
499 3081 614 3166 quant
637 3096 667 3142 et
686 3081 779 3142 seretti
790 3083 884 3164 feriet
901 3087 1121 3151 ieiunantibus.

197 3167 325 3230 XVIII.
368 3170 411 3228 Ut
424 3171 538 3250 quarti
554 3175 587 3228 et
603 3167 692 3226 sexti
712 3165 793 3231 feriet
807 3165 1008 3248 ieiunantes,
1032 3179 1106 3230 ante
1125 3190 1253 3250 nonam,

118 3258 173 3310 ant
188 3260 262 3333 post
279 3272 416 3328 nonam,
429 3251 466 3313 ⁴si
488 3249 661 3312 necessitas
677 3247 799 3327 fuerit,
816 3249 907 3310 iuxta
920 3251 1042 3314 Prioris
1062 3252 1255 3334 arbitrium,

117 3333 204 3395 levia
221 3355 319 3416 opere
340 3343 523 3398 exerceant.

160 3439 256 3501 Utin
280 3440 547 3526 quadragesimali
572 3455 711 3524 tempore
738 3439 891 3500 Monacti
915 3441 1013 3504 libros
1042 3447 1209 3530 occipiunt.

199 3525 286 3584 XIX.
328 3526 370 3585 Ut
383 3525 418 3584 in
429 3523 678 3606 Quadragesimn
695 3521 787 3582 libris
804 3523 843 3583 de
857 3522 1056 3590 bibliotheca
1071 3532 1255 3593 secundnm

115 3603 238 3666 Prioris
252 3606 494 3688 dispositionem
512 3605 671 3690 acceptis,
693 3605 790 3682 ulios,
809 3605 871 3666 nisi
885 3606 980 3672 Prior
998 3608 1182 3676 decreverit
1198 3636 1253 3677 ex·

114 3686 248 3768 pedire,
269 3709 335 3748 non
354 3689 523 3773 accipiant.

149 3849 190 3906 w)
208 3843 242 3894 al.
257 3859 304 3895 ms.
325 3845 359 3896 Ut
375 3863 434 3898 cum
451 3847 556 3899 Allato
581 3847 623 3900 vel
640 3864 658 3897 a
742 3853 776 3906 x)
794 3847 884 3900 arms.
898 3866 991 3902 coram
1006 3851 1072 3904 aliis
1092 3867 1151 3906 nou
1162 3869 1254 3926 uapu-

217 3931 382 3987 quocunque
392 3917 489 3970 Priore
500 3935 550 3969 suo
568 3917 660 3968 incre·
813 3921 872 3972 lent
886 3921 1025 3974 monachi.

215 3997 296 4055 putus
305 3987 367 4057 quis
376 4005 469 4039 eorum
469 3986 577 4060 suerit,
597 4005 660 4037 mox

190 4090 192 4098 ‚
218 4056 279 4106 sine
299 4073 376 4107 mora
386 4070 565 4126 prosternens
583 4057 660 4108 illius

213 4123 349 4195 pedibus,
368 4128 433 4179 Meu
450 4128 531 4196 culpa
545 4128 661 4192 primum

217 4194 295 4250 dicat
310 4197 351 4246 ita
371 4195 585 4253 utindmusest.
621 4197 659 4248 Et
742 4204 778 4264 z)
797 4197 830 4248 al.
849 4213 911 4254 mss.
931 4217 1019 4273 neque
1029 4200 1155 4272 feminas
1176 4221 1255 4259 oscu-

144 4319 146 4340 Ι
215 4279 281 4318 tunc
298 4267 411 4322 invente
426 4269 523 4324 Priore
542 4277 656 4338 surgat,
812 4270 893 4332 lent,·
926 4283 951 4322 et
969 4270 1075 4322 nullam
1104 4275 1256 4342 quamlibet

216 4348 266 4389 ete.
815 4340 955 4414 nrulierem
974 4342 1139 4397 osculentur.

739 4025 777 4090 y)
794 4023 828 4075 al.
839 4038 888 4076 ms.
900 4023 935 4076 Ut
945 4025 1019 4077 solus
1028 4024 1088 4079 sine
1098 4027 1189 4081 altero
1198 4047 1255 4082 mo·

752 4111 754 4118 ·
814 4091 903 4146 nacto
920 4097 951 4146 in
972 4098 1017 4148 oia
1033 4115 1091 4150 non
1104 4097 1252 4170 dirigatur.
