2952 4988
158 275 255 354 'tto
410 293 446 350 ι.
464 291 553 350 cus.
656 289 915 352 carituram
1017 291 1082 350 su.

176 458 291 502 eorum
310 435 491 498 secundum
504 433 654 496 ordinem
667 434 824 498 canonice
848 457 884 496 ac
910 430 1109 518 regulariter
1135 430 1264 510 vivant,
1291 440 1329 494 ct

177 541 243 584 non
268 519 431 594 similiter;
460 519 582 595 idest,
612 529 649 578 ut
668 519 842 581 refectoria
862 527 894 580 ct
921 514 1114 578 dormitoria
1133 516 1200 578 und
1225 515 1329 582 simul

177 605 408 680 observentur,
437 601 710 684 quemadmodum
735 603 924 666 iamdudum
950 599 985 660 in
1016 599 1175 682 Capitulis
1204 599 1334 665 nostris

177 687 363 750 iniunctum
381 685 546 748 habemus.

260 772 300 836 V.
342 773 390 831 Dc
408 767 611 830 monasteriis
631 769 827 852 puellarum,
850 777 887 829 ut
905 764 1107 850 Presbyteris
1127 774 1219 829 certo
1237 777 1329 830 tem-

177 875 256 941 pore
275 853 316 914 ad
332 853 501 914 Missurum
524 851 683 914 solemnia
698 853 895 914 celebranda
916 849 1013 912 liceat
1034 850 1074 911 sd
1091 869 1143 912 eas
1160 849 1195 909 in
1210 851 1331 914 Eccle-
1446 911 1447 914 ,

178 939 225 1002 sia
250 935 447 1014 convenire,
477 943 511 996 ct
531 955 606 997 mox
625 935 665 998 ad
684 935 830 1019 proprias
852 933 960 996 redire
976 932 1150 994 Ecclesiss.
1192 930 1330 998 Caetcri

178 1041 259 1084 vero
273 1017 392 1080 Clerici
414 1018 467 1080 rcl
490 1017 564 1078 laici
585 1019 737 1080 similiter
750 1017 985 1095 observentur,
1007 1025 1044 1077 ut
1062 1036 1272 1099 nequaquam
1292 1016 1330 1075 in

180 1103 293 1166 eudem
309 1099 499 1162 monasteria
524 1101 652 1182 ingredi
672 1101 829 1178 audeant,
854 1100 917 1162 nisi
941 1098 1141 1168 necessitatis
1160 1123 1257 1163 causa
1276 1100 1331 1182 ip·

180 1186 247 1250 sius
265 1183 451 1246 monasterii
467 1185 671 1264 compulerit.
712 1185 782 1248 Hoc
799 1195 907 1246 tamen
922 1205 998 1246 cum
1012 1203 1135 1245 summa
1152 1183 1334 1268 providen-

180 1269 227 1330 tia
242 1265 395 1350 Episcopi
415 1267 468 1330 vel
487 1265 672 1330 Abbatissae
687 1267 752 1330 fiat.
795 1267 953 1330 Similiter
976 1275 1009 1330 et
1027 1265 1091 1326 hoc
1105 1264 1250 1347 pleniter
1273 1265 1331 1328 ob·

181 1349 379 1496 gersandum
405 1349 463 1428 sit,
500 1359 538 1411 ut
562 1351 702 1413 feminac
728 1372 789 1435 per
811 1351 923 1414 domos
954 1347 1160 1412 Clericorum
1193 1349 1332 1412 minime

208 1431 379 1494 iscurrant.

312 1611 579 1676 CAPITULARE
608 1613 838 1678 SECUNDUM
871 1615 970 1676 ANNI
998 1615 1207 1678 Dcccxttl.

190 1733 276 1806 Sive
303 1731 471 1826 Ospitula
505 1733 633 1826 viginti
669 1737 716 1806 de
747 1736 896 1804 iustitiis
928 1735 1122 1822 faciendis,
1158 1758 1207 1808 ex
1231 1733 1339 1827 chu

387 1831 524 1924 Sulica,
551 1833 717 1908 Romana
741 1847 779 1906 ct
803 1834 1040 1908 Gundobada
1077 1835 1138 1929 w).

190 1953 376 2090 Κιιοιυε,
397 2013 621 2076 screnissimus
641 2015 822 2098 Imperator
835 2014 1008 2098 Augustus,
1026 2016 1130 2076 iDco
1147 2023 1336 2094 coronatus,

189 2117 342 2241 iiiiii
366 2096 603 2242 liniti.
617 2097 1337 2244 ttitt⁰tltt..ll¹;tln.ttt‘itt

192 2223 354 2324 consensui
368 2202 572 2344 consilioqiie
590 2264 760 2325 coustituit
779 2285 819 2326 ex
838 2267 924 2346 Lege
946 2265 1062 2342 Salina,
1078 2225 1224 2326 Romani
1237 2273 1338 2360 utque

1446 1769 1448 1852 t

1446 2009 1448 2124 l

193 2343 412 2418 Gundobuda,
442 2345 594 2428 Capitula
622 2347 682 2410 ista
705 2347 739 2407 in
765 2347 886 2429 palatio
905 2348 1028 2430 Aquis,
1059 2357 1339 2430 utunusqutsque
1447 2395 1448 2412 ι

194 2425 300 2487 fidelis
315 2425 452 2488 iustitias
473 2429 608 2504 faceret,
628 2452 721 2512 quac,
729 2439 760 2492 et
776 2431 844 2512 ipse
860 2453 956 2491 manu
978 2430 1110 2514 proprii
1128 2429 1267 2496 firmarit
1282 2432 1341 2492 Ca-

193 2509 299 2593 pitula
319 2509 390 2588 ista,
407 2519 444 2570 ut
461 2531 573 2574 omnes
587 2513 700 2576 fideles
718 2535 816 2574 manu
838 2513 989 2576 roborare
1006 2513 1215 2576 studuissent.

398 2703 400 2710 ·
501 2661 645 2724 lunen
683 2665 1049 2726 Csrrrunonun.

231 2819 255 2858 ¹·
331 2846 347 2886 e
380 2847 459 2887 curn
480 2840 510 2887 et
535 2825 749 2890 sollicitudine
819 2827 850 2891 8.
875 2826 918 2890 Ut
948 2825 1073 2888 W'cnrii
1110 2825 1256 2911 luparios
1284 2826 1345 2885 lra-

288 2907 529 2994 Episcoporum.
882 2911 983 2971 beant.

228 3035 257 3076 2.
278 3015 327 3075 De
340 3013 505 3088 Ecclesir's,
520 3015 643 3088 uiduis,
658 3029 752 3101 etpu-
820 3039 851 3100 9.
872 3015 920 3078 De
935 3019 1021 3079 hoste
1037 3015 1202 3104 pergendi.

1446 2425 1448 2500 l

1334 2710 1337 2720 .
1443 2505 1449 2742 l

286 3098 390 3182 Vim&
409 3111 443 3158 αἱ
456 3121 567 3182 imm
580 3099 724 3162 habeam·
805 3147 850 3187 ιο.
872 3125 921 3185 De
935 3125 1085 3222 dispensa
1103 3126 1195 3204 Regis
1211 3135 1242 3184 et
1260 3121 1350 3205 Opti·
1448 3097 1449 3106 ἵ

140 3276 144 3284 ¹
228 3206 258 3265 5.
284 3203 329 3266 Ut
350 3207 490 3268 iumenta
512 3209 576 3267 sive
601 3206 753 3268 animalia
882 3221 1000 3269 motum
1014 3231 1048 3268 in
1063 3229 1156 3269 carro
1172 3205 1329 3267 ducenda.

287 3308 398 3371 pacem
423 3290 566 3352 habeant.
655 3317 664 3334 .

229 3393 260 3470 4.
282 3393 332 3453 De
355 3396 403 3454 liis
418 3399 473 3479 qui
491 3395 646 3482 beneficia
661 3417 754 3478 rega·
884 3398 1037 3461 habendis
1079 3399 1118 3460 ab
1160 3416 1348 3481 unoquoq&

293 3477 340 3535 iia
361 3479 485 3540 habent.
885 3481 1007 3548 Iudice.
1319 3522 1321 3526 .

232 3582 261 3647 5.
283 3583 332 3644 De
353 3583 491 3646 Vicariis
508 3599 538 3647 et
554 3585 758 3648 Centenariis.
812 3589 927 3650 12.De
948 3610 1053 3672 poena
1083 3590 1244 3650 hominum
1276 3585 1353 3648 boni

230 3689 261 3752 6.
283 3691 333 3750 Dc
363 3692 524 3772 ingenuis,
562 3694 592 3752 si
619 3695 760 3754 intestati
889 3673 1012 3752 genem
1029 3673 1083 3754 ‘iul
1098 3669 1206 3754 iniqui
1225 3681 1333 3750 adum·

295 3772 497 3836 decesserint.
814 3781 859 3841 ιδ.
882 3779 929 3839 De
944 3781 1068 3841 latrone
1087 3780 1143 3862 qui
1162 3777 1208 3839 ad
1220 3785 1354 3841 mortem

235 3901 263 3961 7.
288 3880 377 3962 Quid
396 3883 438 3940 sit
453 3881 609 3962 agendum
628 3885 656 3942 si
672 3885 760 3945 licre·
890 3859 1171 3944 ἱαάίωωθῘῑωΓῘῑ·

297 3962 353 4022 des
374 3963 415 4023 de
437 3965 609 4026 liereditate
623 3968 708 4028 inter
726 3989 759 4031 se
813 3971 859 4048 14.
880 3969 929 4030 De
964 3966 1141 4029 Advocatis
1175 3967 1356 4052 Episcopo-

298 4045 490 4106 contsnt'iosi·
510 4050 639 4128 egerint.
892 4073 963 4114 rum
979 4063 1010 4113 ct
1021 4051 1186 4114 Abbatum.

224 4177 464 4195 m

251 4263 276 4296 ιν
277 4250 302 4309 J
328 4243 362 4296 al.
382 4262 440 4298 mss.
462 4247 603 4299 Gombots.

806 3337 852 3375 ιι.
872 3315 921 3376 De
944 3317 1123 3378 carceribus
1145 3329 1176 3378 ct
1193 3315 1349 3400 patibulis
1448 3277 1449 3328 i
