2952 4988
266 365 409 422 acan.
516 335 918 417 nsounrnancoaun'
1012 365 1074 420 sn.
1167 345 1237 417 all
1305 383 1307 388 ,

104 509 278 594 Apostolus
296 508 355 568 ait:
384 505 482 566 Nemo
501 502 640 563 militans
658 501 727 562 Deo
748 501 889 584 implicat
909 525 941 563 se
962 509 1095 587 negotiis
1118 509 1238 568 seculo-

105 595 207 664 ribus,
233 593 284 654 vel
305 590 345 652 ad
361 609 442 670 quos
466 606 571 647 sermo
591 584 651 646 iste
668 583 841 667 pertineat.

189 676 229 736 V.
271 673 360 753 Quid
380 669 422 731 sit
442 668 531 753 quod
551 667 774 750 unusquisque
802 665 1005 730 Christianus
1030 668 1064 730 in
1084 671 1242 754 baptismo

105 757 280 844 promittat,
298 755 351 818 vel
372 751 491 836 quibus
512 750 729 812 abrenuntiet.
1073 759 1075 764 '

191 841 247 902 Vl.
291 842 382 918 Quae
407 834 560 898 sectando
584 833 637 895 vel
662 835 859 918 negligendo
882 835 981 918 ipsam
1009 855 1244 900 suamrennn-

106 922 275 986 tiationem
291 921 343 983 vel
360 916 678 980 abrenuntiationem
699 917 822 978 irritam
844 919 950 979 faciat.

190 1007 263 1067 Vll.
305 1003 404 1082 Quod
426 1001 482 1061 ille
499 1001 584 1061 bene
605 999 639 1058 in
660 996 777 1060 Deum
791 1023 857 1064 non
880 1001 985 1064 credit
998 1001 1056 1083 qui
1075 1011 1246 1086 praecepta

109 1091 179 1151 eius
197 1087 329 1172 impune
349 1107 383 1147 se
400 1093 608 1146 contemnere
623 1089 733 1164 putat,
763 1084 821 1146 vel.
838 1084 896 1167 qui
920 1106 956 1146 ea
976 1085 1068 1167 quasi
1086 1105 1150 1146 non
1171 1107 1247 1146 vcn-

108 1183 182 1234 tura
200 1171 255 1232 des
280 1169 337 1231 icit
360 1189 444 1250 quae
463 1167 519 1226 ille
537 1165 750 1230 comminatus
769 1177 826 1229 est.

193 1194 282 1317 Vlli.
325 1251 423 1330 Quod
440 1249 474 1310 in
496 1247 589 1308 nobis
609 1248 856 1330 despiciendum
872 1259 922 1312 est
940 1248 1050 1310 utriam
1063 1249 1140 1310 vere
1155 1249 1248 1312 Chri·

111 1336 207 1400 stiani
235 1329 355 1398 sumus.
398 1332 496 1412 Quod
519 1331 553 1390 in
580 1331 840 1394 consideratione
858 1332 942 1394 vitae
963 1333 1017 1393 rel
1041 1353 1168 1392 morum
1188 1355 1250 1394 no-

112 1433 251 1483 strorum
274 1415 431 1479 facillime
459 1413 609 1498 cognosci
631 1422 754 1496 potest,
786 1415 813 1478 si
835 1415 1010 1498 diligenter
1030 1416 1250 1478 conversatio-

113 1521 196 1566 nem'
207 1523 315 1564 coram
332 1499 493 1562 discutere
515 1496 724 1560 voluerimus.

196 1585 252 1646 lX.
293 1585 343 1644 De
370 1581 437 1643 vita
470 1587 503 1641 et
526 1579 668 1640 moribus
693 1588 858 1664 pastorum
886 1586 1089 1660 nostrorum,
1128 1580 1162 1642 id
1192 1591 1252 1660 est,

113 1669 361 1752 Episcoporum,
384 1662 442 1746 qni
457 1663 579 1748 populo
598 1663 659 1723 Dei
681 1685 745 1722 non
768 1662 874 1723 solbm
895 1662 1054 1742 docendo,
1078 1663 1137 1725 sed
1155 1664 1253 1724 etiam

114 1751 270 1830 vivendo,
291 1747 476 1830 exemplum
494 1747 617 1806 honum
640 1745 716 1806 dare
739 1745 867 1806 debent.
908 1745 989 1828 Ipsis
1009 1768 1148 1829 namque
1165 1749 1253 1830 Apo-

116 1835 237 1896 stolum
259 1831 377 1894 dixisse
395 1829 568 1905 credimus,
590 1827 646 1888 ubi
668 1827 763 1889 dicit:
785 1829 965 1911 [miratores
986 1827 1050 1890 mei
1072 1841 1192 1902 estote,
1222 1843 1253 1890 et

117 1917 283 1980 obseruate
299 1934 352 1975 eos
367 1913 423 1996 qui
437 1913 483 1972 itu
497 1911 658 1972 ambulant
669 1913 750 1972 sicut
766 1911 886 1971 habetis
900 1909 1045 1992 formam
1062 1924 1213 1986 nostram.

199 1999 239 2059 X.
279 1999 327 2060 De
350 1997 416 2060 vita
438 2015 552 2062 corum
578 1993 637 2077 qui
664 1993 820 2056 dicuntur
844 1993 1022 2074 Canonici,
1052 1993 1158 2078 qualis
1187 2016 1255 2058 esse

118 2081 245 2145 debeat.

201 2164 256 2225 XI.
303 2165 353 2224 De
381 2157 628 2223 conversatione
659 2159 917 2238 Monachorum,
947 2168 980 2220 et
1013 2159 1122 2220 utrum
1153 2159 1256 2243 aliqui

118 2245 272 2310 Monachi
300 2266 369 2309 esse
388 2241 513 2328 possint
535 2251 664 2324 praeter
689 2264 743 2304 eos
768 2243 827 2325 qui
853 2244 999 2326 regulam
1026 2244 1126 2304 sancti
1150 2245 1258 2306 Bene-

121 2330 199 2392 dicti
214 2329 394 2391 observant.
426 2323 665 2406 Inquirendum
684 2327 780 2387 etiam
797 2327 824 2387 si
840 2327 874 2386 in
892 2326 997 2388 Gallia
1011 2325 1161 2387 Monachi
1181 2327 1259 2389 fuis-

122 2422 196 2474 sent
213 2413 403 2496 priusquam
422 2406 553 2468 traditio
572 2410 705 2492 regulae
724 2409 826 2470 sancti
845 2407 1014 2470 Benedicti
1033 2407 1067 2468 in
1086 2407 1141 2471 has
1161 2431 1257 2494 paro-

122 2495 211 2556 chias
232 2491 444 2576 pervenisset.

206 2577 279 2637 Xll.
321 2576 384 2635 lsta
403 2570 602 2635 conservetis
625 2571 709 2632 sicut
733 2574 822 2637 vobis
844 2573 938 2636 decet
958 2581 991 2634 et
1012 2573 1045 2634 in
1068 2574 1158 2636 vobis
1183 2597 1260 2639 con·
1336 2573 1341 2579 ’

124 2659 206 2734 fido,
237 2656 373 2740 piissimi
391 2654 585 2732 Pontifices,
615 2664 648 2716 et
669 2655 703 2714 in
725 2667 882 2738 quantum
902 2655 1097 2739 investigare
1117 2679 1258 2740 possum,

125 2741 217 2838 vohis
237 2741 366 2802 mittero
388 2759 446 2799 seu
471 2736 611 2800 scribere
634 2759 699 2831 non
723 2741 860 2832 dubito..
888 2737 975 2801 Bene
999 2742 1104 2803 valete
1132 2741 1166 2800 in
1190 2744 1259 2816 Do-

125 2843 229 2896 mino.

142 2933 145 2938 ¹
186 3005 189 3013 ‚
255 2969 522 3052 CAPITULARE
557 2970 788 3032 sacuunuu
820 2969 920 3032 aum
954 2973 1124 3035 ccccxi.
1190 3026 1191 3033 r

124 3093 221 3164 'Item
247 3089 370 3162 brevis
394 3087 653 3184 Capitulorum
679 3089 810 3182 quibus
822 3089 959 3182 fideles
983 3103 1131 3161 nostros
1148 3092 1261 3185 Epis-

127 3216 242 3288 copus
273 3206 309 3263 et
332 3188 502 3261 Aetates
535 3190 675 3281 alloqui
707 3191 874 3260 volumus
901 3202 936 3259 et
962 3214 1191 3272 commonere
1217 3195 1263 3260 de

306 3292 494 3360 communi
527 3289 692 3358 omnium
716 3291 884 3360 nostrzim
908 3291 1077 3360 utilitate.

128 3468 248 3552 capt.
278 3433 401 3554 primo
433 3489 750 3554 commemorandum
782 3499 829 3552 est
854 3491 943 3573 quod
970 3512 1057 3551 anno
1089 3475 1264 3574 praeterito

129 3577 191 3637 tria
210 3574 362 3640 triduana
383 3574 507 3637 ieiunia
523 3573 679 3651 fecimus,
709 3575 815 3634 Deum
832 3575 954 3636 orando
975 3584 1011 3634 ut
1027 3573 1084 3635 ille
1101 3574 1193 3660 nohis
1212 3574 1264 3634 di·
1364 3599 1368 3610 =

130 3666 285 3744 gnaretur
308 3657 478 3720 ostendere
503 3656 680 3738 inquibus
706 3658 907 3718 conversatio
937 3668 1045 3720 nostra
1071 3653 1179 3718 coram
1207 3658 1266 3717 illo

131 3739 297 3804 emendari
315 3739 489 3813 debuisset:
513 3739 601 3821 quod
625 3760 713 3799 nunc
735 3741 841 3800 facere
864 3739 1092 3802 desideramus.
1161 3795 1166 3814 ζ

211 3822 252 3882 ΙΙ.
301 3822 534 3900 Quaerendum
560 3831 608 3883 est
642 3822 676 3881 in
711 3821 822 3905 primis
851 3823 1107 3901 Ecclesiasticis,
1144 3822 1178 3883 id
1207 3831 1265 3899 cst,

131 3904 300 3988 Episcopis
317 3912 348 3964 et
365 3903 553 3982 Abbatihus,
582 3913 619 3964 ut
637 3903 687 3964 illi
708 3905 800 3966 nobis
822 3907 1017 3988 patefaciant
1037 3908 1077 3968 de
1098 3926 1267 3982 conversa-

132 3988 223 4049 tione
237 4010 294 4048 sua
306 3986 449 4070 qualiter
464 3986 571 4048 vivere
589 3987 738 4065 debcant,
761 3997 797 4047 nt
817 4009 1011 4072 cognoscere
1032 3989 1193 4052 valeamus
1213 3987 1268 4049 cui

31 4083 32 4088 ’
134 4071 173 4131 de
190 4070 256 4132 illis
272 4080 328 4132 aut
348 4069 471 4130 bonum
489 4078 545 4129 aut
563 4069 654 4130 aliud
671 4070 797 4152 aliquid
809 4073 981 4133 rel'raenati
998 4073 1132 4134 credere
1154 4071 1269 4132 debea-

33 4209 35 4220 ,
134 4175 218 4224 mus;
250 4163 282 4214 et
302 4163 339 4214 ut
364 4152 446 4214 scire
463 4151 620 4235 possimus
642 4152 675 4211 in
696 4162 853 4234 quantum
872 4156 1007 4218 cuilibet
1026 4149 1267 4228 Ecclesiastico,

36 4531 38 4586 l

37 4603 39 4666 l

33 4239 34 4264 ¹
136 4236 243 4314 idest,
264 4237 437 4332 Episcopo,
458 4235 512 4296 vel
530 4235 656 4314 Abbati,
677 4256 735 4296 seu
754 4236 924 4316 Monacho,
946 4237 1146 4300 secularibus
1168 4256 1270 4316 nego-

134 4319 187 4381 tiis
210 4341 243 4382 se
265 4341 433 4405 ingerere,
463 4328 519 4388 aut
538 4317 628 4401 quod
648 4319 778 4403 proprie
801 4320 964 4403 pertineat
984 4321 1024 4383 ad
1045 4319 1119 4380 illos
1140 4319 1197 4400 qni
1219 4319 1270 4377 di-

930 4436 975 4506 16
