2928 4986
250 369 286 428 a,
306 353 395 428 cua.
503 361 639 423 neuun
659 361 896 422 rannconun
1003 362 1066 422 ers.
1183 349 1252 425 371

118 504 275 590 vandum,
301 529 417 574 verum
435 515 469 570 et
487 515 598 568 utrum
612 505 734 568 Clerici
753 503 797 564 ibi
817 503 972 586 degentes
992 507 1168 572 monastice
1188 512 1257 572 vel·

118 597 192 656 lent
210 594 332 670 vivere,
347 613 387 651 an
402 609 478 652 non.
520 589 574 649 Illi
587 609 665 649 vero
683 587 800 650 nostris
813 585 1010 651 iussionibus
1029 591 1256 676 obtemperan-

116 685 181 755 tes,
198 678 282 739 sicut
299 674 391 736 nubis
404 671 591 770 praedictus
607 669 698 732 Hebe
711 668 982 753 Archiepiscopus
999 673 1207 752 renuntiavit,
1223 685 1257 738 et

119 751 232 842 aptum
262 758 372 818 locum
403 761 602 816 invenerunt
635 753 676 814 ad
704 773 850 813 normam
869 753 1053 835 regularem
1074 757 1257 820 custodien-

118 841 205 919 dam,
220 849 253 902 et
273 837 418 901 Clericos
439 837 484 897 ibi
502 837 656 919 degentes
680 843 794 918 sponte
812 833 910 895 vitam
929 838 1148 918 monasticam,
1171 840 1257 904 sicut

10 925 14 932 '
118 923 188 985 illis
202 920 338 1006 professi
354 929 441 998 sunt,
461 919 624 1000 suscipere
648 926 681 978 et
704 925 862 1000 perpetuo
880 919 1050 982 observare
1065 922 1164 985 velle.
1192 909 1258 987 Sed

117 1015 158 1066 ut
177 1005 362 1088 praedictus
382 1003 462 1064 ordo
476 999 670 1062 monasticus
686 999 721 1058 in
742 999 858 1062 eodem
873 999 947 1062 loco
965 1003 1081 1066 nostris
1108 1013 1140 1066 et
1164 1004 1257 1067 futu-

117 1089 164 1150 ris
177 1087 376 1170 temporibus
392 1085 434 1148 ad
455 1093 597 1145 nostram
625 1101 911 1164 successorumque
933 1093 1116 1148 nostrorum
1138 1107 1257 1172 perpe-

119 1172 458 1252 tuameleemosynam
474 1167 572 1250 digne
587 1164 823 1240 observaretur,
842 1173 874 1225 et
893 1165 1044 1228 Monachi
1059 1189 1120 1252 per
1137 1179 1258 1254 tempo.

117 1275 156 1315 ra
178 1253 332 1336 degentes
348 1249 529 1312 seeundum
549 1249 695 1330 regulam
715 1247 826 1308 Sancti
848 1247 1017 1311 Benedicti
1037 1253 1136 1313 vitam
1156 1253 1256 1336 dege·
1323 1253 1329 1267 ’

118 1343 211 1412 rent,
231 1334 414 1416 praedictus
431 1333 535 1392 Hauto
557 1331 665 1410 Abba,
691 1329 842 1414 precihus
867 1329 986 1410 quibus
1013 1333 1131 1413 valuit,
1161 1357 1257 1418 roga·

118 1418 168 1479 vit
185 1426 220 1476 ut
236 1425 382 1477 nostrum
409 1414 661 1477 confirmationis
682 1420 892 1496 praeceptum
913 1412 1004 1475 idem
1024 1419 1256 1480 monasterium

118 1495 242 1559 habere
266 1508 456 1575 mereretur,
487 1497 570 1558 sicut
595 1506 722 1558 caetera
742 1493 936 1557 monasteria
966 1498 1199 1561 Monachorurn
1220 1501 1256 1562 iu

119 1602 235 1664 regno,
255 1581 326 1642 Deo
341 1579 494 1665 propitio,
516 1589 625 1640 nostro
643 1579 761 1640 habere
782 1585 974 1640 noscuntur.
1015 1581 1116 1644 Cuius
1128 1583 1260 1666 petitio·

120 1685 198 1726 uem
212 1663 327 1724 iustam
342 1672 374 1724 et
389 1662 615 1724 rationabilem
631 1661 824 1738 iudicantes,
840 1679 900 1743 per
918 1660 977 1723 hos
995 1661 1179 1748 imperiales
1193 1666 1260 1748 api·

122 1766 177 1808 cos
198 1754 322 1808 nostros
336 1744 553 1829 praecipimus
574 1754 670 1826 atque
693 1743 842 1806 iubemus
864 1748 902 1804 ut
917 1743 1035 1807 abhinc
1058 1746 1093 1807 in
1110 1749 1260 1810 futurum

145 1828 323 1890 raedictum
343 1827 573 1890 monasterium
592 1827 653 1888 sub
680 1825 857 1887 monastico
883 1825 999 1888 ordine
1028 1829 1194 1924 persistat,
1225 1840 1259 1894 ct

119 1849 274 1973 litonachi
295 1909 340 1971 ibi
360 1911 513 1994 degentes
542 1909 601 1972 sub
637 1908 748 1991 regula
775 1907 884 1970 Sancti
912 1907 1094 1990 Benedicti,
1116 1912 1259 1976 Domino

120 1993 184 2055 sibi
200 1992 384 2068 adiuvante,
398 1992 587 2077 perenniter
607 1991 706 2053 vitam
725 1991 845 2055 ducant
858 1993 1073 2056 monasticam.
1093 1995 1136 2056 Et
1158 2017 1260 2080 quan.

120 2075 298 2157 doquidcm
312 2076 423 2138 divina
442 2077 611 2138 vocatione
629 2072 813 2157 praedictus
826 2073 916 2136 Abba
932 2074 971 2135 ab
984 2074 1047 2137 boc
1067 2079 1179 2141 seculo
1194 2081 1258 2141 mi·
1343 2074 1346 2080 ’

121 2157 274 2241 graverit,
295 2159 442 2240 quandiu
460 2157 522 2242 ipsi
537 2155 689 2219 Monachi
703 2155 790 2218 inter
807 2177 840 2217 sc
866 2154 966 2218 talem
994 2157 1117 2241 eligere
1139 2171 1258 2246 potue·

121 2240 190 2302 rint
208 2240 266 2322 qui
285 2241 352 2304 illis
375 2241 555 2303 secundum
571 2241 716 2322 regulam
739 2259 886 2323 praeesse
913 2247 948 2300 et
968 2243 1122 2322 prodesse
1145 2246 1257 2326 possit,

147 2343 183 2384 er
200 2321 284 2386 hanc
298 2335 439 2386 nostram
455 2323 678 2385 auctoritatem
695 2321 861 2383 licentiam
876 2319 1016 2385 habeant
1029 2323 1171 2407 eligendi
1190 2326 1258 2389 Ab.

122 2346 224 2483 butes,
274 2407 393 2469 naliter
413 2403 565 2488 Monachi
581 2427 641 2488 per
651 2415 795 2488 tempora
815 2402 861 2464 ibi
886 2402 1039 2487 degentes
1065 2429 1124 2490 pro
1153 2409 1258 2490 nobis,

124 2427 331 2570 coniugibus,
345 2511 381 2551 ae
398 2489 508 2550 liberis
525 2489 653 2565 nostris,
668 2509 727 2549 seu
741 2486 841 2548 totins
858 2487 952 2569 regni
964 2489 1064 2551 nostri
1074 2487 1258 2572 stabilitate,

125 2565 258 2630 Domini
279 2572 532 2634 misericordiam
550 2571 776 2632 indesinenter
792 2589 926 2632 exorare
948 2569 1162 2636 delectentur.
1215 2577 1258 2638 Et

126 2659 164 2711 ut
183 2649 264 2715 baec
278 2663 406 2716 nostrae
421 2653 619 2716 auctoritatis
635 2652 819 2736 praeceptio
832 2673 869 2713 ac
882 2651 1082 2716 confirmatio
1106 2678 1166 2739 per
1180 2677 1259 2718 cur·
1351 2693 1358 2702 ‚

124 2733 229 2794 ricula
248 2755 406 2798 annornm
426 2735 649 2799 inviolabilem
671 2745 767 2816 atque
790 2735 1016 2798 inconvulsam
1035 2737 1179 2800 obtineat
1201 2739 1259 2800 lir-

124 2814 268 2879 mitatem
286 2841 384 2880 manu
402 2819 532 2904 propria
551 2818 661 2880 subter
682 2817 879 2882 firmavimus
903 2828 936 2881 et
952 2820 1044 2882 anuli
1067 2821 1170 2882 nostri
1194 2821 1258 2884 im·

124 2900 290 2982 pressione
311 2902 430 2985 signari
446 2901 604 2964 iussimus.

206 2982 342 3068 Signum
365 2986 565 3046 Hrunouvrcr
584 2983 803 3066 gloriosissimi
824 2982 1037 3067 Imperatoris.

205 3067 343 3149 Signum
356 3068 536 3128 Huorunnn
553 3065 749 3128 serenissimi
762 3066 910 3150 Augusti.

203 3150 387 3228 Donamus,
407 3148 581 3226 Diaconos,
598 3150 638 3210 ad
662 3149 768 3210 vicem
784 3150 958 3210 Fneouorsr
974 3152 1173 3232 recognovit

204 3231 286 3292 Data
302 3232 342 3292 ll.
358 3231 435 3293 idus
463 3231 632 3294 Februarii
653 3249 739 3292 aluno
760 3231 890 3293 Christo
915 3231 1055 3316 propitio
1086 3235 1172 3298 XlV·
1195 3236 1256 3298 lm·

164 3312 204 3373 rii
224 3313 356 3374 Domini
385 3312 585 3378 Hludouvici
615 3313 750 3398 piissimi
775 3313 932 3396 Augusti,
967 3325 1000 3377 et
1025 3312 1185 3378 Hlotbarii
1214 3319 1245 3382 V

141 3395 239 3458 ndict.
274 3398 315 3460 V.
677 3461 687 3466 -

122 3557 148 3618 Α
203 3479 319 3541 Actum
336 3478 531 3562 Aquisgrani
548 3478 667 3564 palatio
686 3480 789 3564 regio,
808 3478 840 3538 in
861 3478 923 3540 Dei
948 3479 1078 3545 nomine
1101 3482 1254 3546 feliciter.

150 3579 233 3622 men.

263 3701 587 3765 CAPITULARE
625 3704 746 3766 ANNI
776 3703 1107 3768 Dcccxxvllr.

191 3809 361 3900 Qualiter
385 3825 583 3886 conventus
609 3815 878 3908 Episcoporum
909 3813 988 3883 lieri
1022 3817 1163 3887 debeat.

119 3901 233 4024 Anno
253 3969 343 4025 sexto
365 3961 490 4025 decimo
504 3975 661 4045 regnante
677 3966 806 4027 Domno
824 3964 1156 4044 nostroHlndourieo,
1173 3989 1251 4030 con·

119 4053 234 4106 ventus
253 4045 484 4128 Episcoporum
504 4045 600 4109 debet
613 4049 683 4110 fieri
702 4050 736 4108 in
755 4058 895 4130 quatuor
905 4049 995 4118 locis,
1009 4046 1044 4108 id
1063 4058 1122 4126 est,
1138 4049 1250 4114 iuMo·

119 4125 276 4206 gentiaco,
293 4129 326 4187 in
352 4149 418 4209 quo
443 4129 496 4192 isti
526 4130 769 4214 Archiepiseopi
798 4151 872 4192 cum
901 4151 1013 4192 eorum
1040 4127 1250 4214 suffraganeis

118 4209 290 4271 convenire
319 4211 450 4291 debent,
473 4211 654 4291 Autcarius,
681 4212 896 4290 Hadeballdus,
926 4214 1025 4291 Heni,
1051 4215 1247 4278 Bernuiuus.

119 4291 154 4352 lu
172 4291 296 4356 Purisio
321 4293 423 4374 Elabo,
451 4296 702 4379 Ragnowardns,
720 4298 944 4376 Lantrarnnus,
974 4293 1246 4382 Archiepiscopus
