2928 4986
291 295 433 352 acan.
543 290 938 348 anounraanconuu
1043 291 1103 350 aio.
1210 277 1281 348 307

142 435 353 498 minationem
371 434 488 496 Crucis
504 435 610 494 facere
628 439 829 516 praesurnat;
853 453 894 492 ne
910 453 991 514 quae
1002 431 1121 495 Christi
1135 427 1283 518 passione

144 519 322 603 glorificata
342 525 402 596 est,
419 517 595 580 cuiuslibet
609 516 790 578 temeritate
813 515 1014 599 contemptui
1035 515 1200 582 habeatur.

394 628 445 687 De
465 625 582 708 pabulo
604 625 696 684 serbi
717 623 824 682 diuini
842 622 1029 684 nuntiando.

227 731 393 796 XXVIII.
435 732 612 814 Episcopos
627 751 704 790 vero
725 729 840 792 utsive
861 751 921 813 per
938 751 983 808 se,
1004 731 1072 794 sive
1092 753 1151 815 per
1169 731 1285 796 vicari-

65 841 68 846 ·
146 839 192 895 os,
209 817 364 900 pabulum
376 814 466 877 verbi
487 813 590 876 divini
609 811 723 873 sedulo
737 811 868 895 populis
889 813 1096 893 adnuntient,
1123 815 1226 897 (quia,
1249 817 1285 876 ut

146 901 192 960 ait
206 902 318 960 beatus
338 897 524 978 Gregorius,
548 895 628 954 iram
642 904 755 955 eontra
772 917 805 956 se
829 896 950 956 occulti
969 896 1089 958 Iudicis
1107 897 1288 960 exeitatSa-

146 983 272 1060 cordos,
298 981 325 1042 si
346 981 416 1041 sine
436 976 687 1062 praedicationis
705 977 817 1038 sonitu
835 977 967 1056 incedit)
986 987 1019 1038 et
1034 989 1072 1058 ut
1087 979 1212 1040 clerum
1226 981 1287 1042 sibi

148 1064 352 1127 commissum
372 1061 405 1121 in
420 1059 590 1123 sobrietate
610 1069 642 1121 et
668 1060 811 1121 castitate
830 1060 987 1139 nutriant,
1000 1061 1194 1144 divinisque
1216 1064 1287 1123 offi-

147 1149 206 1210 ciis
223 1147 382 1223 imbuant,
410 1165 476 1226 quo
503 1144 566 1214 rite
586 1143 626 1204 ad
651 1153 868 1206 sacrosanctos
896 1144 1128 1206 ecclesiasticos
1156 1145 1288 1206 ordines

145 1229 329 1316 promoveri
355 1226 490 1312 possint,
528 1235 560 1287 et
591 1231 627 1286 ut
650 1247 779 1308 operam
811 1227 890 1288 dent
918 1236 1077 1308 quatenus
1106 1227 1289 1311 Presbyteri

148 1313 312 1376 Missalem
326 1319 360 1372 et
379 1308 633 1386 Lectionarinm,
656 1311 722 1370 sive
737 1317 880 1370 caeteros
897 1308 1025 1370 libellos
1051 1309 1112 1371 sibi
1140 1331 1288 1390 necessa·

149 1396 214 1458 rios
228 1395 313 1454 bene
328 1401 489 1454 correctos
504 1386 656 1469 habeant,
687 1401 719 1452 et
754 1393 896 1474 qualiter
923 1393 1086 1453 Ecclesias
1112 1393 1289 1453 destructas

94 1511 102 1520 ·
150 1477 212 1540 sibi
227 1475 429 1560 pertinentes
448 1473 540 1534 iuxta
565 1476 650 1536 vires
680 1474 866 1552 emendent,
890 1476 1032 1556 qualiter
1054 1477 1151 1535 etiam
1178 1476 1289 1536 viduas

152 1559 328 1640 diligenter
351 1557 522 1634 instruant,
546 1557 718 1640 quomodo
745 1558 841 1618 etiam
870 1557 1050 1618 secundum
1071 1557 1291 1640 Apostolicam

152 1641 374 1706 auctoritatem
392 1642 577 1700 conversari
595 1640 743 1716 debeant,
763 1639 931 1717 edoceant,
946 1649 978 1700 et
998 1649 1034 1700 ut
1046 1640 1290 1722 superstitiones

127 1747 230 1808 squas
251 1721 443 1806 quibusdam
461 1721 495 1781 in
517 1723 598 1784 locis
618 1723 652 1781 in
673 1721 821 1804 exequiis
841 1732 1042 1782 mortuorum
1065 1723 1219 1784 nonnulli
1240 1724 1291 1782 fa-

153 1809 258 1884 ciunt,
270 1805 448 1881 eradicent,
465 1813 496 1864 et
516 1815 551 1866 ut
568 1805 716 1887 exemplo
735 1825 810 1865 suae
826 1802 1033 1866 innocentiae
1049 1805 1129 1867 alios
1149 1806 1189 1866 ad
1205 1805 1289 1866 bene

154 1888 331 1954 vivendum
344 1898 534 1971 provocent,
550 1897 582 1948 et
595 1887 720 1948 cunctis
741 1885 966 1948 ecclesiasticis
980 1887 1128 1970 negotiis,
1146 1889 1179 1948 in
1191 1909 1292 1969 quan·

153 1981 224 2034 tum
237 1971 400 2032 Dominus
413 1969 582 2043 iuvaverit,
604 1970 680 2032 totis
698 1969 820 2032 viribus
841 1971 1012 2031 consulere
1028 1979 1187 2054 satagant,
1214 1970 1291 2032 dili-

156 2064 272 2138 genter
290 2053 513 2115 admonuimus
524 2079 532 2126 ;
557 2062 589 2116 et
614 2063 650 2114 ut
682 2053 818 2114 liberius
845 2049 964 2134 exequi
995 2053 1132 2131 valeant,
1166 2076 1225 2114 nos
1257 2053 1290 2110 in

156 2145 313 2220 quantum
329 2135 488 2198 Dominus
502 2157 594 2222 posse
617 2136 754 2215 dederit,
784 2155 878 2220 opem
904 2136 990 2197 ferre
1020 2135 1122 2221 modis
1143 2135 1292 2196 omnibus

157 2230 312 2306 optamus.

263 2325 313 2384 De
332 2325 461 2386 incestis
478 2327 610 2410 nuptiis,
631 2338 661 2386 et
681 2325 720 2384 de
737 2323 891 2386 Ecclesiis
914 2344 977 2386 non
993 2322 1187 2386 dividendis

240 2428 369 2492 XXIX.
410 2430 578 2492 Nonnulla
597 2453 675 2492 vero
702 2429 864 2513 Capitula,
891 2431 974 2492 sicut
995 2431 1034 2490 de
1059 2431 1189 2494 incestis
1208 2452 1293 2514 nop-

158 2512 223 2590 tiis,
244 2534 372 2572 necnon
391 2514 477 2583 etde
503 2515 659 2576 Ecclesiis
672 2535 757 2596 ‚quae
779 2513 864 2574 inter
887 2513 1063 2574 coheredes
1090 2515 1293 2590 dividuntur,

159 2605 193 2656 et
209 2595 266 2654 tali
289 2595 456 2655 occasione
474 2598 605 2680 proprio
621 2595 746 2656 honore
765 2605 887 2673 carent,
902 2597 967 2658 sire
987 2597 1026 2657 de
1062 2597 1112 2658 his
1136 2597 1293 2657 Ecclesiis

159 2698 243 2758 quae
266 2677 402 2736 nimium
428 2678 525 2740 rebus
551 2679 690 2762 propriis
711 2687 788 2740 sunt
816 2679 1018 2755 adtenuatae,
1045 2681 1096 2742 vel
1128 2689 1227 2756 certe,
1254 2681 1293 2738 de

158 2759 210 2820 bis
230 2759 326 2820 rebus
351 2761 434 2840 quae
467 2783 585 2844 nuper,
607 2762 795 2825 necessitate
819 2762 1047 2844 compellente,
1082 2762 1101 2822 a
1126 2762 1295 2822 nonnullis

158 2841 383 2903 ecclesiasticis
397 2852 473 2904 sunt
489 2844 625 2923 ablatae,
641 2854 673 2906 et
685 2844 712 2906 si
721 2867 785 2927 qua
800 2843 959 2905 sonttalia
975 2844 1087 2908 sivein
1104 2845 1294 2906 ecelesiasti-

158 2925 203 2986 cis
226 2925 293 2984 sive
311 2923 346 2984 in
364 2924 504 3007 publicis
533 2927 631 2988 rebus
655 2928 881 2989 emendatione
901 2927 1008 3009 digua,
1029 2949 1111 3008 quae
1127 2947 1187 3010 pro
1210 2935 1293 2986 tem-

156 3006 244 3090 poris
256 3005 412 3068 brevitate
436 3007 562 3070 efficere
576 3010 795 3092 nequivimus,
818 3010 852 3070 in
874 3016 999 3069 tantum
1021 3008 1238 3071 differendum
1257 3009 1294 3066 il-

157 3090 216 3150 lud
233 3090 368 3172 dignum
386 3089 566 3152 iudicamus
583 3093 698 3170 donee,
714 3092 856 3154 Domino
874 3093 1014 3170 favente,
1038 3092 1189 3154 consultu
1212 3092 1294 3152 fide-

157 3172 239 3232 lium
252 3173 386 3232 facultas
405 3175 498 3235 nobis
517 3174 551 3234 id
568 3175 731 3237 efficiendi
751 3175 790 3234 ab
811 3195 850 3235 eo
865 3173 1035 3234 tribuatur.
1058 3176 1193 3236 Iuventa
1216 3195 1293 3234 vero

157 3263 194 3314 ut
216 3258 286 3316 Deo
301 3255 481 3338 opitulante
503 3255 651 3318 effectum
674 3258 843 3319 obtineant
854 3278 914 3338 per
932 3266 1088 3341 tempora,
1105 3257 1167 3316 iam
1186 3278 1294 3317 emen·

158 3337 230 3398 data
252 3347 348 3420 atque
370 3350 516 3402 correcta
536 3362 573 3401 ae
593 3341 742 3404 restituta
758 3339 885 3423 scriptis
900 3341 1090 3402 confirmare
1111 3349 1265 3424 optamus.

283 3480 1175 3584 runncnrronsncounou

160 3703 163 3714 Α
217 3649 293 3721 Pro
311 3649 486 3744 Hispanis
502 3655 563 3744 qni
579 3655 617 3722 iu
641 3675 753 3745 regno
772 3650 1002 3722 Francorum
1018 3655 1223 3727 manebant,

155 3771 245 3840 Hoc
286 3785 340 3841 est
376 3787 618 3866 praeceptum
658 3775 907 3844 concessionis
948 3775 1050 3867 qnod
1077 3778 1177 3867 fecit
1214 3777 1292 3847 Ln-

128 3871 309 3971 .dovicus
335 3873 548 3966 Imperator
573 3873 762 3967 Hispanis
786 3873 851 3968 qui
883 3874 936 3943 orl
972 3898 1012 3942 se
1038 3877 1293 3972 perfugerant

384 3976 533 4066 (contra
559 3974 820 4068 oppressiones
850 3973 1059 4067 Comitum.)

154 4091 201 4206 Jn
226 4147 357 4210 nomine
374 4146 507 4214 Domini
530 4147 592 4208 Dei
614 4156 645 4208 et
668 4147 843 4210 salvatoris
859 4149 960 4209 nostri
977 4150 1049 4211 lesu
1060 4149 1192 4230 Christi,
1214 4153 1294 4214 llln·

126 4229 320 4309 demicus,
346 4231 454 4294 divinat
476 4231 646 4295 ordinante
680 4229 895 4314 providentii,
919 4234 1096 4316 Imperator
1118 4236 1293 4318 Augustus.

1131 4411 1139 4444 l
1165 4454 1169 4460 .
