2928 4986
201 289 274 362 370
458 307 491 359 a
512 303 599 360 cua.
705 295 962 360 carrrutatua
1068 293 1130 360 sat.

528 447 585 510 De
607 443 801 528 blasphemia
822 447 857 504 in
879 447 998 506 Deum.

281 550 324 614 V.
366 553 401 614 si
425 552 499 649 quis
517 551 665 634 quolibet
683 549 779 610 modo
806 549 1039 632 blasphemiam
1057 549 1090 610 in
1113 539 1221 611 Deum
1242 546 1360 615 iactas

198 639 294 713 verit,
317 635 356 696 ab
381 637 542 718 Episcopo
570 634 623 696 vel
647 633 773 694 Comite
801 635 875 714 pagi
897 632 998 714 ipsius
1024 633 1143 694 carceri
1167 655 1274 716 usque
1308 634 1359 698 ad

198 719 449 783 satisfactionem
469 717 624 792 tradatur,
641 725 674 775 et
688 715 819 798 publica
834 715 1035 796 poenitentia
1052 715 1219 793 multetur,
1237 718 1357 778 donec

196 803 348 888 precibus
373 799 496 886 proprii
513 798 664 882 Episcopi
683 797 814 882 publice
843 787 1087 876 reconcilietur,
1108 797 1355 884 Ecclesiaeque

198 887 320 970 gremio
337 889 492 945 carronice
513 881 677 944 reddatur.

364 993 421 1054 De
442 991 490 1048 lu's
511 989 567 1072 qui
586 983 621 1048 in
641 979 737 1047 domo
758 1007 816 1046 sua
836 988 1012 1047 oratorium
1024 985 1174 1068 fecerint.

282 1096 343 1162 Vl.
385 1096 451 1174 Qui
467 1095 501 1154 in
519 1094 614 1156 domo
631 1115 689 1154 sua
715 1091 892 1152 oratorium
915 1091 1077 1174 babuerit,
1105 1113 1197 1155 orare
1219 1095 1348 1160 ibidem

197 1191 313 1267 potest.
356 1181 466 1240 Missas
483 1187 590 1238 tamen
611 1176 645 1235 iu
667 1197 705 1237 eo
723 1174 887 1236 celebrare
904 1193 970 1235 non
994 1175 1129 1251 audeat,
1160 1199 1223 1239 nec
1246 1202 1347 1262 agere

199 1266 253 1328 oui
279 1285 353 1325 uam
371 1261 549 1346 permittat,
563 1259 633 1320 sine
652 1256 811 1340 permissu
826 1258 877 1324 ,vel
893 1257 1097 1318 dedicatione
1114 1260 1267 1344 Episcopi
1291 1263 1348 1324 toa

198 1349 230 1410 ci
244 1289 343 1408 illius.
388 1343 486 1422 Quod
505 1342 531 1402 si
552 1339 680 1418 fecerit,
696 1341 810 1401 domus
828 1339 918 1401 illius
936 1340 1005 1400 lisci
1022 1340 1145 1402 viribus
1160 1343 1346 1406 addicatur.

199 1433 316 1494 Comes
339 1448 414 1488 vero
436 1425 494 1508 qui
514 1423 578 1486 hoc
596 1423 760 1505 cognovit,
776 1431 809 1483 et
829 1445 895 1482 non
916 1421 1094 1506 prohibuit,
1110 1424 1243 1508 publica
1259 1449 1345 1510 poe-

199 1511 339 1572 nitentia
355 1509 523 1586 multetur,
541 1506 593 1570 vel
608 1505 733 1568 honore
749 1504 907 1588 privetur.

198 1618 249 1679 De
266 1616 446 1702 privilegiis
477 1613 693 1675 Ecclesiarum
715 1623 746 1672 et
773 1611 967 1678 Clericomm
993 1633 1058 1674 non
1091 1618 1346 1701 corrumpendis.

283 1721 360 1784 Vll.
402 1721 446 1780 Ut
461 1716 634 1802 privilegia
652 1737 736 1797 quae
755 1717 912 1779 Ecclesiis
928 1728 961 1780 et
975 1718 1112 1780 Clericis
1134 1720 1173 1780 ab
1198 1731 1345 1786 anteces-

198 1805 325 1873 soribus
340 1802 457 1866 nostris
482 1801 536 1865 vel
553 1801 572 1861 d
589 1797 682 1860 nobis
699 1821 851 1862 concessa
870 1811 958 1880 sunt,
974 1821 1103 1886 semper
1124 1813 1275 1866 maneant
1291 1806 1343 1867 in·

200 1899 361 1974 corrupta.

356 2045 709 2114 PRAECEPTUM
751 2049 1165 2114 IMPERATORIUM

269 2163 334 2234 De
367 2158 598 2236 institutione
631 2157 910 2328 Mpproeborum
948 2161 989 2232 in
1021 2161 1257 2238 Monosterio

717 2282 874 2329 ervensz.

393 2359 533 2430 Datum
557 2379 655 2428 anno
681 2358 821 2429 Christi
844 2357 1147 2433 Dcccxxvss.
1204 2423 1207 2427 .

200 2461 248 2576 In
266 2511 398 2575 nomine
418 2511 552 2572 Domini
567 2509 630 2572 Dei
644 2520 677 2572 et
691 2509 865 2574 salvatoris
885 2513 988 2576 nostri
1013 2513 1087 2576 Iesu
1101 2513 1234 2578 Christi.
1254 2515 1339 2578 Hlua

200 2596 360 2662 douvicus
375 2605 408 2656 et
433 2593 632 2671 lllotharius,
647 2593 760 2656 divina
778 2595 947 2676 ordinante
961 2595 1183 2676 Providentia,
1201 2601 1342 2682 Impera»

199 2693 286 2744 tores
299 2677 446 2774 Augusti.
468 2676 502 2736 Si
518 2676 730 2760 petitionibus
748 2697 914 2740 servorum
926 2675 988 2739 Dei
1005 2680 1097 2742 iustis
1115 2689 1147 2742 et
1167 2681 1342 2742 rationabi-

199 2765 287 2826 libus
303 2759 410 2823 divrni
426 2757 534 2820 cultius
562 2781 669 2820 amore
697 2759 855 2839 favemus,
884 2761 1017 2842 superni
1042 2762 1185 2824 muneris
1216 2763 1343 2824 donum

201 2845 332 2908 nobisd
354 2841 496 2904 Domino
519 2842 679 2922 impertiri
694 2843 864 2905 credimus.
907 2844 1040 2927 Idcirca
1057 2855 1170 2907 notum
1194 2867 1263 2908 esse
1283 2867 1342 2908 vo-

201 2932 310 2992 lumus
332 2924 457 2986 cunctis
479 2923 629 2986 fidelibus
645 2935 772 2988 sauctae
788 2927 849 2986 Dei
867 2927 1044 3006 Ecclesiae,
1062 2939 1094 2990 et
1114 2927 1233 2990 nostris
1252 2949 1342 3012 prae·

202 3011 348 3076 sentibus
368 3007 496 3078 scilicet¹
510 3015 543 3067 et
563 3007 692 3080 futuris,
718 3007 794 3090 quia
815 3009 928 3072 adiens
954 3011 1162 3072 serenitatem
1189 3010 1341 3072 culminis

195 3093 305 3156 ‘nostri
327 3091 377 3154 vir
400 3090 571 3173 religiosus
584 3091 700 3166 Hauto‚
716 3091 806 3152 Abba
826 3113 866 3151 ex
884 3094 1078 3154 monasterio
1095 3093 1184 3176 quod
1208 3103 1344 3156 vocatur

202 3175 366 3246 Puteolos,
386 3174 476 3255 quod
493 3181 542 3234 est
564 3172 599 3232 in
618 3175 727 3234 Dervo
744 3183 965 3234 constructum
983 3175 1017 3234 in
1034 3175 1158 3238 honore
1175 3175 1344 3238 beatorum

201 3257 293 3323 Petri
314 3265 346 3317 et
362 3255 468 3333 Pauli,
492 3255 649 3338 suggessit
674 3257 915 3318 mansuetudini
938 3267 1064 3320 nostrae
1086 3281 1125 3320 eo
1147 3259 1234 3340 qnod
1254 3279 1345 3340 prae·
1446 3317 1447 3324 ,

204 3343 330 3405 dictum
347 3339 589 3415 monasterium,
617 3337 672 3398 ubi
687 3338 744 3400 ille
754 3338 817 3400 Dei
835 3341 943 3400 cultor
959 3341 1050 3401 Abba
1067 3352 1207 3424 praeest,
1233 3349 1346 3423 aptum
1446 3347 1447 3384 ἲ

206 3433 289 3488 esset
309 3423 350 3483 ad
371 3420 603 3482 monasterium
627 3420 791 3504 regulare3
815 3421 892 3504 quia
912 3425 977 3483 non
991 3424 1106 3485 'solum
1121 3423 1220 3490 ,idem
1241 3424 1345 3497 locus,

206 3507 262 3570 ubi
281 3503 459 3588 praefatum
474 3501 705 3563 monasterium
725 3503 897 3564 fundatum
910 3515 967 3581 est,
983 3507 1207 3568 verumetiam
1227 3515 1259 3568 et
1275 3527 1347 3566 om*

208 3613 266 3652 nes
285 3585 480 3648 adiacentias
496 3605 653 3668 congruas
669 3585 805 3646 haberet
823 3587 925 3648 servis
939 3588 1000 3648 Dei
1019 3589 1228 3650 monasticam
1249 3587 1347 3648 vitam

207 3675 326 3755 degere
341 3668 537 3744 volentibus.
577 3669 658 3728 Nam
682 3678 713 3729 et
726 3668 898 3752 privilegia
915 3670 1056 3752 qualiter
1070 3671 1176 3752 ipsum
1192 3679 1348 3732 monaste·

207 3757 295 3819 rium
310 3752 351 3812 ad
368 3751 581 3812 monasticum
598 3751 746 3816 ordinem
764 3752 999 3832 perficiendum
1014 3753 1185 3816 fundatum
1206 3751 1301 3830 esset,
1316 3761 1350 3813 et

163 3887 164 3890 ,
210 3843 384 3922 praecepta
397 3834 519 3916 regalia
541 3833 634 3894 nobis
660 3827 811 3912 osten'dit,
837 3835 894 3895 ubi
928 3835 1055 3918 liquido
1082 3836 1229 3918 apparuit
1260 3835 1349 3916 quod
1377 3839 1379 3846 ⁴

211 3919 389 4000 antiquitus
403 3916 552 3997 regulare
567 3916 797 3978 monasterium
813 3917 936 3980 fuisset.
979 3920 1043 3980 Nos
1068 3941 1147 3982 vero
1171 3919 1254 3978 hane
1278 3935 1351 3978 rem

213 4000 404 4083 diligentius
424 3999 507 4060 scire
521 3999 680 4076 volentes,
702 3999 852 4062 iussimus
874 4001 1095 4063 venerabilem
1118 3999 1226 4064 virum
1241 3999 1351 4068 Heba·

214 4107 291 4145 nem
314 4085 505 4143 Remensem
527 4081 816 4164 Archiepiscopum
849 4093 881 4144 et
910 4083 1034 4166 aliquos
1067 4105 1107 4144 ex
1136 4083 1352 4163 Suffraganais

214 4165 281 4228 suis
301 4166 341 4226 ad
362 4164 565 4246 praedictum
584 4165 692 4226 locum
716 4161 775 4244 ire,
799 4175 831 4226 et
849 4165 1025 4248 diligenter
1050 4165 1183 4242 intueri,
1207 4183 1278 4227 non
1299 4187 1353 4226 so-

119 4325 122 4346 .
215 4250 285 4310 lum
300 4247 327 4310 si
353 4246 421 4330 ipse
439 4248 531 4308 locus
554 4256 647 4332 aptus
664 4257 749 4312 esset
763 4249 805 4311 ad
828 4248 1042 4314 monasticum
1067 4247 1216 4318 ordinem
1239 4246 1354 4310 obser·
