2920 4972
564 265 818 324 INDEX.

475 420 670 506 capitularia
695 420 848 484 erdoviu'
873 419 936 484 Pii.

142 551 278 626 Eudorici
296 575 334 628 Pii
353 573 531 646 Praeceptum
550 557 666 648 primum
684 593 732 647 pro
757 570 881 646 Hispanis
898 569 947 642 qui
964 571 993 626 iu
1014 571 1103 636 Regno
1117 498 1269 621 Fun-Par.

213 653 306 698 corum
326 644 493 710 manebant,
833 655 834 662 ¹
1080 669 1083 676 ·

137 735 271 789 Eiusdem
291 735 411 809 Epistola
426 737 460 789 ari
477 731 862 806 Magnum,hrchiepiacopum
875 733 1070 795 senonensem,
1089 729 1124 782 de
1135 745 1200 784 con·

210 807 360 862 firmatione
377 807 486 876 regulae
505 805 722 868 canonicorum,
1218 819 1268 871 apa

137 897 212 952 Item
230 898 350 952 eiusdem
367 901 388 952 E
408 900 487 954 istola
505 899 540 951 ad
557 895 730 959 sicharium,
757 872 996 968 Archiepisccpnm
1020 891 1201 960 uurdegrtea·

209 985 276 1033 aem,
294 967 329 1022 de
347 919 442 1023 eoihm
463 979 640 1037 argumento,
1219 967 1269 1034 ²9⁵

142 1061 214 1114 item
234 1061 355 1115 eiusdem
370 1062 492 1134 Epistola
506 1063 541 1115 ad
555 1061 698 1124 Annonem,
712 1059 950 1134 Archiepiscopum
965 1057 1211 1128 salzburgensem,

212 1131 247 1184 de
265 1133 358 1186 eodem
373 1141 550 1200 argumento,
1217 1133 1269 1199 298

142 1223 300 1296 Capitulare
318 1227 530 1299 Aquisgranense
548 1226 611 1280 anni
628 1222 698 1291 816,
755 1221 761 1234 '
1217 1227 1270 1292 298

141 1317 275 1374 treuvia
293 1321 332 1372 Pii
350 1323 526 1392 Praeceptum
544 1321 694 1375 secundum
704 1338 752 1394 pro
770 1317 893 1390 Rispanis
909 1319 957 1392 qui
973 1317 1001 1370 in
1016 1317 1107 1386 Regno
1117 1318 1201 1374 Fren-

211 1407 304 1444 corum
325 1389 485 1457 manebant,
906 1405 910 1414 ’
1212 1389 1263 1458 507

141 1481 242 1539 Charta
261 1484 354 1554 prioris
371 1485 509 1538 divisionis
529 1483 638 1556 imperii
655 1485 726 1537 inter
743 1481 909 1546 Lotharium,
933 1480 1076 1552 Pippinnm
1091 1488 1119 1533 et
1141 1480 1199 1534 Lu-

168 1610 173 1618 ,
211 1553 337 1608 doricum
353 1554 422 1608 filios
440 1553 574 1608 Ludovici
593 1553 634 1609 Pii
653 1553 833 1626 Imperatoris,
852 1554 925 1606 facta
936 1569 1008 1604 anno
1023 1549 1121 1606 elarini
1132 1549 1195 1614 817,
1216 1555 1267 1624 3⁰9

141 1646 299 1768 Capitplare
326 1647 540 1720 aquisgranense
558 1644 622 1702 anni
639 1645 692 1708 817
711 1648 745 1700 de
767 1648 822 1702 vita
840 1655 869 1700 et
886 1642 1088 1700 couversatione
1104 1644 1228 1770 Mona-3
1250 1719 1264 1772 3

149 1767 151 1776 ,
210 1732 225 1769 e
246 1734 338 1780 orum,
1236 1735 1243 1770 ι

141 1807 245 1865 Notitia
262 1811 297 1864 de
315 1811 490 1864 Monasteriis'
501 1828 572 1882 quae
583 1811 646 1877 Regi
664 1809 797 1874 militiam,
814 1809 895 1874 dona,
913 1809 958 1863 vel
977 1808 1046 1861 solas
1063 1810 1196 1864 crationes

206 1881 319 1944 dehent,
338 1882 436 1952 scripta
454 1881 483 1933 in
500 1882 596 1934 eodem
614 1883 757 1936 Conventu
775 1879 997 1952 riquirgrauen'si,
1213 1879 1264 1948 3²4

137 1974 285 2029 Decretum
303 1973 512 2027 confirmationis
530 1991 585 2046 quo
604 1973 756 2026 hadericus
775 1973 840 2026 Pius
867 1975 1014 2045 Imperator
1037 1971 1196 2026 donationes

207 2044 343 2098 Ecclesiae
364 2047 498 2098 Romanae
516 2042 551 2096 ab
567 2046 624 2097 svo
639 2061 688 2096 suo
704 2043 819 2113 Pippino
838 2047 907 2110 Rege
932 2053 984 2096 eta
1002 2044 1081 2096 Patre
1096 2043 1196 2096 Karolo

209 2115 308 2192 Magno
326 2119 489 2185 Imperatore
506 2113 591 2168 factas
610 2113 734 2168 Paschali
749 2113 838 2186 Papae
857 2113 1042 2179 confirmavit,
1212 2111 1265 2167 ³26

138 2203 293 2278 Capitulum
312 2206 425 2276 primum
445 2208 508 2258 anni
525 2205 578 2262 818
596 2205 699 2260 siveCa
719 2205 789 2259 itula
806 2204 898 2258 addita
917 2205 952 2257 ari
964 2207 1062 2272 Legem
1077 2203 1194 2258 Salicum

206 2275 235 2326 in
252 2276 371 2343 generali
388 2277 483 2347 populi
503 2286 642 2330 conventu
663 2225 757 2333 haino
781 2275 854 2347 apud
868 2276 1081 2347 Aquisgranum,
1211 2272 1264 2348 3²9

139 2365 297 2489 Capiguparc
315 2368 465 2422 secundum
481 2369 546 2422 anni
563 2369 616 2427 819
632 2369 688 2423 sive
709 2368 763 2422 alia
782 2368 909 2440 Cspituia
925 2369 1018 2423 addita
1034 2369 1070 2422 ad
1088 2369 1189 2438 Legem
1211 2437 1264 2496 ³36

226 2454 341 2502 arcam,
428 2461 432 2470 ·

138 2527 294 2652 Capitsullare
311 2529 422 2584 tertium
441 2529 505 2584 anni
521 2527 574 2590 819
589 2528 646 2584 sive
668 2528 795 2601 Capitula
814 2529 849 2582 de
872 2529 1094 2602 interpretatione
1117 2531 1193 2600 Legis
1210 2607 1243 2658 33

105 2643 109 2648 ,
141 2633 143 2642 ,
228 2617 332 2665 arcae,
1247 2622 1261 2673 7

138 2689 294 2761 capitulare
314 2700 439 2764 quartum
458 2691 522 2744 anni
546 2691 599 2751 810
616 2693 671 2746 sive
695 2693 822 2765 Capitnia
838 2709 910 2765 quae
932 2711 981 2765 per
1001 2693 1189 2750 rescribenda

213 2771 241 2814 et
257 2762 289 2812 ab
307 2761 432 2816 omnibus
448 2762 615 2815 observanda
632 2773 715 2832 aunt,
1207 2765 1261 2838 339

140 2854 294 2926 eapitulare
310 2857 438 2928 quintum
463 2856 527 2908 anni
543 2853 596 2917 819
614 2857 669 2910 rive
693 2855 820 2928 capitula
836 2855 872 2909 de
896 2856 1075 2914 instructione
1101 2859 1196 2912 Misso·
1208 2929 1244 2999 34

209 2942 286 2990 rum,
1067 2945 1070 2964 ·
1249 2950 1258 2984 r

139 3018 295 3090 capitulare
310 3027 417 3072 sextum
434 3018 498 3070 anna
515 3016 568 3076 819
583 3019 639 3074 uve
652 3017 807 3090 capitulare
823 3019 964 3073 missorum
980 3021 1187 3087 rauracorum,
1207 3011 1258 3096 ac,

141 3111 295 3184 capitulare
312 3112 376 3165 anni
392 3111 447 3170 820
463 3112 519 3165 sive
536 3109 664 3184 Capituia
679 3111 743 3164 data
754 3111 826 3184 apud
843 3111 999 3168 Theodonis
1014 3115 1107 3172 villan
1120 3135 1192 3174 anno

207 3183 260 3238 820
275 3183 306 3235 in
325 3183 444 3250 generali
461 3182 556 3254 popuii
574 3190 731 3245 conventu,
1208 3191 1261 3259 848

140 3271 272 3327 Ludorici
288 3275 329 3329 Pii
346 3275 513 3347 imperatoris
539 3273 660 3347 Epistola
686 3273 721 3326 ad
744 3273 891 3328 Monachos
916 3275 1100 3348 Anienemes,
1126 3284 1191 3340 data
1226 3313 1227 3318 κ

206 3345 277 3398 circa
294 3364 394 3398 annum
413 3346 511 3400 Christi
525 3344 599 3408 821,
1153 3375 1156 3384 ¹
1206 3355 1259 3425 349

139 3436 291 3509 Capituiare
309 3439 484 3493 Trihurienae
503 3439 597 3492 datum
617 3453 687 3490 auno
708 3435 807 3491 Christi
825 3437 876 3492 822
893 3439 1099 3510 adpetitionem
1116 3447 1193 3520 Epis·

203 3523 331 3580 coporum
354 3511 385 3561 in
404 3509 558 3562 Theodoais
575 3509 641 3564 villa
655 3515 877 3595 congregatorum
891 3525 962 3562 auno
984 3517 1137 3584 superiore,
1208 3519 1255 3572 351

139 3601 292 3674 Capituiare
306 3601 342 3655 de
357 3603 444 3655 causis
461 3601 618 3656 Monasterii
636 3611 746 3657 sanctae
765 3601 859 3656 Crucis
877 3601 1070 3671 Pictavienais,
1096 3610 1190 3664 datum

205 3671 277 3730 circa
293 3689 394 3724 aunem
413 3671 511 3728 Christi
527 3673 600 3737 822,
1209 3678 1260 3740 358

139 3762 292 3836 Capitulare
303 3766 365 3816 anni
378 3757 430 3824 893
448 3765 656 3818 admonitionem
669 3763 822 3831 generalem
837 3765 979 3818 continens
996 3766 1032 3818 ad
1048 3770 1190 3844 utriusque

200 3833 301 3886 ordinis
319 3835 458 3900 homines,
479 3853 540 3889 cum
554 3835 734 3888 instructione
756 3836 896 3887 Mimorum
908 3835 1105 3891 dominicorum
1122 3860 1191 3913 quos

202 3903 352 3976 Imperator
364 3906 393 3957 in
411 3907 526 3958 diversas
542 3907 625 3973 Regni
641 3904 789 3976 provincias
811 3902 983 3968 destinabat,
1205 3917 1255 3970 255

138 3994 376 4050 Commonitorium
390 3999 483 4050 datum
497 3997 657 4062 Hieremiae,
668 3995 875 4066 Archiepiscopo
886 3996 1047 4064 senonensi,
1059 4008 1088 4053 et
1096 4002 1191 4070 Ionae,

207 4067 340 4139 Episcopo
357 4068 563 4130 Aurelianenai,
587 4085 603 4119 a
624 4067 762 4120 Ludovico
786 4067 835 4119 Pio
858 4068 1022 4136 imperatore
1043 4087 1114 4124 unno
1138 4073 1191 4134 828

112 4138 116 4146 “
201 4135 264 4188 cum
284 4138 392 4211 abipso
409 4138 501 4205 Legati
521 4139 629 4190 Romam
646 4138 718 4191 irent
735 4135 771 4188 ad
786 4135 935 4204 Eugenium
953 4139 1001 4202 11,
1020 4139 1121 4212 Papam
1132 4143 1190 4201 Ro.

203 4222 332 4270 manum,
351 4211 380 4261 in
400 4225 480 4265 causa
498 4203 665 4276 imaginum,
1037 4207 1039 4213 ’
1204 4219 1255 4275 365

1216 656 1268 710 apo
