2928 4986
195 302 267 374 306
440 319 474 375 a.
496 319 584 378 cna.
692 317 949 378 caerretanus
1054 317 1117 377 sio.

477 463 525 522 De
545 460 754 548 desponsatis,
774 475 804 522 et
823 461 860 522 ab
876 459 947 520 aliis
968 461 1076 542 raptis.

280 563 407 630 XXIV.
450 569 500 630 De
517 567 719 650 desponsatis
737 567 856 650 puellis
887 576 920 626 et
952 565 991 624 ab
1014 565 1086 626 aliis
1111 565 1212 648 raptis
1237 566 1282 628 ita
1312 567 1345 628 in

196 650 350 713 Concilio
382 651 593 734 Ancyritano,
619 650 763 732 capitulo
792 649 930 726 decimo,
956 648 1091 730 legitur:
1127 652 1346 734 Desponsatas

192 735 333 818 puellas,
354 747 473 818 etpost
495 733 534 794 ab
555 733 629 792 aliis
653 745 774 817 raptus,
790 733 914 829 placuit
932 733 1002 791 erui
1024 744 1056 790 ct
1078 735 1123 791 eis
1151 733 1250 793 reddi
1274 736 1346 816 qui-

195 817 255 878 bus
276 829 347 878 ante
357 815 494 897 fuerunt
506 813 730 898 desponsatae,
752 817 876 876 etsanasi
890 816 935 874 eis
952 813 971 872 t
987 815 1168 898 raptoribus
1186 818 1241 875 uis
1261 817 1346 874 inla-

196 899 438 972 taeonstitcrit.
481 895 625 960 Proinde
641 905 797 960 statutum
816 907 865 958 est
886 897 904 958 d
925 916 1015 957 suero
1036 907 1202 959 conventu
1217 905 1257 958 ut
1275 919 1348 980 rap-

196 989 250 1042 tor
266 979 397 1066 publici
416 979 618 1064 poenitentit
633 981 800 1058 multetur,
817 988 926 1064 raptae
950 999 1040 1056 vero,
1058 979 1085 1040 si
1107 1001 1247 1064 sponsus
1275 997 1347 1040 eam

196 1063 345 1148 recipere
360 1061 514 1142 uoluerit,
536 1071 569 1124 et
586 1061 655 1146 ipsa
676 1064 784 1125 eidem
797 1061 928 1123 crimini
947 1062 1156 1125 consentiens
1176 1084 1245 1125 non
1269 1063 1345 1138 fuit,

198 1145 332 1208 licentia
354 1145 500 1206 nubendi
514 1143 570 1206 alii
587 1165 653 1206 non
679 1155 827 1229 negetur.
870 1145 969 1224 Quod
992 1143 1020 1205 si
1037 1153 1070 1205 et
1083 1144 1152 1228 ipsa
1165 1145 1346 1222 consensit,

200 1228 298 1290 simili
317 1227 499 1290 sententiae
524 1226 697 1290 subiaceat.
740 1227 839 1306 Quod
863 1227 890 1288 si
908 1227 969 1311 ipsi
997 1236 1069 1309 post
1099 1227 1181 1292 haee
1204 1249 1239 1292 se
1264 1249 1347 1288 con·

200 1312 336 1396 iungere
356 1309 644 1396 praesumpserint,
663 1310 794 1394 utrique
814 1309 1138 1374 anathematizentur.

365 1441 422 1506 De
440 1442 489 1502 tis
511 1443 567 1525 qui
581 1442 757 1522 uirginibus
768 1443 845 1506 Deo
862 1440 979 1502 dicatis
1001 1463 1033 1502 se
1047 1445 1178 1506 sociant.
1238 1439 1240 1443 ’

282 1546 393 1612 XXV.
434 1551 482 1610 De
506 1549 651 1612 hisvero
670 1552 728 1634 qui
750 1551 848 1612 sacris
870 1550 1051 1634 virginibus
1078 1571 1112 1611 se
1135 1548 1273 1628 sociant,
1302 1551 1346 1612 ita

200 1635 234 1694 in
259 1631 398 1694 decretis
416 1633 522 1715 Papae
543 1633 677 1712 Gelasii,
695 1633 839 1716 capitulo
856 1632 1024 1716 vigesimo,
1040 1633 1247 1695 continetur:
1272 1633 1346 1694 Vir·

198 1716 323 1798 ginibus
341 1714 441 1776 sacris
458 1727 573 1775 temere
595 1737 628 1776 se
647 1717 801 1798 quosdam
830 1718 952 1778 sociare
975 1717 1190 1796 cognocimus,
1214 1728 1246 1775 et
1270 1729 1345 1799 post

201 1797 343 1859 dicatum
356 1797 426 1860 Deo
440 1798 643 1882 propositum
666 1801 785 1860 incestu
798 1796 940 1882 foedera
957 1799 1169 1882 sacrilegaque
1188 1800 1344 1866 misceres

116 1945 119 1952 Δ
199 1901 278 1964 quos
299 1881 446 1962 protinus
465 1899 598 1963 aequum
615 1881 695 1942 esti
711 1902 802 1942 sacru
828 1883 1045 1944 communione
1063 1881 1206 1954 detrudi,
1227 1893 1261 1940 ct
1281 1881 1346 1941 nisi

199 1964 322 2044 egerint
333 1961 493 2046 publicam
510 1963 737 2048 probatamque
757 1965 995 2048 poenitentiam,
1020 1964 1147 2024 omnino
1174 1984 1239 2024 non
1261 1965 1345 2024 reci-

197 2047 235 2130 pi
241 2070 253 2114 ,·
275 2056 329 2104 aut
350 2044 399 2103 tis
422 2055 506 2105 certe
525 2046 678 2106 uiaticum
705 2045 745 2106 tle
767 2046 872 2108 seculo
906 2045 1153 2117 transeuntibus,
1181 2047 1211 2104 si
1239 2059 1346 2106 tumen

196 2127 425 2212 poenituerint,
447 2147 512 2188 non
526 2140 664 2207 negetur.
707 2129 743 2190 Si
768 2150 845 2190 vero
872 2127 913 2189 de
942 2127 1149 2211 copulatione
1178 2149 1346 2190 sacrarum

200 2208 364 2292 virginum
378 2217 444 2269 tam
464 2230 577 2272 severe
593 2211 770 2290 feriuntur,
789 2219 912 2294 quanto
932 2209 1077 2273 severius
1104 2210 1248 2272 feriendi
1267 2219 1347 2272 sunt

199 2293 257 2374 qni
279 2313 330 2351 eas
349 2291 505 2374 rapiunt?
546 2291 624 2354 Ideo
646 2293 730 2356 sicut
749 2292 958 2377 praemissum
985 2301 1046 2369 est,
1074 2314 1205 2356 necesse
1232 2302 1283 2355 est
1309 2301 1347 2352 ut

201 2376 240 2435 ab
261 2373 409 2435 omnibus
429 2375 463 2434 in
480 2373 663 2436 Christiana
679 2376 840 2460 religione
857 2375 1117 2453 consistentibus,
1133 2376 1240 2459 rigore
1265 2397 1347 2435 auc-

184 2457 339 2518 toritatis
353 2456 484 2519 divinae
506 2458 558 2520 vel
576 2457 748 2538 humanae,
766 2458 829 2521 hoe
843 2460 963 2520 malum
978 2459 1133 2520 radicitus
1148 2465 1346 2544 amputetur.

467 2587 516 2648 De
534 2588 664 2670 puellis,
685 2609 748 2672 quo
765 2602 904 2672 tempore
923 2589 1080 2650 velentur.

286 2691 414 2756 xxvl.
454 2693 502 2755 Ne
517 2713 595 2756 vero
609 2695 739 2776 puellae
763 2695 939 2756 indiscrete
961 2696 1124 2776 velentur,
1139 2694 1266 2778 placuit
1281 2717 1349 2757 no-

199 2779 249 2840 his
271 2777 367 2838 etiam
388 2777 427 2837 de
444 2776 544 2838 saeris
569 2777 749 2842 canonibus
780 2778 922 2860 qualiter
941 2777 1176 2840 observandum
1202 2778 1263 2851 sit,
1287 2777 1348 2840 hic

179 2855 183 2866 ’
202 2864 358 2922 inserere.
380 2861 429 2919 De
444 2865 591 2942 tempore
609 2860 822 2924 velandarum
838 2861 1023 2944 puellarum
1040 2860 1074 2919 in
1092 2859 1246 2922 Africano
1258 2861 1350 2922 Con-

201 2945 292 3021 cilio,
309 2942 451 3026 cupitulo
474 2942 601 3004 decimo
629 2952 733 3020 sexto,
756 2943 945 3004 continetur
966 2952 1002 3003 ut
1026 2963 1092 3002 non
1122 2952 1197 3004 ante
1224 2943 1350 3027 viginti

200 3027 350 3110 quinque
373 3045 474 3085 annos
492 3033 736 3086 consecrentur.
777 3026 860 3086 Item
881 3023 914 3084 in
943 3025 1057 3086 eodem
1072 3025 1233 3102 Concilio,
1260 3047 1296 3085 ea
1325 3025 1351 3084 i·

200 3110 272 3171 tulo
289 3107 413 3185 XClll,
434 3107 475 3167 de
494 3107 543 3167 vir
567 3107 676 3170 inibus
694 3107 842 3170 velandis
872 3109 915 3168 ita
946 3109 1148 3169 continetur:
1171 3109 1254 3168 Item
1270 3049 1351 3192 plis-

201 3194 267 3254 cuit
285 3192 523 3272 etquicunque
546 3129 791 3274 {piscoporm
813 3192 995 3252 necessitate
1009 3191 1222 3274 periclitantis
1249 3190 1352 3275 pudi-

200 3276 294 3336 citiae
307 3272 487 3350 virginalis,
508 3294 579 3332 cum
593 3274 646 3333 vel
660 3274 787 3356 'petitor
799 3286 912 3356 potens
927 3273 983 3333 vel
1000 3285 1112 3358 ruptor
1132 3273 1248 3352 uliquis
1264 3271 1351 3354 sor·-

202 3355 356 3424 midatur‚
376 3355 431 3413 uel
454 3356 482 3412 si
497 3357 593 3414 etiam
614 3355 721 3438 aliquo
745 3357 857 3416 mortis
881 3356 1060 3438 periculoso
1086 3353 1234 3437 scrupulo
1254 3375 1350 3416 com-

198 3434 431 3523 punctusuerit
449 3457 487 3495 ne
501 3457 565 3498 non
583 3438 690 3497 uelata
707 3439 875 3509 moriatur,
894 3451 949 3497 eut
972 3438 1170 3516 exigentibus
1195 3439 1352 3520 parenti-

202 3523 274 3590 bus,
290 3529 343 3578 aut
365 3520 414 3577 lais
439 3517 485 3578 ad
500 3539 634 3599 quorum
658 3539 766 3580 curam
777 3522 927 3604 pertinet,
940 3519 1100 3580 velaverit
1119 3520 1278 3598 uirginem
1285 3541 1353 3600 seu

200 3602 325 3663 velavit
349 3613 421 3660 ante
446 3602 564 3680 viginti
580 3603 716 3686 quinque
731 3623 831 3662 annos
856 3604 980 3674 aetatis,
1004 3623 1068 3662 non
1083 3604 1113 3661 ei
1128 3602 1211 3662 obsit
1229 3601 1353 3678 Conci·

202 3687 282 3745 lium
301 3681 390 3766 quod
409 3683 449 3742 de
461 3685 522 3744 isto
541 3705 694 3745 annorum
707 3705 836 3746 numero
850 3686 1053 3745 constitutum
1068 3696 1123 3745 est.
1165 3681 1260 3744 Unde
1279 3683 1355 3744 col-

201 3766 329 3849 ligitur,
357 3765 434 3847 quia
465 3765 556 3826 iuxta
590 3767 733 3850 priorem
765 3769 975 3844 sanctionem,
1008 3765 1151 3848 virgines
1188 3765 1354 3862 vigesimo

202 3850 320 3932 quinto
339 3849 451 3910 aetatis
473 3871 549 3912 suae
564 3850 722 3910 annorite
741 3849 978 3910 consecrandae
999 3849 1073 3910 sint.
1095 3848 1235 3926 Quodsi
1252 3869 1356 3931 prae·

202 3932 316 3992 missae
332 3932 538 3993 necessitates
557 3941 631 3994 ante
657 3933 691 3994 id
725 3933 795 3992 fieri
821 3931 1051 4016 compulerint,
1080 3932 1210 3992 nullum
1240 3931 1356 4014 possit

201 4013 363 4098 Episcopo
386 4013 498 4076 afferre
513 4015 751 4098 praeiudicium
768 4013 980 4077 consecranti.

345 4143 395 4204 De
416 4146 649 4208 examinatione
671 4157 798 4204 sanctae
821 4142 933 4204 Crucis
952 4161 1015 4205 non
1028 4141 1194 4226 facienda.

285 4255 431 4322 XXVll.
476 4260 643 4350 sancitum
655 4271 704 4322 est
722 4267 759 4321 ut
780 4261 891 4322 nullus
909 4259 1063 4345 deinceps
1078 4258 1254 4344 quamlibet
1271 4281 1355 4324 exa-
