2958 4986
241 311 276 370 n.
298 309 389 366 cun.
499 309 893 370 ascunraancorua
990 311 1044 368 soa
1109 321 1112 325 ·
1193 289 1265 366 161

120 449 196 514 lieri
217 449 319 529 iubet,
338 449 501 512 voluntati
517 452 580 514 Dei
599 451 755 531 subditos,
774 461 807 514 et
828 451 869 512 ad
890 472 1001 513 omnes
1021 449 1176 514 iustitiam
1196 473 1270 536 per·

121 533 257 598 ficiendi
280 555 407 618 semper
435 545 580 618 paratos,
610 539 717 620 legem
736 537 881 619 pleniter
910 535 1120 596 observantes
1147 537 1268 618 absque

119 615 238 681 fraude
254 617 407 700 maligna,
431 619 552 680 iustum
571 641 698 703 semper
712 619 872 680 iudicium
888 617 922 678 iu
945 617 1094 679 omnibus
1109 640 1269 680 exercen-

120 712 184 779 tes,
210 701 414 783 Praepositos
433 711 557 764 vestros
572 703 653 764 tales
676 703 788 784 quales
812 710 920 764 sancta
935 700 1050 782 regula
1067 701 1138 762 lieri
1163 702 1269 764 docet.

120 787 167 850 Et
186 783 250 846 hoo
269 783 404 845 omnino
422 783 596 846 observent
614 794 650 845 ut
671 784 895 846 nullatenlrsd
917 783 1035 864 quihus
1054 785 1154 866 magis
1175 784 1269 846 nohis

124 867 318 928 acanonica
338 865 392 929 vel
412 868 555 951 regulari
578 889 690 928 norma
708 867 894 945 discedant,
926 866 984 928 sed
1001 865 1220 928 humilitatem
1232 867 1269 928 in

122 949 273 1011 omnibns
290 949 439 1013 habeant.
481 950 517 1011 si
532 959 640 1011 autem
656 949 752 1012 aliter
771 949 1058 1034 praesumpserint,
1085 949 1271 1032 regularem

123 1032 331 1116 disciplinam
348 1032 499 1094 sentiant.
540 1033 583 1094 Et
601 1034 628 1096 si
645 1057 678 1095 se
695 1035 867 1095 emendare
892 1030 1070 1110 noluerint,
1092 1032 1268 1116 dPraepo·

121 1115 186 1178 sito
213 1125 462 1188 removeanturr
490 1117 602 1201 etqui
624 1116 715 1202 digni
734 1127 829 1195 sunt,
864 1114 899 1177 in
926 1116 998 1178 loca
1019 1135 1132 1176 eorum
1153 1115 1270 1178 subro-

124 1208 254 1280 gentur.

122 1307 175 1368 De
198 1305 373 1370 concordia
391 1306 643 1393 Episcoporum,
674 1309 850 1380 Abbatam,
884 1319 915 1368 et
935 1305 1177 1372 Abbatissaram
1198 1327 1271 1370 cam

604 1391 787 1453 Comitibus.

209 1471 297 1536 xlv.
339 1473 383 1534 Ut
400 1472 566 1556 Episcopi,
588 1474 738 1552 Abbates,
765 1481 862 1556 atque
882 1469 1087 1550 Abbatissae,
1108 1471 1272 1535 Comites-

124 1577 193 1638 quc
209 1555 407 1618 unanimiter
421 1557 565 1620 invicem
586 1557 651 1618 sint
671 1555 912 1619 consentientes
929 1556 1036 1638 legem
1052 1555 1089 1616 ad
1111 1555 1272 1617 iudicium

124 1641 249 1701 iustum
266 1639 510 1700 terminandum
524 1661 599 1700 cum
620 1639 709 1702 omni
730 1639 861 1702 caritate
884 1647 917 1700 et
933 1635 1109 1699 concordia
1124 1637 1223 1722 pacis,
1238 1647 1272 1701 et

126 1732 166 1782 nt
182 1721 324 1782 fideliter
339 1723 454 1784 vivant
471 1723 652 1787 secunditm
669 1723 872 1784 voluntatem
891 1721 971 1798 Dei,
994 1730 1032 1781 ut
1048 1733 1176 1804 semper
1195 1721 1271 1782 uhi·
1289 1732 1291 1740 '

126 1826 194 1886 que
211 1813 242 1864 et
260 1814 395 1888 propter
408 1805 483 1866 illos
499 1815 531 1867 et
545 1806 634 1868 inter
650 1805 723 1866 illos
745 1805 866 1866 iustum
887 1802 1058 1880 iudicium,
1075 1802 1185 1886 ibique
1199 1825 1271 1886 per·

127 1887 281 1950 ticiantur
301 1909 471 1971 pauperes,
496 1889 632 1966 viduae,
653 1887 808 1972 orphani,
832 1895 864 1948 et
884 1886 1052 1970 peregrini
1073 1886 1271 1948 consolatio-

126 1991 205 2031 nem
229 1979 325 2052 atque
344 1971 569 2032 defensionem
583 1972 623 2032 ab
645 1971 691 2032 eis
705 1971 864 2041 habeantr
889 1979 925 2031 ut
942 1979 975 2030 et
990 1984 1052 2030 nos
1074 1990 1135 2051 per
1157 1990 1272 2030 eorum

125 2053 248 2114 bonam
268 2053 471 2115 voluntatem
486 2054 586 2138 magis
606 2053 788 2140 praemium
804 2053 890 2116 vitae
913 2062 1064 2116 aeternae
1081 2051 1179 2135 quiam
1192 2075 1270 2138 sup·

127 2135 266 2220 plicium
293 2157 483 2199 mereamur.

272 2242 314 2304 Ut
332 2243 469 2305 Abbates
494 2257 524 2304 et
548 2242 701 2304 Monachi
719 2244 851 2306 subiecti
875 2244 939 2303 sint
961 2240 1141 2326 Episcopis.
1195 2293 1197 2298 Α

214 2325 285 2389 XV.
327 2325 466 2390 Abbates
488 2335 596 2388 autem
616 2335 649 2387 et
670 2326 822 2388 Monachi
845 2325 1038 2386 omnimodis
1063 2326 1214 2388 volumus
1239 2333 1271 2388 et

128 2409 346 2494 praecipimus
375 2417 412 2470 ut
431 2409 601 2494 Episcopis
622 2409 688 2470 suis
715 2409 803 2470 omni
823 2407 1007 2470 hnmilitate
1029 2415 1062 2468 et
1084 2407 1272 2470 obedientia
1322 2429 1325 2437 ¹

129 2494 197 2555 sint
216 2491 373 2571 subiecti,
406 2491 490 2554 sicut
511 2492 669 2553 canonica
693 2491 881 2554 constitutio
906 2491 1046 2552 mandat.
1093 2489 1136 2559 Et
1159 2512 1272 2554 omnes

128 2575 297 2638 Ecclesiae
319 2585 417 2658 atque
432 2575 585 2637 basilicae
607 2575 641 2636 in
671 2575 887 2637 ecclesiastica
911 2573 1101 2637 defensione
1126 2584 1159 2636 et
1182 2583 1272 2659 pote-

129 2669 211 2721 state
236 2667 456 2740 permaneant.
510 2661 553 2720 Et
576 2657 615 2718 de
634 2657 737 2719 rebus.
757 2657 855 2742 ipsius
878 2657 1030 2720 basilicae
1056 2677 1153 2719 nemo
1175 2679 1272 2720 ausus

128 2743 220 2804 sitin
237 2740 397 2802 divisione
415 2741 518 2802 autin
542 2749 627 2802 sorte
645 2740 783 2802 mittere.
824 2742 867 2802 Et
887 2741 977 2824 qnod
991 2740 1091 2802 semel
1113 2740 1271 2819 offeritur,

128 2847 197 2884 non
220 2823 420 2897 revolvatur,
444 2833 477 2885 et
495 2823 671 2886 sanctificat
688 2833 720 2884 et
739 2824 894 2886 vindicet.
936 2823 1023 2886 Etsi
1049 2832 1158 2884 autem
1176 2824 1272 2884 aliter

125 2907 394 2990 praesumpserit,
425 2909 666 2988 praesolvatur‚
697 2915 729 2966 et
749 2907 895 2968 bannum
917 2917 1064 2969 nostrum
1089 2914 1272 2990 componat.

124 2993 172 3053 Et
190 2989 342 3050 Monachi
357 2990 395 3049 ab
411 2991 572 3073 Episcopo
589 2989 778 3071 provinciae
795 2989 894 3071 ipsius
911 2990 1140 3073 corripiantur.
1173 2987 1272 3067 Quod

127 3073 155 3135 si
181 3094 215 3133 se
239 3093 304 3131 non
334 3073 526 3149 emendent,
565 3077 643 3132 lunc
667 3071 938 3156 Archiepiscopus
963 3096 1017 3135 eos
1042 3073 1083 3134 ad
1112 3072 1272 3156 synodum

126 3164 297 3216 convocet.
339 3154 428 3216 Etsi
450 3176 557 3238 neque
585 3154 630 3216 sic
654 3175 686 3214 sc
706 3156 927 3234 correxerint,
953 3165 1033 3217 tunc
1061 3155 1102 3217 ud
1130 3165 1272 3218 nostram

125 3237 343 3322 praesentiam
360 3237 456 3300 simul
474 3259 549 3299 cnm
562 3237 723 3320 Episcopo
737 3258 795 3298 suo
813 3237 956 3301 veniant.

304 3346 353 3406 De
372 3343 572 3406 ordinatione
592 3345 787 3406 Clericoram
803 3355 834 3404 et
853 3343 1094 3407 Menaenorum.

211 3427 301 3492 XVI.
342 3430 390 3488 De
408 3427 611 3488 ordinatione
627 3425 787 3510 eligenda,
806 3437 842 3487 ut
854 3429 1001 3488 Domnus
1016 3429 1194 3511 Imperator
1208 3425 1272 3486 iam

127 3511 209 3576 olim
229 3511 270 3572 ad
289 3513 491 3572 Francorum
507 3511 617 3570 banno
637 3509 819 3587 concessit,
843 3518 879 3570 ut
903 3510 1056 3592 Episcopi
1081 3507 1272 3588 abbatibus,

126 3597 175 3657 ita
197 3593 292 3676 etiam
309 3615 398 3654 nunc
419 3601 451 3653 et
467 3592 622 3664 firmavit3
645 3615 683 3653 eo
698 3603 805 3652 tamen
820 3602 945 3669 tenore,
965 3602 1002 3652 ut
1018 3614 1125 3674 neque
1140 3591 1274 3671 Episco-

126 3701 189 3764 pus
208 3698 315 3758 neque
337 3675 442 3737 Abbas
465 3675 498 3734 in
522 3675 719 3736 monasterio
741 3675 873 3737 viliores
897 3675 1026 3736 meliori
1047 3675 1121 3756 plus
1146 3673 1272 3756 diligat,

127 3772 163 3823 et
184 3783 258 3821 eum
276 3755 336 3821 sibi
356 3767 491 3841 propter
507 3757 823 3840 consanguinitatem
846 3781 937 3818 snam
962 3758 1016 3821 vel
1036 3757 1146 3838 aliqua
1167 3757 1274 3818 adola-

125 3845 253 3906 tionem
267 3836 458 3906 melioribus
479 3841 545 3902 suis
565 3841 731 3923 praeferre
752 3841 890 3919 studeat,
914 3851 946 3904 et
960 3841 1058 3902 talem
1075 3838 1168 3900 nobis
1183 3839 1274 3903 ducit

123 3920 363 4002 ordinandum,
387 3925 461 3986 oiim
487 3921 656 3984 meliorem
680 3944 719 3984 eo
738 3923 834 3984 habet
856 3925 1055 3986 occultatum
1079 3933 1112 3984 et
1138 3942 1273 4003 oppres·-

122 4031 216 4074 sum:
238 4008 327 4090 quod
350 4029 556 4089 nequaqnam
573 4005 644 4072 fieri
666 4007 837 4084 volumus,
854 4008 946 4089 'quia
965 4005 1078 4067 inrisio
1098 4013 1131 4066 et
1146 4004 1273 4068 delusio

124 4101 237 4154 nostra
261 4091 322 4152 hoc
341 4091 411 4151 lieri
430 4090 570 4152 videtur.
593 4084 781 4156 ⁴Sed-tales
803 4085 836 4148 in
856 4089 1061 4152 monasteriis
1084 4088 1279 4149 nutriantur

122 4176 166 4238 ad
189 4173 427 4252 ordinandum,
458 4173 491 4232 iu
514 4171 633 4252 quibus
655 4179 687 4232 et
716 4171 807 4235 uobis
830 4192 953 4236 merces
979 4181 1011 4237 et
1035 4173 1199 4257 profectus
1220 4171 1274 4234 ad-

123 4265 250 4322 crescat
270 4255 586 4340 commendatoribus
605 4253 681 4318 suis.
765 4267 767 4273 ⁴
1214 4285 1216 4290 s

958 4370 1002 4444 11
