2928 4986
254 348 290 409 n.
309 345 398 404 can.
503 335 646 418 11111111
667 303 898 401 rnnnconnn
996 341 1057 400 aaa.
1201 321 1271 396 361

138 507 250 554 rerum
274 505 404 551 suarum
423 483 463 547 de
485 483 537 546 his
555 484 740 568 specialiter
760 484 922 561 instruat,
955 491 993 544 ut
1015 482 1278 567 quandocunque

138 581 174 636 et
195 570 414 650 undecunque
439 567 558 649 legatio
582 566 768 644 advenerit,
793 577 826 629 et
848 575 903 627 aut
921 563 1044 652 litteras
1069 575 1124 628 aut
1145 566 1279 628 Missum

133 653 299 730 ¹viderint,
317 651 496 734 honorilice
512 651 603 711 illam
620 650 654 710 in
672 651 760 711 omni
776 649 848 711 loeo
864 648 992 732 imperii
1013 649 1131 728 nostri,
1146 657 1281 732 propter

139 745 287 801 nostrum
307 743 339 796 et
356 733 454 795 totius
470 733 564 815 regui
582 731 760 810 honorem,
782 748 893 793 omnes
915 730 1078 814 suscipere
1098 727 1239 795 valeant.

305 839 354 900 Dc
370 840 448 901 locis
467 838 629 924 inquibus
649 837 819 919 legationes
835 837 1036 923 recipiendae
1051 849 1132 901 sunt.

222 946 336 1012 XVII.
378 947 416 1008 ln
434 943 501 1007 illis
518 967 596 1008 vero
611 945 692 1006 locis
710 945 772 1008 ubi,
783 943 880 1006 modo
896 942 950 1006 via
967 951 1000 1004 et
1019 941 1243 1004 mansionatici
1264 941 1283 1004 ir

141 1031 289 1118 genitore
310 1038 420 1091 nostro
434 1038 467 1090 et
484 1029 502 1090 i
522 1027 614 1089 nohis
627 1050 687 1111 per
701 1027 887 1112 Capitulare
906 1025 1046 1088 ordinati
1060 1033 1152 1103 sunt,
1169 1025 1283 1087 Missos

142 1115 266 1178 adhoc
288 1109 474 1199 specialiter
495 1111 707 1190 constitutos,
733 1111 790 1192 qui
813 1109 877 1169 hoc
901 1108 1022 1190 iugiter
1047 1108 1282 1191 praevideant,

141 1197 302 1275 habeant,
332 1205 368 1256 ut
391 1193 500 1256 omnia
526 1215 609 1276 quae
634 1193 675 1254 ad
699 1194 827 1256 easdem
853 1191 1032 1274 legationes
1062 1189 1284 1273 suscipiendas
1338 1263 1340 1267 ,

140 1281 328 1366 pertinent,
357 1277 469 1339 fideles
498 1277 600 1339 nostri
629 1277 669 1338 ad
693 1276 758 1338 hoo
782 1273 952 1336 constituti
974 1273 1015 1334 ad
1045 1281 1171 1356 tempus
1188 1291 1284 1355 prae·

141 1383 256 1448 parare
283 1361 450 1442 studeant,
479 1369 604 1421 utnon
633 1369 712 1422 tunc
731 1359 773 1421 sit
790 1377 921 1418 neeesse
942 1355 981 1418 111
1003 1356 1101 1439 longe
1126 1375 1284 1437 quaerere

142 1447 198 1522 vel
218 1445 388 1506 'adducere
404 1443 535 1524 quando
555 1452 682 1525 tempus
706 1451 753 1504 est
776 1440 833 1501 illa
853 1440 929 1500 dare
946 1439 999 1501 vel
1018 1438 1215 1521 persolvere.
1245 1438 1283 1498 In

144 1527 281 1590 caeteris,
301 1548 379 1588 vero
399 1525 479 1587 locis
500 1547 560 1609 per
579 1535 683 1588 totum
703 1522 875 1606 imperium
897 1531 1044 1584 nostrum
1061 1519 1284 1604 unusquisque

145 1609 292 1672 fidelium
310 1617 513 1686 nostrorum,
537 1618 570 1671 et
596 1630 655 1692 per
678 1629 712 1671 se
739 1616 771 1668 et
793 1626 853 1687 per
882 1605 1045 1667 ministros
1070 1625 1164 1682 suos,
1198 1602 1282 1666 sicut

146 1693 305 1770 diximus,
327 1689 474 1753 sedulam
492 1690 695 1774 vigilantiam
715 1688 875 1752 adhibeat.

306 1830 311 1836 ο
379 1855 385 1868 ,
434 1796 484 1857 De
505 1795 720 1859 admonitione
739 1797 831 1856 nnius
851 1803 1004 1855 monetae.

228 1901 359 1968 XVIII.
400 1904 449 1965 De
466 1913 596 1965 moneta
609 1923 705 1981 vero,
727 1902 815 1964 unde
829 1903 964 1984 iamper
978 1911 1046 1962 tres
1064 1919 1165 1962 anuos
1179 1909 1212 1963 et
1227 1897 1286 1962 ad-

146 1987 529 2064 monitionemfecimus,
552 1995 584 2047 et
600 1995 727 2068 tempus
740 1986 871 2069 quando
890 2005 955 2043 una
971 1992 1140 2046 teneretur
1155 1991 1189 2044 et
1205 1983 1299 2047 aliae-

148 2092 259 2134 omnes
275 2077 439 2133 cessarent
458 2069 704 2146 constituimus,
725 2067 789 2129 hoc
805 2065 953 2128 omnibus
971 2076 1085 2127 notum
1103 2087 1171 2128 esse
1190 2066 1288 2128 volu-

147 2177 237 2230 mus,
259 2154 413 2234 quouiam
428 2163 464 2214 ut
479 2151 599 2234 absque
615 2153 683 2213 ulla
694 2151 901 2213 excusatione
913 2149 977 2210 cito
992 2149 1093 2232 posfit
1105 2149 1285 2228 emendari,

148 2237 287 2322 spatium
308 2257 369 2318 usq
430 2236 470 2297 ad
488 2235 618 2296 Missam
639 2234 743 2297 sancti
767 2231 900 2294 Martini
926 2233 1001 2294 dare
1028 2231 1230 2293 decrevimus
1247 2240 1289 2294 ut

149 2319 373 2402 unusquisque
431 2317 568 2379 omitum
593 2319 628 2381 in
657 2317 723 2379 suis
745 2315 933 2378 ministeriis
957 2314 997 2376 de
1023 2314 1086 2375 hoc
1110 2313 1290 2378 iussionem

149 2405 292 2463 nostram
314 2412 393 2462 tunc
413 2389 516 2484 pdsqit
531 2399 651 2464 habere
673 2401 900 2483 adimpletam
923 2395 1076 2480 quatinus
1098 2397 1137 2458 ab
1160 2395 1217 2458 illa
1234 2398 1289 2460 die

149 2507 216 2546 non
239 2485 319 2561 alia,
342 2485 399 2546 sed
416 2484 474 2544 illa
491 2483 562 2562 ¹tola
574 2506 634 2567 per
649 2493 755 2544 totum
768 2503 907 2566 regnum
923 2489 1069 2542 nostrum
1082 2480 1121 2540 ab
1139 2480 1289 2543 omuibus

147 2567 323 2642 habeatur,
346 2567 436 2627 iuxta
450 2566 540 2627 illam
554 2564 849 2643 'constitutionem
871 2565 955 2626 sicut
971 2563 1005 2624 in
1022 2562 1182 2646 Capitulis
1201 2585 1288 2646 quae
1353 2563 1355 2571 ’

149 2649 190 2712 de
211 2649 272 2710 hac
287 2669 322 2709 re
336 2648 402 2710 illis
423 2649 602 2712 Comitihus
626 2651 791 2730 dedimus,
805 2650 839 2710 in
862 2669 1002 2732 quorum
1014 2645 1202 2710 ministeriis
1215 2667 1289 2708 mo-

149 2741 225 2793 neta
243 2732 446 2816 percutitur,
469 2733 681 2794 constitutum
707 2741 764 2794 est.
807 2731 892 2810 Quia
908 2740 988 2792 tunc
1007 2730 1157 2792 volumus
1174 2729 1291 2794 Missos

149 2824 275 2875 nostros
292 2813 390 2875 huius
412 2815 461 2876 rei
485 2815 585 2898 gratia
606 2816 746 2898 dirigere
767 2813 992 2898 persingulas
1014 2813 1203 2890 comitatus,
1229 2810 1290 2894 qui

149 2897 324 2980 diligenter
336 2895 501 2980 inquirant
515 2898 658 2980 qualiter
671 2898 810 2961 Comites
828 2897 860 2956 in
880 2896 943 2957 hoc
959 2905 1098 2958 nostram
1113 2894 1294 2956 iussionem¹

149 2979 326 3063 adimplere
341 2981 545 3043 certaverint.
585 2982 628 3042 Et
647 2981 837 3064 quicunque
856 2977 1024 3062 negligens
1043 2977 1118 3039 inde
1135 2977 1289 3040 inventus

147 3062 267 3138 fuerit,
285 3062 433 3124 volumus
449 3073 485 3124 ut
497 3073 571 3124 ante
587 3075 727 3135 nostram
741 3063 957 3147 praesentiam
967 3058 1160 3144 quantocius
1175 3059 1287 3121 venire

148 3143 316 3222 iubentur,
337 3154 371 3206 et
383 3145 541 3208 rationem
560 3147 676 3208 reddat
697 3147 806 3208 utrium
824 3145 886 3212 imo
908 3145 996 3228 quod
1012 3143 1160 3206 iussimus
1180 3143 1288 3204 lacere

148 3227 294 3288 noluerit
316 3236 373 3308 aut
399 3251 464 3304 non
491 3229 651 3312 potuerit;
685 3239 741 3290 aut
765 3229 791 3290 si
814 3227 924 3311 aliqui
942 3249 977 3288 re
997 3225 1228 3310 praepediente
1254 3225 1290 3288 111

146 3311 254 3372 facere
272 3331 337 3370 uon
357 3311 482 3392 potuit,
500 3335 559 3374 eur
574 3313 668 3374 nobis
684 3311 785 3396 ipsam
800 3309 1087 3392 impossibilitatem
1105 3308 1146 3369 ad
1163 3317 1289 3391 tempus

148 3413 215 3454 non
231 3393 451 3466 adnuntiavit3
472 3395 593 3477 quiesi
613 3395 681 3478 ipse
704 3404 759 3456 aut
781 3415 847 3454 non
867 3393 992 3470 voluit,
1015 3402 1071 3454 aut
1090 3413 1166 3454 suae
1185 3390 1288 3473 negli-

45 3531 46 3534 ,
148 3473 276 3556 gentiae
298 3477 391 3537 carisi
410 3497 475 3538 non
496 3477 619 3560 potuit,
643 3499 701 3538 nos
713 3477 812 3538 talem
824 3475 973 3538 invenire
986 3476 1136 3537 volumus
1149 3473 1207 3556 qui
1224 3473 1287 3536 hoo

147 3557 237 3638 quod
259 3556 425 3636 iubemus,
440 3581 567 3622 servare
584 3559 665 3622 velit
679 3568 711 3620 et
729 3557 839 3642 possit.
881 3560 925 3618 Ut
937 3565 1045 3618 autem
1060 3556 1158 3619 iussio
1179 3565 1289 3617 nostra

148 3637 183 3697 in
201 3635 261 3698 hae
283 3661 318 3700 rc
337 3641 434 3702 eitius
452 3642 642 3724 impleatur,
661 3641 811 3702 volumus
828 3648 865 3700 ut
886 3640 1074 3722 quicunque
1092 3638 1131 3700 ab
1153 3637 1210 3702 illa
1233 3638 1286 3700 dic

148 3719 249 3780 alium
265 3721 435 3784 denarium
458 3724 644 3807 negotiandi
670 3725 765 3788 causei
778 3721 967 3807 protulerit,
989 3721 1148 3787 dComite
1171 3730 1205 3784 et
1223 3720 1287 3784 mi-

148 3801 259 3865 nistris
279 3802 348 3866 eius
364 3807 531 3869 auferatur
546 3807 584 3868 ab
603 3828 652 3869 eo.

531 3922 581 3982 De
602 3921 729 3984 iniustis
755 3921 896 3982 teloneis.

228 4022 321 4090 XIX.
366 4025 522 4090 Similiter
541 4029 673 4110 quoque
697 4029 737 4090 de
767 4026 896 4088 iniustis
920 4025 1078 4105 teloneis,
1106 4023 1287 4107 dequibus

146 4107 289 4189 qualiter
310 4109 348 4171 ab
377 4110 527 4172 omnibns
554 4110 790 4174 observandum
815 4118 917 4186 esset,
938 4117 971 4169 et
988 4107 1147 4190 Capitulis
1165 4107 1286 4169 eonsti-

146 4189 286 4268 tuimus,
309 4201 341 4252 et
357 4193 568 4256 creberrimas
590 4192 826 4255 admonitiones
846 4191 983 4253 fecimus
998 4236 1007 4269 ,
1024 4189 1184 4274 praedicti
1198 4191 1287 4252 Missi

109 4333 111 4342 ,
147 4273 248 4335 nostri
267 4273 417 4338 volumus
433 4285 468 4338 ut
490 4275 737 4362 inquisitionem
754 4274 876 4340 fao-iant
894 4274 912 4335 11
928 4273 1046 4358 quibus
1062 4281 1171 4338 nostra
1188 4272 1295 4338 iussio.
