2958 4986
1176 108 1188 209 l

285 340 321 393 n.
340 338 430 396 cen.
530 335 671 396 secun
694 321 933 396 rusnconu'u
1036 331 1099 397 sss.
1211 315 1280 393 11³

218 469 268 539 De
291 480 385 540 rebeus
400 500 480 562 quae
494 467 715 560 Hildegardae
734 477 871 558 Reginae
894 473 1031 538 traditae
1050 461 1197 560 suerunt.

225 587 311 647 xlv.
353 588 402 647 De
425 586 523 648 rebus
542 607 625 668 quae
645 583 860 667 Hildegerdue
874 583 1017 666 Reginae
1043 585 1180 648 traditae
1207 587 1282 650 fue·

141 677 231 747 tunt,
253 669 404 731 volumus
429 679 465 728 ut
489 669 568 730 fient
584 666 762 752 descriptae
787 667 915 743 breves,
941 675 980 734 et.
997 667 1083 751 ipsae
1105 668 1221 734 breves
1243 671 1282 732 ed

143 769 204 815 nos
226 753 303 812 fiant
316 751 484 814 adductae.
515 840 519 846 Ι

513 868 563 929 ee
594 849 775 928 aetuans.
797 865 922 951 putas:

228 973 299 1038 XV.
340 974 412 1036 Non
428 983 477 1036 est
495 983 604 1036 nostra
621 974 772 1037 voluntas
792 981 829 1032 ut
842 971 992 1034 homines
1012 963 1198 1037 Placentini
1225 999 1285 1061 per

145 1072 259 1153 eorpm
271 1066 481 1142 praeceptum
495 1057 532 1141 s)
554 1058 594 1119 de
615 1065 706 1118 curte
722 1054 834 1140 palatii
850 1054 953 1139 poetri
973 1054 1046 1118 illos
1066 1058 1213 1123 aldiones
1230 1083 1284 1123 re-

150 1151 280 1223 mpmnt·
601 1221 651 1282 De
676 1219 841 1304 fugitivis.

229 1332 317 1396 XVI.
358 1333 407 1392 De
428 1328 576 1413 fugitivis
595 1327 699 1413 quiin
716 1327 861 1410 partibus
880 1329 1061 1392 Beneventi
1091 1337 1123 1392 et
1147 1332 1285 1414 Spoleti,

148 1413 218 1476 sive
236 1413 411 1474 Romanioe
436 1413 490 1475 vel
509 1411 694 1496 Pentapoli,
713 1411 905 1496 confugium
926 1413 1062 1492 iaciunt,
1087 1423 1124 1474 ut
1143 1415 1287 1480 redden⁴

144 1499 212 1575 tur,
238 1506 271 1558 et
285 1497 350 1557 sint
365 1495 488 1559 reversi
507 1496 546 1556 ed
560 1494 692 1578 proprie
708 1492 790 1553 loce.

246 1613 295 1672 De
318 1613 432 1692 sigillis
451 1623 482 1672 et
500 1609 662 1697 epislolis,
685 1624 716 1672 et
736 1609 933 1694 deportaris
952 1611 1182 1675 custodiendis.
1288 1613 1291 1616 ’
1334 1589 1340 1606 ’

226 1713 328 1786 XVII.
364 1719 456 1780 Sicut
478 1717 680 1792 consuetudo
700 1717 765 1779 fuit
792 1717 897 1800 sigilla
922 1727 955 1778 et
979 1719 1131 1802 epistolas
1147 1723 1287 1805 prende·

143 1815 192 1881 re,
211 1802 265 1866 vel
284 1811 432 1885 portares
454 1801 629 1881 custodire,
652 1801 749 1892 itaet
770 1822 859 1862 nuuc
881 1801 922 1863 sit
945 1803 1077 1865 lectum.

354 1991 620 2054 CAPITULARE
648 1988 1075 2071 FRANCOFORDIENSE,

177 2103 314 2186 ilatum
339 2115 378 2184 in
403 2114 513 2207 plene
538 2110 701 2206 synodo,
729 2133 823 2180 enno
850 2111 988 2208 Clsristi
1008 2103 1252 2187 Decxc'lv.

488 2264 613 2326 Inuus
635 2263 946 2338 censuissent.

154 2421 180 2461 1.
200 2353 270 2466 De
304 2403 501 2484 indulgentia
535 2401 694 2463 Tassiloni
739 2399 770 2464 8.
795 2401 944 2465 Gerbodo
960 2401 1098 2464 incertae
1115 2403 1291 2469 ordinata

139 2496 142 2501 ’
230 2489 315 2550 Daci
335 2489 558 2548 Baioariorum
581 2485 601 2546 d
624 2484 692 2546 Ka·
823 2487 872 2545 nis
895 2485 1055 2570 Episcopo
1071 2485 1211 2569 dignitas
1232 2491 1291 2552 ab⁴

232 2572 302 2632 rolo
318 2571 401 2649 Rege
425 2590 582 2631 concessa.
622 2619 625 2626 .
710 2575 714 2593 ’
823 2581 942 2649 rogata.

150 2673 180 2714 2.
200 2653 251 2714 Dc
278 2653 387 2716 statttt
411 2653 516 2736 pretio
537 2669 692 2722 annonae,
741 2671 771 2734 9.
798 2649 840 2712 Ut
867 2652 1018 2714 Menaeni
1043 2653 1064 2712 ia
1096 2653 1290 2715 secularibus

235 2749 301 2796 tura
317 2737 478 2819 priuatae,
499 2747 564 2795 tum
584 2732 693 2816 publi·
824 2735 957 2814 negotiis
990 2745 1020 2795 et
1038 2735 1168 2821 placitis
1191 2737 1291 2798 absai-

234 2839 298 2894 cae.
386 2837 389 2846 ’
827 2829 929 2882 aeaut.
969 2845 974 2849 ·

150 2900 181 2960 3.
202 2899 251 2961 Dc
278 2901 372 2963 novis
399 2897 562 2972 denariiS,
595 2909 630 2957 ut
655 2897 694 2958 ab
750 2919 794 2975 so.
821 2898 864 2960 Ut
881 2899 1014 2980 reclusi,
1042 2902 1106 2961 nisi
1131 2907 1175 2960 ex
1193 2897 1292 2983 Epis-¹

149 2985 166 3050 J
233 2985 376 3046 omnibus
397 2985 432 3042 in
449 2983 536 3044 omni
553 2981 623 3044 loco
641 3000 696 3040 ae-
828 2985 902 3066 eo'pi
924 2995 955 3043 et
976 2983 1109 3047 Abbatis
1131 2985 1292 3068 approba-¹

236 3067 406 3150 cipiantur.
564 3051 571 3086 s
661 3083 663 3090 ’
828 3067 925 3137 tione,
952 3067 1123 3151 nonflant.

106 3213 108 3218 ,
149 3150 181 3226 4.
208 3146 250 3208 Ut
279 3147 434 3232 Episcopi
473 3145 620 3224 iustitias,
635 3143 698 3228 fa·
751 3169 796 3208 11.
823 3147 865 3208 Ut
887 3148 995 3210 Abbas
1027 3171 1098 3209 cuna
1119 3149 1185 3208 suis
1211 3145 1275 3208 dor'

234 3231 319 3291 ciant
339 3233 374 3292 in
402 3233 467 3292 suis
483 3231 656 3312 parochiis.
828 3233 906 3291 miat
926 3231 1104 3292 Monachis.

150 3311 181 3376 5.
208 3311 250 3373 Ut
284 3314 460 3398 Episcopus
491 3333 555 3374 non
584 3313 699 3392 migret
751 3331 797 3374 12.
820 3311 1294 3398 CellariiinMonastcriisqua-³

234 3395 275 3456 de
297 3419 354 3470 sua
369 3397 511 3468 civitate,
534 3415 590 3455 nee
605 3395 700 3454 Pres-
828 3395 873 3454 les
890 3395 1029 3476 eligendi
1043 3398 1116 3457 sint.

233 3479 323 3623 Ξῖῑθῖ
339 3479 567 3575 ίξαῑυῖαωηω
587 3476 699 3537 dmm
758 3511 804 3572 ιδ.
826 3509 875 3570 De
901 3511 1106 3570 Monasteriis
1134 3511 1189 3572 ubi
1222 3517 1294 3574 cor'-‘

265 3584 298 3622 ce
314 3583 388 3621 esea.

151 3643 182 3705 6.
204 3645 260 3706 De
280 3644 486 3704 altercatione
511 3641 698 3703 Viennensis
825 3614 908 3679 pm
922 3591 1112 3714 sanfmm
1127 3608 1209 3714 Ψ·
1257 3667 1273 3716 '.

236 3737 266 3786 et
301 3717 498 3786 Arelatensis
535 3723 699 3807 Episcopi.
753 3699 799 3777 ¹4·
826 3699 869 3761 Ut
898 3719 960 3782 ΡΙ·ο
992 3701 1224 3798 {nltowntlbpt
1259 3717 1294 3758 m

236 3807 281 3870 Et
306 3809 346 3869 de
374 3808 574 3880 Tarentasia,
595 3799 699 3868 Ebre‘-
830 3793 1054 3878 mopastcrzam
1069 3803 1213 3866 praemla
1230 3804 1295 3844 non

238 3891 336 3969 duno,
359 3904 389 3951 et
410 3891 521 3974 Aquis.
547 3945 549 3949 ,
662 3917 664 3923 -
830 3876 1009 3944 exigentur.

155 3996 185 4058 7.
207 3977 262 4040 De
286 3975 473 4056 purgatione
502 3986 533 4034 et
557 3973 700 4038 reconci-
754 3971 800 4038 15.
825 3971 867 4032 Ut
894 3970 1001 4034 Abbes
1035 3972 1103 4031 sine
1140 3985 1293 4036 consensa?

237 4057 367 4117 liatione
386 4057 479 4117 Petri
496 4056 658 4142 Episcopi.
831 4055 984 4140 Episcopi
1005 4075 1070 4118 non
1088 4053 1232 4138 eligatur.

85 4367 88 4372 ,
183 4287 227 4360 s)
245 4287 279 4340 al·
298 4303 344 4339 ms.
362 4298 519 4360 praccepta.
