2920 4972
150 233 200 310 74
299 255 301 260 ·
383 255 419 312 s.
439 253 527 315 cna.
635 257 891 355 oarrrutaam
995 259 1058 321 rsa

213 400 336 471 tutus,
362 405 491 478 praeter
515 397 689 460 consilium
714 411 746 462 et
770 402 894 464 litteras
921 422 1034 462 eorum
1053 398 1289 484 Episcoporum

235 476 293 557 qui
313 486 390 538 sunt
409 479 496 544 intra
515 482 726 563 provinciam,
753 494 785 546 et
807 484 944 546 maxime
968 481 1223 564 Metropolitani,
1249 483 1290 543 ad

231 558 465 640 Imperatorem
480 565 680 643 perrexerit,
706 565 795 627 huno
818 559 961 628 abdicari
984 576 1016 628 et
1040 565 1115 626 eiioi
1142 585 1208 624 non
1235 585 1289 625 so-

231 639 303 702 litm
323 645 550 706 communione
575 645 705 726 debere,
727 650 785 711 sed
808 649 976 732 tpropria
999 648 1155 730 dignitate
1178 645 1291 728 priva·

231 722 273 802 ri,
292 728 645 808 tamquam-molestum
668 740 703 790 'et
727 731 949 814 importunum
966 731 1187 814 imperialibus
1206 728 1291 790 auria

231 805 305 886 bus,
332 818 444 870 contra
465 811 684 874 ecclesiastica
704 813 887 875 constituta.
929 813 966 876 Si
983 823 1090 874 autem
1115 810 1288 873 necessitas

202 906 204 911 ·
233 898 327 972 cogat
348 891 388 951 ad
416 893 646 976 Imperatorem
670 917 864 973 excurrere,
893 918 969 957 cum
994 895 1229 957 deliberatione
1255 902 1288 952 et

233 972 372 1034 consilio
396 975 639 1058 Metropolitani
656 978 756 1061 ipsius
776 978 975 1062 provinciae,
994 977 1147 1060 Episcopi
1167 986 1198 1036 et
1218 996 1289 1034 cae-

233 1063 381 1116 terorum
398 1058 596 1126 conscient'ui
618 1061 676 1143 qui
698 1061 734 1122 in
755 1061 869 1124 cadem
884 1061 1054 1146 provincia
1072 1068 1159 1138 sunt,
1185 1066 1217 1120 et
1232 1058 1288 1118 lit-

234 1136 324 1217 teris,
346 1138 393 1199 ire
415 1140 555 1202 debebit.

329 1242 379 1302 Dc
400 1245 667 1324 ordinationibus,
687 1249 743 1311 uel
758 1249 947 1332 quibuslibet
967 1250 1111 1330 negotiis.

561 1351 890 1418 Errscorra

130 1471 131 1476 ’
175 1519 178 1526 ,
233 1458 290 1522 Xl.
319 1459 400 1522 Item
417 1459 452 1520 iu
468 1458 583 1522 eodem
599 1463 760 1541 Concilio,
783 1461 879 1526 simul
896 1471 929 1526 et
942 1463 975 1524 in
998 1461 1193 1540 sardicensi,
1210 1481 1291 1522 nec-

153 1543 220 1606 n'on
237 1543 315 1604 etin
335 1543 560 1606 Decretalihos
581 1545 764 1606 Innocentii
781 1547 899 1628 Papae,
923 1555 958 1606 nt
977 1545 1088 1606 nullus
1110 1544 1289 1628 Episcopus

153 1627 188 1686 in
207 1625 340 1688 alterius
355 1624 506 1708 parochia
522 1626 743 1690 ordinationes
760 1627 884 1708 aliquas
899 1628 1015 1690 audeat
1029 1629 1148 1706 facere,
1162 1627 1216 1690 vel
1234 1648 1290 1686 nc·
1356 1687 1360 1692 .

154 1709 241 1791 gotia
256 1729 411 1792 peragere
427 1729 511 1790 quae
532 1710 570 1770 ad
589 1731 664 1770 eum
682 1733 748 1772 non
769 1710 945 1792 pertinent.

174 1793 275 1854 Cone.
305 1789 459 1855 Antiocb.
484 1813 554 1856 can.
583 1794 632 1854 13.
672 1793 807 1855 Nullum
832 1794 1068 1876 Episcoporum
1096 1793 1215 1854 debere
1248 1813 1290 1852 ex

235 1874 298 1936 alia
313 1873 482 1958 provincia
506 1875 553 1936 ad¹
565 1875 661 1938 aliam
678 1877 849 1940 transitum
864 1877 983 1954 facere,
1005 1885 1038 1938 et
1059 1876 1209 1938 ordinare
1228 1875 1292 1934 ali«

235 1971 317 2039 quos
333 1957 367 2018 in
383 1955 550 2035 Ecclesiis,
574 1968 629 2018 aut
645 1959 826 2042 provehere
847 1958 889 2021 ad
907 1981 1032 2027 sacrum
1052 1958 1288 2027 ministerium

235 2062 296 2102 nee
313 2039 393 2102 alios
415 2038 497 2101 illuc
522 2062 633 2110 secum
649 2041 797 2103 adtrahat
815 2041 1003 2124 Episcopos,
1024 2041 1087 2103 nisi
1101 2041 1184 2102 forte
1199 2061 1290 2121 roga-

235 2132 288 2184 tus
303 2145 363 2207 per
378 2123 500 2184 litteras
516 2113 642 2203 abierit,
661 2146 727 2184 non
745 2123 850 2185 solilm
866 2124 883 2183 ai
900 2124 1162 2207 Metropolitano,
1178 2123 1234 2185 sed
1250 2122 1292 2185 ah.

234 2204 286 2267 his
301 2206 360 2288 qui
376 2199 450 2269 cuni
469 2227 507 2266 eo
524 2215 600 2266 sunt
614 2207 803 2290 provinciae
820 2205 997 2290 Episcopis.
1040 2205 1176 2285 Quodsi
1194 2205 1291 2264 nullo

237 2289 396 2356 invitante
412 2288 599 2352 inordinate
616 2289 836 2372 superveniat,
862 2298 895 2349 et
913 2289 1041 2371 aliquos
1062 2289 1116 2351 vel
1137 2287 1289 2348 ordinare

238 2370 506 2456 praesumpserit,
533 2371 588 2436 vel
608 2372 771 2454 quoslibet
790 2379 879 2432 actus
900 2371 951 2434 illi
971 2369 1136 2432 Ecclesiae
1158 2389 1290 2451 compe-

237 2464 342 2533 tentes
359 2455 447 2526 adse
466 2454 574 2516 minias
593 2455 795 2538 pertinentes
811 2475 966 2538 usurpare
987 2454 1171 2530 tentaverit,
1188 2473 1290 2515 vacua

236 2537 427 2620 quidemst
453 2537 564 2598 inania
587 2547 686 2598 erunt
712 2537 821 2598 omnia
843 2557 927 2617 quae
948 2537 1096 2618 gesserit,
1123 2535 1191 2618 ipse
1213 2533 1291 2596 reri)
1325 2577 1327 2583 -

237 2619 336 2682 huius
363 2618 596 2702 indisciplinati
617 2639 718 2683 ausus.
738 2630 770 2682 et
791 2618 1019 2683 irrationabilis
1049 2619 1156 2702 coepti
1180 2618 1295 2700 dignas

170 2744 173 2750 =
239 2725 349 2764 causas
366 2703 540 2786 expendat,
564 2711 726 2786 tamquam
741 2702 903 2784 depositus
923 2702 1068 2782 dsancta
1090 2702 1235 2784 synodo,
1261 2707 1294 2765 et

238 2796 373 2872 propter
390 2784 574 2852 huiusmodi
599 2787 894 2869 praesumptionem
912 2785 975 2850 iam
995 2785 1250 2866 praedamnatus.

177 2869 278 2934 Ceno.
295 2866 474 2932 Sardoam.
497 2869 543 2932 18.
584 2869 752 2932 Ianuarius
773 2867 952 2952 Episcopus
974 2867 1072 2933 disis:
1100 2867 1188 2928 Illud
1209 2887 1294 2947 quo-

238 2974 303 3035 que
319 2962 436 3014 statuat
450 2950 601 3014 sanctitas
621 2961 739 3031 vestra,
762 2960 799 3013 ut
817 2951 902 3012 nulli
921 2951 1019 3013 liceat
1037 2949 1197 3032 Episcopo
1216 2949 1297 3009 alte-

239 3036 308 3097 rius
327 3035 480 3120 Episcopi
502 3033 642 3100 civitatis
666 3034 851 3098 ministrum
862 3031 1117 3098 ecclesiasticum
1137 3031 1292 3102 sollicitp-

239 3135 294 3194 re,
320 3127 353 3178 et
381 3117 415 3178 in
443 3117 509 3180 suis
539 3117 701 3200 parochiis
729 3117 891 3178 ordinare.
939 3115 1090 3180 Universi
1120 3114 1291 3174 dixerunt:

238 3201 367 3272 Placet;
398 3201 476 3283 quia
504 3197 619 3261 ex‘his
640 3197 877 3262 intentionibus
905 3197 989 3260 solet
1011 3197 1099 3256 nasci
1121 3194 1293 3258 discordia.

240 3285 283 3344 Et
307 3281 382 3344 ideo
409 3282 562 3367 prohihet
590 3281 736 3346 omnium
756 3279 916 3356 sententia
939 3300 979 3346 ne
1004 3277 1078 3362 quis
1100 3277 1163 3338 hoc
1186 3279 1294 3354 facere

242 3366 368 3427 audeat.
712 3412 715 3420 .
906 3393 909 3403 =
1036 3373 1037 3378 ’

177 3450 348 3517 Innocent.
363 3447 464 3531 Epist.
484 3470 512 3529 7.
555 3445 765 3510 Innocentius
779 3441 972 3522 Florentino
992 3441 1154 3524 Episcopo
1172 3440 1296 3501 Tibur-.

238 3530 370 3592 tineosi.
409 3531 482 3594 Non
503 3529 602 3596 semel
624 3528 681 3592 sed
701 3526 898 3610 aliquotiens
926 3525 1042 3592 clamat
1064 3525 1221 3605 scriptura
1240 3522 1292 3582 di-

240 3614 317 3677 vina
332 3613 501 3674 transferri
520 3635 587 3674 non
600 3621 749 3710 oportere
765 3607 921 3677 terminos
940 3607 958 3667 a
973 3606 1116 3690 patribus
1131 3605 1291 3666 constitu-

238 3708 304 3760 tos:
330 3695 408 3778 quia
423 3697 512 3761 nefas
526 3707 585 3773 est,
602 3719 629 3758 ει
646 3693 735 3776 quod
753 3693 835 3754 alter
855 3711 983 3775 semper
1004 3688 1191 3782 possederit,
1202 3687 1293 3760 ¹alter

239 3775 380 3861 invadat.
423 3779 520 3856 Quod
534 3787 623 3838 tuam
635 3775 812 3840 bonitatem
826 3775 929 3836 frater
945 3781 988 3833 et·
999 3772 1209 3856 coepiscopus
1231 3791 1293 3830 no-

239 3873 303 3924 ster
318 3865 418 3924 Ursus
435 3861 553 3924 adserit
565 3869 774 3944 perpetrasse.
816 3857 896 3918 Nam
909 3856 1143 3917 Nomentanam
1158 3853 1225 3916 sive
1241 3852 1295 3913 Fi-

240 3946 409 4008 liciensem
429 3943 616 4040 parochiam
630 3942 670 4002 ad
691 3963 782 4004 suam
803 3939 1011 4004 dioecesima
1030 3937 1206 3998 maioribus
1222 3955 1294 4018 per-

239 4029 408 4105 tinentem,
435 4027 588 4090 invasisse
607 4035 650 4104 te,
679 4034 775 4105 atque
794 4024 864 4086 illie
886 4021 998 4083 divina
1022 4019 1199 4084 celebrasse
1223 4039 1294 4101 my-

240 4111 338 4174 steria
366 4108 551 4182 inconsulto
577 4108 692 4175 eodem
715 4130 752 4194 ap
778 4107 966 4182 nesciente,
995 4126 1061 4165 non
1084 4103 1155 4166 sine
1180 4101 1293 4168 dolore

240 4201 437 4278 conquestus
446 4183 516 4256 fest.
559 4191 658 4272 Qubd
679 4190 705 4252 si
726 4211 842 4258 rerum
863 4198 920 4266 est,
945 4210 1011 4252 non
1030 4187 1148 4252 leviter
1168 4195 1200 4246 te
1220 4182 1294 4246 cul·¹
