<?xml version="1.0" encoding="UTF-8"?>
<!DOCTYPE html PUBLIC "-//W3C//DTD XHTML 1.0 Transitional//EN"
    "http://www.w3.org/TR/xhtml1/DTD/xhtml1-transitional.dtd">
<html xmlns="http://www.w3.org/1999/xhtml" xml:lang="en" lang="en">
 <head>
  <title>
</title>
<meta http-equiv="Content-Type" content="text/html;charset=utf-8" />
  <meta name='ocr-system' content='tesseract 3.04.00' />
  <meta name='ocr-capabilities' content='ocr_page ocr_carea ocr_par ocr_line ocrx_word'/>
</head>
<body>
  <div class='ocr_page' id='page_1' title='image "./corpusiurisgerm05visigoog_0236.png"; bbox 0 0 2952 4988; ppageno 0'>
   <div class='ocr_carea' id='block_1_1' title="bbox 287 293 1296 388">
    <p class='ocr_par' dir='ltr' id='par_1_1' title="bbox 287 293 1296 388">
     <span class='ocr_line' id='line_1_1' title="bbox 287 293 1296 388; baseline -0.006 -17"><span class='ocrx_word' id='word_1_1' title='bbox 287 319 323 372; x_wconf 75' lang='lat' dir='ltr'><em>n.</em></span> <span class='ocrx_word' id='word_1_2' title='bbox 343 314 431 372; x_wconf 80' lang='lat' dir='ltr'><em>cna.</em></span> <span class='ocrx_word' id='word_1_3' title='bbox 535 311 673 372; x_wconf 81' lang='lat' dir='ltr'><em>arcun</em></span> <span class='ocrx_word' id='word_1_4' title='bbox 692 311 930 373; x_wconf 80' lang='lat' dir='ltr'><em>rnrnconnn</em></span> <span class='ocrx_word' id='word_1_5' title='bbox 1045 307 1108 369; x_wconf 82' lang='lat' dir='ltr'><em>act.</em></span> <span class='ocrx_word' id='word_1_6' title='bbox 1213 293 1296 388; x_wconf 18' lang='lat'><em>223,</em></span> 
     </span>
    </p>
   </div>
   <div class='ocr_carea' id='block_1_2' title="bbox 143 448 1287 622">
    <p class='ocr_par' dir='ltr' id='par_1_2' title="bbox 143 448 1287 622">
     <span class='ocr_line' id='line_1_2' title="bbox 143 448 1287 534; baseline -0.006 -14"><span class='ocrx_word' id='word_1_7' title='bbox 143 479 258 520; x_wconf 81' lang='lat' dir='ltr'><em>earum</em></span> <span class='ocrx_word' id='word_1_8' title='bbox 280 455 437 530; x_wconf 89' lang='lat' dir='ltr'><em>iustitias,</em></span> <span class='ocrx_word' id='word_1_9' title='bbox 465 463 530 515; x_wconf 87' lang='lat' dir='ltr'><em>tarn</em></span> <span class='ocrx_word' id='word_1_10' title='bbox 548 454 592 524; x_wconf 56' lang='lat' dir='ltr'><em>in,</em></span> <span class='ocrx_word' id='word_1_11' title='bbox 605 453 672 516; x_wconf 85' lang='lat' dir='ltr'><em>vita</em></span> <span class='ocrx_word' id='word_1_12' title='bbox 695 452 827 514; x_wconf 89' lang='lat' dir='ltr'><em>illorum</em></span> <span class='ocrx_word' id='word_1_13' title='bbox 841 453 899 534; x_wconf 89' lang='lat' dir='ltr'><em>qui</em></span> <span class='ocrx_word' id='word_1_14' title='bbox 912 451 1064 515; x_wconf 85' lang='lat' dir='ltr'><em>habitant</em></span> <span class='ocrx_word' id='word_1_15' title='bbox 1081 449 1115 510; x_wconf 91' lang='lat' dir='ltr'><em>in</em></span> <span class='ocrx_word' id='word_1_16' title='bbox 1136 448 1213 534; x_wconf 82' lang='lat' dir='ltr'><em>ipsis</em></span> <span class='ocrx_word' id='word_1_17' title='bbox 1226 450 1287 513; x_wconf 88' lang='lat' dir='ltr'><em>Ec·</em></span> 
     </span>
     <span class='ocr_line' id='line_1_3' title="bbox 144 536 1089 622; baseline -0.011 -18"><span class='ocrx_word' id='word_1_18' title='bbox 144 541 276 615; x_wconf 84' lang='lat' dir='ltr'><em>clesiis,</em></span> <span class='ocrx_word' id='word_1_19' title='bbox 300 540 461 622; x_wconf 81' lang='lat' dir='ltr'><em>ququue</em></span> <span class='ocrx_word' id='word_1_20' title='bbox 484 538 518 596; x_wconf 90' lang='lat' dir='ltr'><em>in</em></span> <span class='ocrx_word' id='word_1_21' title='bbox 536 537 686 621; x_wconf 88' lang='lat' dir='ltr'><em>pecuniis</em></span> <span class='ocrx_word' id='word_1_22' title='bbox 702 546 734 598; x_wconf 90' lang='lat' dir='ltr'><em>et</em></span> <span class='ocrx_word' id='word_1_23' title='bbox 755 536 943 598; x_wconf 82' lang='lat' dir='ltr'><em>substantiis</em></span> <span class='ocrx_word' id='word_1_24' title='bbox 966 555 1089 596; x_wconf 87' lang='lat' dir='ltr'><em>eorum.</em></span> 
     </span>
    </p>
   </div>
   <div class='ocr_carea' id='block_1_3' title="bbox 475 641 955 728">
    <p class='ocr_par' dir='ltr' id='par_1_3' title="bbox 475 641 955 728">
     <span class='ocr_line' id='line_1_4' title="bbox 475 641 955 728; baseline -0.008 -24"><span class='ocrx_word' id='word_1_25' title='bbox 475 641 523 704; x_wconf 86' lang='lat' dir='ltr'><em>De</em></span> <span class='ocrx_word' id='word_1_26' title='bbox 543 656 697 726; x_wconf 78' lang='lat' dir='ltr'><em>potestate</em></span> <span class='ocrx_word' id='word_1_27' title='bbox 713 641 955 728; x_wconf 85' lang='lat' dir='ltr'><em>Episcoporum.</em></span> 
     </span>
    </p>
   </div>
   <div class='ocr_carea' id='block_1_4' title="bbox 144 743 1333 1084">
    <p class='ocr_par' dir='ltr' id='par_1_4' title="bbox 144 743 1333 1084">
     <span class='ocr_line' id='line_1_5' title="bbox 229 743 1285 832; baseline -0.008 -19"><span class='ocrx_word' id='word_1_28' title='bbox 229 753 270 814; x_wconf 90' lang='lat' dir='ltr'><em>ll.</em></span> <span class='ocrx_word' id='word_1_29' title='bbox 288 755 289 764; x_wconf 75' lang='grc'>’</span> <span class='ocrx_word' id='word_1_30' title='bbox 312 753 355 812; x_wconf 89' lang='lat' dir='ltr'><em>Ut</em></span> <span class='ocrx_word' id='word_1_31' title='bbox 370 771 482 812; x_wconf 85' lang='lat' dir='ltr'><em>ornnes</em></span> <span class='ocrx_word' id='word_1_32' title='bbox 495 749 648 832; x_wconf 90' lang='lat' dir='ltr'><strong>Episcopi</strong></span> <span class='ocrx_word' id='word_1_33' title='bbox 666 748 858 832; x_wconf 76' lang='lat' dir='ltr'><em>potestative</em></span> <span class='ocrx_word' id='word_1_34' title='bbox 876 745 1057 809; x_wconf 73' lang='lat' dir='ltr'><em>secundnm</em></span> <span class='ocrx_word' id='word_1_35' title='bbox 1072 743 1220 826; x_wconf 78' lang='lat' dir='ltr'><em>regulam</em></span> <span class='ocrx_word' id='word_1_36' title='bbox 1230 766 1285 806; x_wconf 87' lang='lat' dir='ltr'><em>ca-</em></span> 
     </span>
     <span class='ocr_line' id='line_1_6' title="bbox 146 827 1287 914; baseline -0.008 -16"><span class='ocrx_word' id='word_1_37' title='bbox 146 836 299 898; x_wconf 90' lang='lat' dir='ltr'><em>nonicam</em></span> <span class='ocrx_word' id='word_1_38' title='bbox 323 835 472 910; x_wconf 81' lang='lat' dir='ltr'><em>doceant,</em></span> <span class='ocrx_word' id='word_1_39' title='bbox 495 841 658 914; x_wconf 75' lang='lat' dir='ltr'><em>ctregant</em></span> <span class='ocrx_word' id='word_1_40' title='bbox 678 827 790 893; x_wconf 83' lang='lat' dir='ltr'><em>corum</em></span> <span class='ocrx_word' id='word_1_41' title='bbox 807 830 997 905; x_wconf 88' lang='lat' dir='ltr'><em>ministeria,</em></span> <span class='ocrx_word' id='word_1_42' title='bbox 1022 829 1141 887; x_wconf 90' lang='lat' dir='ltr'><em>tamin</em></span> <span class='ocrx_word' id='word_1_43' title='bbox 1162 849 1287 890; x_wconf 88' lang='lat' dir='ltr'><em>monas-</em></span> 
     </span>
     <span class='ocr_line' id='line_1_7' title="bbox 144 911 1333 998; baseline -0.008 -17"><span class='ocrx_word' id='word_1_44' title='bbox 144 920 237 982; x_wconf 89' lang='lat' dir='ltr'><em>teriis</em></span> <span class='ocrx_word' id='word_1_45' title='bbox 253 919 398 979; x_wconf 86' lang='lat' dir='ltr'><em>virorum</em></span> <span class='ocrx_word' id='word_1_46' title='bbox 419 917 515 998; x_wconf 78' lang='lat' dir='ltr'><em>qulm</em></span> <span class='ocrx_word' id='word_1_47' title='bbox 533 915 728 998; x_wconf 85' lang='lat' dir='ltr'>puellarum,</span> <span class='ocrx_word' id='word_1_48' title='bbox 751 914 805 976; x_wconf 87' lang='lat' dir='ltr'><em>vel</em></span> <span class='ocrx_word' id='word_1_49' title='bbox 821 913 855 974; x_wconf 88' lang='lat' dir='ltr'><em>in</em></span> <span class='ocrx_word' id='word_1_50' title='bbox 868 911 1056 974; x_wconf 63' lang='lat' dir='ltr'><em>forensibus</em></span> <span class='ocrx_word' id='word_1_51' title='bbox 1071 911 1284 995; x_wconf 74' lang='lat' dir='ltr'><em>PresbyteriS‚</em></span> <span class='ocrx_word' id='word_1_52' title='bbox 1331 945 1333 950; x_wconf 89' lang='lat'><em>·</em></span> 
     </span>
     <span class='ocr_line' id='line_1_8' title="bbox 146 998 586 1084; baseline -0.014 -20"><span class='ocrx_word' id='word_1_53' title='bbox 146 1025 205 1065; x_wconf 89' lang='lat' dir='ltr'><em>seu</em></span> <span class='ocrx_word' id='word_1_54' title='bbox 220 1001 349 1084; x_wconf 90' lang='lat' dir='ltr'><em>reliquo</em></span> <span class='ocrx_word' id='word_1_55' title='bbox 370 999 493 1083; x_wconf 91' lang='lat' dir='ltr'><em>populo</em></span> <span class='ocrx_word' id='word_1_56' title='bbox 513 998 586 1060; x_wconf 89' lang='lat' dir='ltr'><em>Dei.</em></span> 
     </span>
    </p>
   </div>
   <div class='ocr_carea' id='block_1_5' title="bbox 152 1093 1286 1273">
    <p class='ocr_par' dir='ltr' id='par_1_5' title="bbox 152 1093 1286 1273">
     <span class='ocr_line' id='line_1_9' title="bbox 152 1093 1286 1250; baseline -0.006 -81"><span class='ocrx_word' id='word_1_57' title='bbox 152 1106 198 1169; x_wconf 90' lang='lat' dir='ltr'><em>Ut</em></span> <span class='ocrx_word' id='word_1_58' title='bbox 214 1093 351 1192; x_wconf 65' lang='lat' dir='ltr'><em>iiiduae,</em></span> <span class='ocrx_word' id='word_1_59' title='bbox 382 1105 520 1189; x_wconf 78' lang='lat' dir='ltr'><em>orphani</em></span> <span class='ocrx_word' id='word_1_60' title='bbox 528 1149 538 1184; x_wconf 95' lang='lat'><em>,</em></span> <span class='ocrx_word' id='word_1_61' title='bbox 567 1103 728 1250; x_wconf 66' lang='lat' dir='ltr'><em>etlminds</em></span> <span class='ocrx_word' id='word_1_62' title='bbox 747 1102 1047 1200; x_wconf 52' lang='lat' dir='ltr'><em>potentes‘hudeant</em></span> <span class='ocrx_word' id='word_1_63' title='bbox 1068 1099 1286 1184; x_wconf 72' lang='lat' dir='ltr'><em>defensionem</em></span> 
     </span>
     <span class='ocr_line' id='line_1_10' title="bbox 628 1191 1259 1273; baseline -0.013 -25"><span class='ocrx_word' id='word_1_64' title='bbox 628 1199 827 1273; x_wconf 83' lang='lat' dir='ltr'><em>mperutorrs.</em></span> <span class='ocrx_word' id='word_1_65' title='bbox 1258 1191 1259 1196; x_wconf 77' lang='grc'>’</span> 
     </span>
    </p>
   </div>
   <div class='ocr_carea' id='block_1_6' title="bbox 144 1287 1286 1650">
    <p class='ocr_par' dir='ltr' id='par_1_6' title="bbox 144 1287 1286 1544">
     <span class='ocr_line' id='line_1_11' title="bbox 228 1287 1286 1375; baseline -0.009 -15"><span class='ocrx_word' id='word_1_66' title='bbox 228 1298 286 1360; x_wconf 89' lang='lat' dir='ltr'><em>Ill.</em></span> <span class='ocrx_word' id='word_1_67' title='bbox 328 1299 372 1360; x_wconf 88' lang='lat' dir='ltr'><em>Ut</em></span> <span class='ocrx_word' id='word_1_68' title='bbox 388 1292 505 1359; x_wconf 84' lang='lat' dir='ltr'><em>viduae</em></span> <span class='ocrx_word' id='word_1_69' title='bbox 529 1301 561 1354; x_wconf 87' lang='lat' dir='ltr'><em>ct</em></span> <span class='ocrx_word' id='word_1_70' title='bbox 579 1292 734 1375; x_wconf 91' lang='lat' dir='ltr'><em>orphani,</em></span> <span class='ocrx_word' id='word_1_71' title='bbox 766 1302 798 1353; x_wconf 89' lang='lat' dir='ltr'><em>et</em></span> <span class='ocrx_word' id='word_1_72' title='bbox 817 1287 923 1352; x_wconf 68' lang='lat' dir='ltr'><em>minius</em></span> <span class='ocrx_word' id='word_1_73' title='bbox 946 1300 1114 1374; x_wconf 88' lang='lat' dir='ltr'><em>potentes,</em></span> <span class='ocrx_word' id='word_1_74' title='bbox 1142 1290 1202 1352; x_wconf 89' lang='lat' dir='ltr'><em>snb</em></span> <span class='ocrx_word' id='word_1_75' title='bbox 1221 1289 1286 1352; x_wconf 89' lang='lat' dir='ltr'><em>Dei</em></span> 
     </span>
     <span class='ocr_line' id='line_1_12' title="bbox 144 1373 1286 1460; baseline -0.008 -16"><span class='ocrx_word' id='word_1_76' title='bbox 144 1379 336 1460; x_wconf 82' lang='lat' dir='ltr'><em>defensione</em></span> <span class='ocrx_word' id='word_1_77' title='bbox 359 1389 392 1440; x_wconf 90' lang='lat' dir='ltr'><em>et</em></span> <span class='ocrx_word' id='word_1_78' title='bbox 412 1387 524 1440; x_wconf 89' lang='lat' dir='ltr'><em>nostro</em></span> <span class='ocrx_word' id='word_1_79' title='bbox 546 1377 772 1439; x_wconf 85' lang='lat' dir='ltr'><strong>mundeburdo</strong></span> <span class='ocrx_word' id='word_1_80' title='bbox 791 1396 906 1459; x_wconf 86' lang='lat' dir='ltr'><em>pacem</em></span> <span class='ocrx_word' id='word_1_81' title='bbox 928 1373 1088 1453; x_wconf 82' lang='lat' dir='ltr'><em>habeant,</em></span> <span class='ocrx_word' id='word_1_82' title='bbox 1120 1382 1286 1436; x_wconf 88' lang='lat' dir='ltr'><em>eteorum</em></span> 
     </span>
     <span class='ocr_line' id='line_1_13' title="bbox 144 1462 1281 1544; baseline -0.008 -20"><span class='ocrx_word' id='word_1_83' title='bbox 144 1463 281 1526; x_wconf 88' lang='lat' dir='ltr'><em>iustitias</em></span> <span class='ocrx_word' id='word_1_84' title='bbox 305 1462 489 1544; x_wconf 81' lang='lat' dir='ltr'><strong>adquirant.</strong></span> <span class='ocrx_word' id='word_1_85' title='bbox 805 1475 808 1482; x_wconf 86' lang='grc'>·</span> <span class='ocrx_word' id='word_1_86' title='bbox 1271 1479 1281 1500; x_wconf 80' lang='grc'><em>·</em></span> 
     </span>
    </p>

    <p class='ocr_par' dir='ltr' id='par_1_7' title="bbox 340 1561 1087 1650">
     <span class='ocr_line' id='line_1_14' title="bbox 340 1561 1087 1650; baseline -0.009 -21"><span class='ocrx_word' id='word_1_87' title='bbox 340 1569 390 1629; x_wconf 91' lang='lat' dir='ltr'><em>De</em></span> <span class='ocrx_word' id='word_1_88' title='bbox 424 1563 598 1630; x_wconf 83' lang='lat' dir='ltr'><em>concordie</em></span> <span class='ocrx_word' id='word_1_89' title='bbox 617 1563 850 1650; x_wconf 87' lang='lat' dir='ltr'><em>Episcoporum</em></span> <span class='ocrx_word' id='word_1_90' title='bbox 871 1576 902 1626; x_wconf 87' lang='lat' dir='ltr'><em>et</em></span> <span class='ocrx_word' id='word_1_91' title='bbox 924 1561 1087 1624; x_wconf 83' lang='lat' dir='ltr'><em>Comitum.</em></span> 
     </span>
    </p>
   </div>
   <div class='ocr_carea' id='block_1_7' title="bbox 140 1656 1299 2028">
    <p class='ocr_par' dir='ltr' id='par_1_8' title="bbox 140 1656 1299 2028">
     <span class='ocr_line' id='line_1_15' title="bbox 227 1656 1284 1758; baseline -0.006 -22"><span class='ocrx_word' id='word_1_92' title='bbox 227 1676 283 1738; x_wconf 85' lang='lat' dir='ltr'><em>IV·</em></span> <span class='ocrx_word' id='word_1_93' title='bbox 333 1671 487 1758; x_wconf 86' lang='lat' dir='ltr'>Episcopi</span> <span class='ocrx_word' id='word_1_94' title='bbox 515 1692 590 1732; x_wconf 89' lang='lat' dir='ltr'><em>cnm</em></span> <span class='ocrx_word' id='word_1_95' title='bbox 623 1668 802 1731; x_wconf 89' lang='lat' dir='ltr'><em>Comitibus</em></span> <span class='ocrx_word' id='word_1_96' title='bbox 826 1679 939 1746; x_wconf 79' lang='lat' dir='ltr'><em>stent,</em></span> <span class='ocrx_word' id='word_1_97' title='bbox 976 1677 1008 1730; x_wconf 89' lang='lat' dir='ltr'><em>et</em></span> <span class='ocrx_word' id='word_1_98' title='bbox 1038 1656 1180 1730; x_wconf 79' lang='lat' dir='ltr'><em>Comites</em></span> <span class='ocrx_word' id='word_1_99' title='bbox 1208 1690 1284 1730; x_wconf 89' lang='lat' dir='ltr'><em>cnm</em></span> 
     </span>
     <span class='ocr_line' id='line_1_16' title="bbox 141 1750 1283 1855; baseline -0.007 -34"><span class='ocrx_word' id='word_1_100' title='bbox 141 1754 331 1855; x_wconf 73' lang='lat' dir='ltr'><em>Episeopis,</em></span> <span class='ocrx_word' id='word_1_101' title='bbox 365 1765 402 1816; x_wconf 90' lang='lat' dir='ltr'><em>ut</em></span> <span class='ocrx_word' id='word_1_102' title='bbox 429 1764 567 1838; x_wconf 88' lang='lat' dir='ltr'><em>uterque</em></span> <span class='ocrx_word' id='word_1_103' title='bbox 595 1752 739 1838; x_wconf 85' lang='lat' dir='ltr'><em>pleniter</em></span> <span class='ocrx_word' id='word_1_104' title='bbox 765 1775 860 1815; x_wconf 89' lang='lat' dir='ltr'><em>snum</em></span> <span class='ocrx_word' id='word_1_105' title='bbox 886 1750 1102 1814; x_wconf 90' lang='lat' dir='ltr'><em>ministerium</em></span> <span class='ocrx_word' id='word_1_106' title='bbox 1127 1765 1283 1836; x_wconf 82' lang='lat' dir='ltr'><em>peragere</em></span> 
     </span>
     <span class='ocr_line' id='line_1_17' title="bbox 140 1851 1031 1926; baseline 0.009 -24"><span class='ocrx_word' id='word_1_107' title='bbox 140 1851 251 1926; x_wconf 84' lang='lat' dir='ltr'><em>possrt.</em></span> <span class='ocrx_word' id='word_1_108' title='bbox 733 1903 734 1908; x_wconf 74' lang='grc'>,</span> <span class='ocrx_word' id='word_1_109' title='bbox 1029 1917 1031 1926; x_wconf 37' lang='grc' dir='ltr'>Ι</span> 
     </span>
     <span class='ocr_line' id='line_1_18' title="bbox 243 1940 1299 2028; baseline -0.001 -22"><span class='ocrx_word' id='word_1_110' title='bbox 243 1945 294 2006; x_wconf 89' lang='lat' dir='ltr'><em>De</em></span> <span class='ocrx_word' id='word_1_111' title='bbox 316 1947 505 2018; x_wconf 83' lang='lat' dir='ltr'><em>latronibus,</em></span> <span class='ocrx_word' id='word_1_112' title='bbox 537 1943 720 2016; x_wconf 79' lang='lat' dir='ltr'><em>homicidis,</em></span> <span class='ocrx_word' id='word_1_113' title='bbox 744 1941 912 2016; x_wconf 83' lang='lat' dir='ltr'><em>adulteris,</em></span> <span class='ocrx_word' id='word_1_114' title='bbox 935 1955 966 2002; x_wconf 85' lang='lat' dir='ltr'><em>et</em></span> <span class='ocrx_word' id='word_1_115' title='bbox 986 1940 1200 2028; x_wconf 70' lang='lat' dir='ltr'><em>incestuosis.¹</em></span> <span class='ocrx_word' id='word_1_116' title='bbox 1296 2001 1299 2005; x_wconf 88' lang='lat'>.</span> 
     </span>
    </p>
   </div>
   <div class='ocr_carea' id='block_1_8' title="bbox 141 2031 1282 2297">
    <p class='ocr_par' dir='ltr' id='par_1_9' title="bbox 141 2031 1282 2297">
     <span class='ocr_line' id='line_1_19' title="bbox 160 2031 1282 2130; baseline 0 -18"><span class='ocrx_word' id='word_1_117' title='bbox 160 2127 161 2130; x_wconf 7' lang='grc' dir='ltr'><strong>Ἴ</strong></span> <span class='ocrx_word' id='word_1_118' title='bbox 225 2053 265 2130; x_wconf 75' lang='lat' dir='ltr'><em>V.</em></span> <span class='ocrx_word' id='word_1_119' title='bbox 308 2054 353 2112; x_wconf 86' lang='lat' dir='ltr'><em>Ut</em></span> <span class='ocrx_word' id='word_1_120' title='bbox 374 2053 527 2127; x_wconf 89' lang='lat' dir='ltr'><em>latrones,</em></span> <span class='ocrx_word' id='word_1_121' title='bbox 549 2050 602 2113; x_wconf 85' lang='lat' dir='ltr'><em>vel</em></span> <span class='ocrx_word' id='word_1_122' title='bbox 620 2047 815 2126; x_wconf 85' lang='lat' dir='ltr'><em>homicidae,</em></span> <span class='ocrx_word' id='word_1_123' title='bbox 837 2071 895 2110; x_wconf 90' lang='lat' dir='ltr'><em>sen</em></span> <span class='ocrx_word' id='word_1_124' title='bbox 914 2031 1053 2108; x_wconf 82' lang='lat' dir='ltr'><em>adulteri</em></span> <span class='ocrx_word' id='word_1_125' title='bbox 1072 2057 1105 2108; x_wconf 90' lang='lat' dir='ltr'><em>et</em></span> <span class='ocrx_word' id='word_1_126' title='bbox 1120 2048 1282 2112; x_wconf 89' lang='lat' dir='ltr'><em>incestuo-</em></span> 
     </span>
     <span class='ocr_line' id='line_1_20' title="bbox 141 2129 1281 2217; baseline -0.002 -21"><span class='ocrx_word' id='word_1_127' title='bbox 141 2134 180 2217; x_wconf 81' lang='lat' dir='ltr'><em>si,</em></span> <span class='ocrx_word' id='word_1_128' title='bbox 203 2133 262 2196; x_wconf 80' lang='lat' dir='ltr'><em>suh</em></span> <span class='ocrx_word' id='word_1_129' title='bbox 282 2155 397 2216; x_wconf 82' lang='lat' dir='ltr'><em>magna</em></span> <span class='ocrx_word' id='word_1_130' title='bbox 414 2133 617 2194; x_wconf 85' lang='lat' dir='ltr'><em>districtione</em></span> <span class='ocrx_word' id='word_1_131' title='bbox 638 2142 670 2192; x_wconf 89' lang='lat' dir='ltr'><em>et</em></span> <span class='ocrx_word' id='word_1_132' title='bbox 691 2130 894 2193; x_wconf 84' lang='lat' dir='ltr'><em>correctione</em></span> <span class='ocrx_word' id='word_1_133' title='bbox 915 2129 981 2194; x_wconf 89' lang='lat' dir='ltr'><em>sint</em></span> <span class='ocrx_word' id='word_1_134' title='bbox 1003 2133 1145 2216; x_wconf 86' lang='lat' dir='ltr'><em>correpti</em></span> <span class='ocrx_word' id='word_1_135' title='bbox 1166 2153 1281 2196; x_wconf 89' lang='lat' dir='ltr'><em>secun-</em></span> 
     </span>
     <span class='ocr_line' id='line_1_21' title="bbox 141 2213 834 2297; baseline -0.004 -19"><span class='ocrx_word' id='word_1_136' title='bbox 141 2217 219 2278; x_wconf 84' lang='lat' dir='ltr'><em>dlrm</em></span> <span class='ocrx_word' id='word_1_137' title='bbox 238 2239 354 2281; x_wconf 88' lang='lat' dir='ltr'><em>curam</em></span> <span class='ocrx_word' id='word_1_138' title='bbox 375 2217 622 2280; x_wconf 85' lang='lat' dir='ltr'><em>Baiuvariorum</em></span> <span class='ocrx_word' id='word_1_139' title='bbox 640 2213 694 2278; x_wconf 80' lang='lat' dir='ltr'><em>rel</em></span> <span class='ocrx_word' id='word_1_140' title='bbox 718 2215 834 2297; x_wconf 85' lang='lat' dir='ltr'><em>legem.</em></span> 
     </span>
    </p>
   </div>
   <div class='ocr_carea' id='block_1_9' title="bbox 533 2321 885 2406">
    <p class='ocr_par' dir='ltr' id='par_1_10' title="bbox 533 2321 885 2406">
     <span class='ocr_line' id='line_1_22' title="bbox 533 2321 885 2406; baseline -0.003 -23"><span class='ocrx_word' id='word_1_141' title='bbox 533 2324 583 2383; x_wconf 90' lang='lat' dir='ltr'><em>De</em></span> <span class='ocrx_word' id='word_1_142' title='bbox 605 2322 697 2383; x_wconf 85' lang='lat' dir='ltr'><em>rebus</em></span> <span class='ocrx_word' id='word_1_143' title='bbox 715 2321 885 2406; x_wconf 87' lang='lat' dir='ltr'><em>proprisis.</em></span> 
     </span>
    </p>
   </div>
   <div class='ocr_carea' id='block_1_10' title="bbox 91 2425 1280 2855">
    <p class='ocr_par' dir='ltr' id='par_1_11' title="bbox 91 2425 1280 2855">
     <span class='ocr_line' id='line_1_23' title="bbox 225 2425 1280 2511; baseline 0.004 -22"><span class='ocrx_word' id='word_1_144' title='bbox 225 2429 282 2495; x_wconf 87' lang='lat' dir='ltr'><em>VI.</em></span> <span class='ocrx_word' id='word_1_145' title='bbox 323 2431 373 2492; x_wconf 90' lang='lat' dir='ltr'><em>De</em></span> <span class='ocrx_word' id='word_1_146' title='bbox 389 2428 487 2492; x_wconf 84' lang='lat' dir='ltr'><em>rebus</em></span> <span class='ocrx_word' id='word_1_147' title='bbox 508 2427 682 2511; x_wconf 90' lang='lat' dir='ltr'><em>proprisis,</em></span> <span class='ocrx_word' id='word_1_148' title='bbox 712 2436 749 2486; x_wconf 90' lang='lat' dir='ltr'><em>ut</em></span> <span class='ocrx_word' id='word_1_149' title='bbox 769 2435 842 2494; x_wconf 83' lang='lat' dir='ltr'><em>ante</em></span> <span class='ocrx_word' id='word_1_150' title='bbox 857 2425 970 2490; x_wconf 90' lang='lat' dir='ltr'><em>Missos</em></span> <span class='ocrx_word' id='word_1_151' title='bbox 989 2427 1044 2490; x_wconf 83' lang='lat' dir='ltr'><em>vel</em></span> <span class='ocrx_word' id='word_1_152' title='bbox 1062 2428 1203 2493; x_wconf 87' lang='lat' dir='ltr'><em>Comites</em></span> <span class='ocrx_word' id='word_1_153' title='bbox 1217 2451 1280 2492; x_wconf 85' lang='lat' dir='ltr'><em>no-</em></span> 
     </span>
     <span class='ocr_line' id='line_1_24' title="bbox 141 2509 1278 2593; baseline 0 -18"><span class='ocrx_word' id='word_1_154' title='bbox 141 2522 222 2576; x_wconf 81' lang='lat' dir='ltr'><em>stros</em></span> <span class='ocrx_word' id='word_1_155' title='bbox 245 2522 277 2572; x_wconf 91' lang='lat' dir='ltr'><em>et</em></span> <span class='ocrx_word' id='word_1_156' title='bbox 291 2513 417 2573; x_wconf 90' lang='lat' dir='ltr'><em>ludices</em></span> <span class='ocrx_word' id='word_1_157' title='bbox 439 2513 583 2588; x_wconf 87' lang='lat' dir='ltr'><em>veniant,</em></span> <span class='ocrx_word' id='word_1_158' title='bbox 605 2519 637 2571; x_wconf 89' lang='lat' dir='ltr'><em>ct</em></span> <span class='ocrx_word' id='word_1_159' title='bbox 658 2509 703 2569; x_wconf 89' lang='lat' dir='ltr'><em>ibi</em></span> <span class='ocrx_word' id='word_1_160' title='bbox 721 2509 883 2593; x_wconf 85' lang='lat' dir='ltr'><em>accipiant</em></span> <span class='ocrx_word' id='word_1_161' title='bbox 897 2509 1055 2572; x_wconf 88' lang='lat' dir='ltr'><em>finitivam</em></span> <span class='ocrx_word' id='word_1_162' title='bbox 1071 2513 1278 2576; x_wconf 86' lang='lat' dir='ltr'><em>sententiam.</em></span> 
     </span>
     <span class='ocr_line' id='line_1_25' title="bbox 139 2592 1278 2678; baseline -0.001 -20"><span class='ocrx_word' id='word_1_163' title='bbox 139 2596 184 2658; x_wconf 90' lang='lat' dir='ltr'><em>Et</em></span> <span class='ocrx_word' id='word_1_164' title='bbox 204 2595 296 2655; x_wconf 68' lang='lat' dir='ltr'><em>antei</em></span> <span class='ocrx_word' id='word_1_165' title='bbox 315 2595 425 2656; x_wconf 92' lang='lat' dir='ltr'><em>nullus</em></span> <span class='ocrx_word' id='word_1_166' title='bbox 443 2603 625 2678; x_wconf 86' lang='lat' dir='ltr'><em>praesumat</em></span> <span class='ocrx_word' id='word_1_167' title='bbox 642 2592 775 2654; x_wconf 88' lang='lat' dir='ltr'><em>alterius</em></span> <span class='ocrx_word' id='word_1_168' title='bbox 793 2614 844 2653; x_wconf 92' lang='lat' dir='ltr'><em>res</em></span> <span class='ocrx_word' id='word_1_169' title='bbox 860 2593 1074 2676; x_wconf 87' lang='lat' dir='ltr'><em>propindere;</em></span> <span class='ocrx_word' id='word_1_170' title='bbox 1096 2595 1160 2657; x_wconf 90' lang='lat' dir='ltr'><em>nisi</em></span> <span class='ocrx_word' id='word_1_171' title='bbox 1176 2595 1278 2678; x_wconf 81' lang='lat' dir='ltr'><em>magis</em></span> 
     </span>
     <span class='ocr_line' id='line_1_26' title="bbox 142 2675 1278 2758; baseline 0.003 -21"><span class='ocrx_word' id='word_1_172' title='bbox 142 2697 232 2738; x_wconf 86' lang='lat' dir='ltr'><em>suam</em></span> <span class='ocrx_word' id='word_1_173' title='bbox 254 2699 382 2737; x_wconf 87' lang='lat' dir='ltr'><em>cansam</em></span> <span class='ocrx_word' id='word_1_174' title='bbox 397 2686 532 2758; x_wconf 90' lang='lat' dir='ltr'><em>quaerat</em></span> <span class='ocrx_word' id='word_1_175' title='bbox 551 2679 624 2736; x_wconf 87' lang='lat' dir='ltr'><em>ante</em></span> <span class='ocrx_word' id='word_1_176' title='bbox 640 2675 768 2738; x_wconf 89' lang='lat' dir='ltr'><em>Iudices</em></span> <span class='ocrx_word' id='word_1_177' title='bbox 782 2684 920 2754; x_wconf 87' lang='lat' dir='ltr'><em>nostros,</em></span> <span class='ocrx_word' id='word_1_178' title='bbox 942 2685 978 2736; x_wconf 89' lang='lat' dir='ltr'><em>ut</em></span> <span class='ocrx_word' id='word_1_179' title='bbox 997 2677 1156 2758; x_wconf 80' lang='lat' dir='ltr'><em>diximus,</em></span> <span class='ocrx_word' id='word_1_180' title='bbox 1178 2687 1211 2742; x_wconf 89' lang='lat' dir='ltr'><em>et</em></span> <span class='ocrx_word' id='word_1_181' title='bbox 1230 2677 1278 2740; x_wconf 84' lang='lat' dir='ltr'><em>ihi</em></span> 
     </span>
     <span class='ocr_line' id='line_1_27' title="bbox 91 2759 592 2855; baseline -0.004 -34"><span class='ocrx_word' id='word_1_182' title='bbox 91 2842 99 2855; x_wconf 94' lang='lat'><em>.</em></span> <span class='ocrx_word' id='word_1_183' title='bbox 141 2759 279 2843; x_wconf 88' lang='lat' dir='ltr'><em>recipiat</em></span> <span class='ocrx_word' id='word_1_184' title='bbox 292 2761 382 2841; x_wconf 91' lang='lat' dir='ltr'><em>quod</em></span> <span class='ocrx_word' id='word_1_185' title='bbox 399 2761 520 2821; x_wconf 88' lang='lat' dir='ltr'><em>iustum</em></span> <span class='ocrx_word' id='word_1_186' title='bbox 535 2768 592 2821; x_wconf 89' lang='lat' dir='ltr'><em>cst.</em></span> 
     </span>
    </p>
   </div>
   <div class='ocr_carea' id='block_1_11' title="bbox 279 2855 1145 2948">
    <p class='ocr_par' dir='ltr' id='par_1_12' title="bbox 279 2855 1145 2948">
     <span class='ocr_line' id='line_1_28' title="bbox 279 2855 1145 2948; baseline 0.002 -23"><span class='ocrx_word' id='word_1_187' title='bbox 279 2865 327 2926; x_wconf 89' lang='lat' dir='ltr'><em>De</em></span> <span class='ocrx_word' id='word_1_188' title='bbox 349 2888 385 2928; x_wconf 93' lang='lat' dir='ltr'><em>eo</em></span> <span class='ocrx_word' id='word_1_189' title='bbox 408 2867 464 2948; x_wconf 87' lang='lat' dir='ltr'><em>qui</em></span> <span class='ocrx_word' id='word_1_190' title='bbox 484 2865 608 2926; x_wconf 82' lang='lat' dir='ltr'><em>dixerit</em></span> <span class='ocrx_word' id='word_1_191' title='bbox 629 2863 718 2948; x_wconf 86' lang='lat' dir='ltr'><em>quod</em></span> <span class='ocrx_word' id='word_1_192' title='bbox 737 2867 767 2925; x_wconf 89' lang='lat' dir='ltr'><em>ci</em></span> <span class='ocrx_word' id='word_1_193' title='bbox 787 2861 869 2926; x_wconf 69' lang='lat' dir='ltr'><em>iusti</em></span> <span class='ocrx_word' id='word_1_194' title='bbox 890 2886 954 2928; x_wconf 89' lang='lat' dir='ltr'><em>non</em></span> <span class='ocrx_word' id='word_1_195' title='bbox 975 2855 1145 2942; x_wconf 85' lang='lat' dir='ltr'><em>iudicetur.</em></span> 
     </span>
    </p>
   </div>
   <div class='ocr_carea' id='block_1_12' title="bbox 137 2970 1277 3467">
    <p class='ocr_par' dir='ltr' id='par_1_13' title="bbox 137 2970 1277 3289">
     <span class='ocr_line' id='line_1_29' title="bbox 222 2970 1277 3053; baseline 0 -18"><span class='ocrx_word' id='word_1_196' title='bbox 222 2973 294 3035; x_wconf 83' lang='lat' dir='ltr'><em>Vll.</em></span> <span class='ocrx_word' id='word_1_197' title='bbox 336 2973 378 3033; x_wconf 89' lang='lat' dir='ltr'><em>Et</em></span> <span class='ocrx_word' id='word_1_198' title='bbox 401 2971 427 3033; x_wconf 89' lang='lat' dir='ltr'><em>si</em></span> <span class='ocrx_word' id='word_1_199' title='bbox 447 2971 565 3052; x_wconf 88' lang='lat' dir='ltr'><em>aliquis</em></span> <span class='ocrx_word' id='word_1_200' title='bbox 583 2970 726 3032; x_wconf 87' lang='lat' dir='ltr'><em>voluerit</em></span> <span class='ocrx_word' id='word_1_201' title='bbox 745 2970 853 3033; x_wconf 89' lang='lat' dir='ltr'><em>dicere</em></span> <span class='ocrx_word' id='word_1_202' title='bbox 870 2971 959 3053; x_wconf 88' lang='lat' dir='ltr'><em>quod</em></span> <span class='ocrx_word' id='word_1_203' title='bbox 979 2971 1062 3033; x_wconf 72' lang='lat' dir='ltr'><em>inste</em></span> <span class='ocrx_word' id='word_1_204' title='bbox 1083 2971 1114 3032; x_wconf 90' lang='lat' dir='ltr'><em>ci</em></span> <span class='ocrx_word' id='word_1_205' title='bbox 1136 2993 1204 3034; x_wconf 92' lang='lat' dir='ltr'><em>non</em></span> <span class='ocrx_word' id='word_1_206' title='bbox 1222 2971 1277 3035; x_wconf 89' lang='lat' dir='ltr'><em>iu-</em></span> 
     </span>
     <span class='ocr_line' id='line_1_30' title="bbox 139 3053 1276 3136; baseline 0 -19"><span class='ocrx_word' id='word_1_207' title='bbox 139 3055 278 3132; x_wconf 86' lang='lat' dir='ltr'><em>dicetur,</em></span> <span class='ocrx_word' id='word_1_208' title='bbox 300 3065 379 3116; x_wconf 90' lang='lat' dir='ltr'><em>tunc</em></span> <span class='ocrx_word' id='word_1_209' title='bbox 395 3055 429 3114; x_wconf 92' lang='lat' dir='ltr'><em>in</em></span> <span class='ocrx_word' id='word_1_210' title='bbox 445 3053 658 3136; x_wconf 78' lang='lat' dir='ltr'><em>praesentiam</em></span> <span class='ocrx_word' id='word_1_211' title='bbox 674 3062 813 3114; x_wconf 90' lang='lat' dir='ltr'><em>nostram</em></span> <span class='ocrx_word' id='word_1_212' title='bbox 828 3055 951 3115; x_wconf 76' lang='lat' dir='ltr'><em>reniats</em></span> <span class='ocrx_word' id='word_1_213' title='bbox 989 3055 1096 3116; x_wconf 90' lang='lat' dir='ltr'><em>Aliter</em></span> <span class='ocrx_word' id='word_1_214' title='bbox 1113 3075 1192 3116; x_wconf 78' lang='lat' dir='ltr'><em>vero</em></span> <span class='ocrx_word' id='word_1_215' title='bbox 1208 3077 1276 3117; x_wconf 92' lang='lat' dir='ltr'><em>non</em></span> 
     </span>
     <span class='ocr_line' id='line_1_31' title="bbox 137 3136 1276 3222; baseline 0.002 -24"><span class='ocrx_word' id='word_1_216' title='bbox 137 3147 321 3222; x_wconf 86' lang='lat' dir='ltr'><em>praesumat</em></span> <span class='ocrx_word' id='word_1_217' title='bbox 341 3137 375 3197; x_wconf 90' lang='lat' dir='ltr'><em>in</em></span> <span class='ocrx_word' id='word_1_218' title='bbox 396 3137 613 3220; x_wconf 81' lang='lat' dir='ltr'><em>praesentiam</em></span> <span class='ocrx_word' id='word_1_219' title='bbox 634 3145 775 3198; x_wconf 86' lang='lat' dir='ltr'><em>nostram</em></span> <span class='ocrx_word' id='word_1_220' title='bbox 794 3137 907 3218; x_wconf 85' lang='lat' dir='ltr'><em>venire</em></span> <span class='ocrx_word' id='word_1_221' title='bbox 926 3158 986 3222; x_wconf 90' lang='lat' dir='ltr'><em>pro</em></span> <span class='ocrx_word' id='word_1_222' title='bbox 1003 3136 1137 3198; x_wconf 88' lang='lat' dir='ltr'><em>alterius</em></span> <span class='ocrx_word' id='word_1_223' title='bbox 1153 3137 1276 3202; x_wconf 86' lang='lat' dir='ltr'><em>iustitia</em></span> 
     </span>
     <span class='ocr_line' id='line_1_32' title="bbox 138 3221 313 3289; baseline -0.011 -7"><span class='ocrx_word' id='word_1_224' title='bbox 138 3221 313 3289; x_wconf 85' lang='lat' dir='ltr'><em>dilatanda.</em></span> 
     </span>
    </p>

    <p class='ocr_par' dir='ltr' id='par_1_14' title="bbox 181 3321 1233 3467">
     <span class='ocr_line' id='line_1_33' title="bbox 181 3321 1233 3465; baseline 0.007 -82"><span class='ocrx_word' id='word_1_225' title='bbox 181 3327 267 3410; x_wconf 79' lang='lat' dir='ltr'><em>Quas</em></span> <span class='ocrx_word' id='word_1_226' title='bbox 289 3324 427 3385; x_wconf 82' lang='lat' dir='ltr'><em>iustitias</em></span> <span class='ocrx_word' id='word_1_227' title='bbox 449 3323 545 3384; x_wconf 85' lang='lat' dir='ltr'><em>Missi</em></span> <span class='ocrx_word' id='word_1_228' title='bbox 565 3321 611 3383; x_wconf 83' lang='lat' dir='ltr'><em>ad</em></span> <span class='ocrx_word' id='word_1_229' title='bbox 626 3321 928 3465; x_wconf 57' lang='lat' dir='ltr'><em>pruplsenplfnciant.</em></span> <span class='ocrx_word' id='word_1_230' title='bbox 976 3323 1020 3385; x_wconf 84' lang='lat' dir='ltr'><em>Et</em></span> <span class='ocrx_word' id='word_1_231' title='bbox 1041 3324 1081 3386; x_wconf 83' lang='lat' dir='ltr'><em>de</em></span> <span class='ocrx_word' id='word_1_232' title='bbox 1102 3327 1233 3392; x_wconf 73' lang='lat' dir='ltr'><em>marcha</em></span> 
     </span>
     <span class='ocr_line' id='line_1_34' title="bbox 598 3408 816 3467; baseline 0.009 -2"><span class='ocrx_word' id='word_1_233' title='bbox 598 3419 684 3466; x_wconf 90' lang='lat' dir='ltr'><em>custo</em></span> <span class='ocrx_word' id='word_1_234' title='bbox 711 3408 761 3466; x_wconf 88' lang='lat' dir='ltr'><em>ien</em></span> <span class='ocrx_word' id='word_1_235' title='bbox 788 3430 816 3467; x_wconf 86' lang='lat' dir='ltr'><em>a.</em></span> 
     </span>
    </p>
   </div>
   <div class='ocr_carea' id='block_1_13' title="bbox 137 3511 1275 3924">
    <p class='ocr_par' dir='ltr' id='par_1_15' title="bbox 137 3511 1275 3924">
     <span class='ocr_line' id='line_1_35' title="bbox 220 3511 1274 3596; baseline 0.009 -23"><span class='ocrx_word' id='word_1_236' title='bbox 220 3515 308 3576; x_wconf 88' lang='lat' dir='ltr'><em>Vlll.</em></span> <span class='ocrx_word' id='word_1_237' title='bbox 351 3513 449 3594; x_wconf 85' lang='lat' dir='ltr'><em>Quod</em></span> <span class='ocrx_word' id='word_1_238' title='bbox 470 3533 536 3572; x_wconf 90' lang='lat' dir='ltr'><em>non</em></span> <span class='ocrx_word' id='word_1_239' title='bbox 555 3513 691 3596; x_wconf 74' lang='lat' dir='ltr'><em>amplius</em></span> <span class='ocrx_word' id='word_1_240' title='bbox 713 3513 752 3572; x_wconf 90' lang='lat' dir='ltr'><em>de</em></span> <span class='ocrx_word' id='word_1_241' title='bbox 776 3511 842 3574; x_wconf 90' lang='lat' dir='ltr'><em>illis</em></span> <span class='ocrx_word' id='word_1_242' title='bbox 858 3511 990 3575; x_wconf 89' lang='lat' dir='ltr'><em>iustitiis</em></span> <span class='ocrx_word' id='word_1_243' title='bbox 1009 3514 1097 3577; x_wconf 91' lang='lat' dir='ltr'><em>Missi</em></span> <span class='ocrx_word' id='word_1_244' title='bbox 1116 3515 1218 3579; x_wconf 89' lang='lat' dir='ltr'><em>nostri</em></span> <span class='ocrx_word' id='word_1_245' title='bbox 1233 3518 1274 3582; x_wconf 89' lang='lat' dir='ltr'><em>ad</em></span> 
     </span>
     <span class='ocr_line' id='line_1_36' title="bbox 137 3595 1275 3740; baseline 0.005 -83"><span class='ocrx_word' id='word_1_246' title='bbox 137 3618 289 3740; x_wconf 71' lang='lat' dir='ltr'><em>praesens</em></span> <span class='ocrx_word' id='word_1_247' title='bbox 317 3599 413 3658; x_wconf 88' lang='lat' dir='ltr'><em>modo</em></span> <span class='ocrx_word' id='word_1_248' title='bbox 442 3597 580 3672; x_wconf 86' lang='lat' dir='ltr'><em>faciant,</em></span> <span class='ocrx_word' id='word_1_249' title='bbox 615 3595 678 3656; x_wconf 93' lang='lat' dir='ltr'><em>nisi</em></span> <span class='ocrx_word' id='word_1_250' title='bbox 712 3595 752 3655; x_wconf 91' lang='lat' dir='ltr'><em>de</em></span> <span class='ocrx_word' id='word_1_251' title='bbox 785 3595 983 3676; x_wconf 85' lang='lat' dir='ltr'><em>temporibus</em></span> <span class='ocrx_word' id='word_1_252' title='bbox 1011 3598 1188 3660; x_wconf 87' lang='lat' dir='ltr'><em>Tassilonis</em></span> <span class='ocrx_word' id='word_1_253' title='bbox 1215 3621 1275 3662; x_wconf 87' lang='lat' dir='ltr'><em>scu</em></span> 
     </span>
     <span class='ocr_line' id='line_1_37' title="bbox 165 3673 1274 3760; baseline 0.006 -23"><span class='ocrx_word' id='word_1_254' title='bbox 165 3677 334 3760; x_wconf 83' lang='lat' dir='ltr'><em>iutpirgae,</em></span> <span class='ocrx_word' id='word_1_255' title='bbox 355 3679 498 3760; x_wconf 81' lang='lat' dir='ltr'><em>exceptis</em></span> <span class='ocrx_word' id='word_1_256' title='bbox 515 3678 653 3760; x_wconf 88' lang='lat' dir='ltr'><em>illisqui</em></span> <span class='ocrx_word' id='word_1_257' title='bbox 673 3677 724 3739; x_wconf 87' lang='lat' dir='ltr'><em>avi</em></span> <span class='ocrx_word' id='word_1_258' title='bbox 749 3686 780 3738; x_wconf 88' lang='lat' dir='ltr'><em>et</em></span> <span class='ocrx_word' id='word_1_259' title='bbox 795 3673 948 3760; x_wconf 80' lang='lat' dir='ltr'><em>genitoris</em></span> <span class='ocrx_word' id='word_1_260' title='bbox 963 3681 1065 3740; x_wconf 86' lang='lat' dir='ltr'><em>nostri</em></span> <span class='ocrx_word' id='word_1_261' title='bbox 1086 3681 1141 3743; x_wconf 77' lang='lat' dir='ltr'><em>rel</em></span> <span class='ocrx_word' id='word_1_262' title='bbox 1158 3683 1199 3744; x_wconf 89' lang='lat' dir='ltr'><em>ad</em></span> <span class='ocrx_word' id='word_1_263' title='bbox 1216 3705 1274 3744; x_wconf 90' lang='lat' dir='ltr'><em>nos</em></span> 
     </span>
     <span class='ocr_line' id='line_1_38' title="bbox 137 3759 1275 3843; baseline 0.007 -22"><span class='ocrx_word' id='word_1_264' title='bbox 137 3759 299 3821; x_wconf 80' lang='lat' dir='ltr'><em>venerint.</em></span> <span class='ocrx_word' id='word_1_265' title='bbox 340 3762 382 3820; x_wconf 89' lang='lat' dir='ltr'><em>Et</em></span> <span class='ocrx_word' id='word_1_266' title='bbox 401 3761 562 3821; x_wconf 87' lang='lat' dir='ltr'><em>marcham</em></span> <span class='ocrx_word' id='word_1_267' title='bbox 583 3771 742 3836; x_wconf 86' lang='lat' dir='ltr'><em>nostram,</em></span> <span class='ocrx_word' id='word_1_268' title='bbox 775 3759 955 3821; x_wconf 71' lang='lat' dir='ltr'><em>secundnm</em></span> <span class='ocrx_word' id='word_1_269' title='bbox 979 3763 1068 3843; x_wconf 89' lang='lat' dir='ltr'><em>quod</em></span> <span class='ocrx_word' id='word_1_270' title='bbox 1088 3763 1275 3829; x_wconf 86' lang='lat' dir='ltr'><em>ordinatum</em></span> 
     </span>
     <span class='ocr_line' id='line_1_39' title="bbox 138 3841 1210 3924; baseline 0.005 -20"><span class='ocrx_word' id='word_1_271' title='bbox 138 3853 170 3904; x_wconf 86' lang='lat' dir='ltr'><em>et</em></span> <span class='ocrx_word' id='word_1_272' title='bbox 190 3841 348 3904; x_wconf 89' lang='lat' dir='ltr'><em>sancitum</em></span> <span class='ocrx_word' id='word_1_273' title='bbox 366 3843 530 3924; x_wconf 81' lang='lat' dir='ltr'><em>habemus,</em></span> <span class='ocrx_word' id='word_1_274' title='bbox 559 3844 745 3905; x_wconf 89' lang='lat' dir='ltr'><em>custodiant</em></span> <span class='ocrx_word' id='word_1_275' title='bbox 763 3844 829 3903; x_wconf 77' lang='lat' dir='ltr'><em>und</em></span> <span class='ocrx_word' id='word_1_276' title='bbox 855 3864 929 3904; x_wconf 90' lang='lat' dir='ltr'><em>cum</em></span> <span class='ocrx_word' id='word_1_277' title='bbox 955 3845 1060 3907; x_wconf 86' lang='lat' dir='ltr'><em>Missis</em></span> <span class='ocrx_word' id='word_1_278' title='bbox 1082 3845 1210 3910; x_wconf 79' lang='lat' dir='ltr'><em>nostris.</em></span> 
     </span>
    </p>
   </div>
   <div class='ocr_carea' id='block_1_14' title="bbox 480 3971 853 4036">
    <p class='ocr_par' dir='ltr' id='par_1_16' title="bbox 480 3971 853 4036">
     <span class='ocr_line' id='line_1_40' title="bbox 480 3971 853 4036; baseline -0.013 1"><span class='ocrx_word' id='word_1_279' title='bbox 480 3971 853 4036; x_wconf 78' lang='lat' dir='ltr'><em>·Exrrrcrr.</em></span> 
     </span>
    </p>
   </div>
   <div class='ocr_carea' id='block_1_15' title="bbox 0 0 1480 4988">
    <p class='ocr_par' dir='ltr' id='par_1_17' title="bbox 0 0 1480 4988">
     <span class='ocr_line' id='line_1_41' title="bbox 0 0 1480 4988; baseline 0 3"><span class='ocrx_word' id='word_1_280' title='bbox 0 0 1480 4988; x_wconf 95' lang='lat' dir='ltr'><em> </em></span> 
     </span>
    </p>
   </div>
  </div>
 </body>
</html>
