2920 4972
247 308 283 362 a.
303 305 390 363 can.
495 301 630 362 ursan
659 302 909 362 rnnnconun.
1013 305 1077 363 757.
1198 285 1247 364 47

112 450 247 512 bendat.
288 451 338 510 De
357 446 474 509 saumis
492 445 654 524 similiter,
674 445 864 530 ubicunque
885 442 1020 523 rudunt,
1039 453 1071 506 et
1096 446 1136 510 de
1159 469 1251 533 pere.

112 533 217 617 grinis
237 531 388 594 similiter
409 530 645 608 constituimus,
671 530 730 612 qui
758 539 893 613 propter
914 528 1020 590 Deum
1055 529 1095 590 ad
1118 533 1251 595 Romam

111 617 167 679 vel
189 615 310 677 alicubi
332 613 466 690 vadunt,
491 623 527 674 ut
548 611 632 696 ipsos
657 633 717 710 per
734 613 858 672 nullam
880 612 1083 674 occasionem
1099 613 1139 674 ad
1166 637 1251 698 pon.

111 710 161 760 tes
198 708 231 760 et
260 699 301 760 ad
332 695 478 758 exclusas
508 705 565 758 aut
586 697 715 780 navigio
750 715 816 756 non
848 696 996 774 teneatis,
1029 716 1089 756 nec
1120 708 1253 782 propter
1365 751 1369 762 .

110 783 242 865 scrippa
259 803 317 843 sua
335 779 405 840 ullo
425 779 600 862 peregrino
621 779 817 840 calumniam
834 778 970 857 faciatis,
991 799 1053 840 nec
1078 777 1183 839 ullum
1207 791 1254 845 te-

111 867 251 926 loneum
265 863 311 924 eis
332 861 462 924 tollatis.
511 863 552 924 Et
571 862 599 924 si
618 861 736 944 aliquis
762 858 825 922 hoc
849 861 975 940 lecerit,
1005 861 1253 962 qualiscumque

111 949 213 1010 homo
228 948 292 1007 hoc
313 944 583 1028 comprobaverit,
605 965 663 1012 nos
679 947 718 1008 de
735 943 902 1026 sexaginta
919 944 1030 1006 solidis
1044 944 1177 1027 triginta
1202 947 1255 1008 rlli

113 1031 337 1107 concedimus,
357 1038 390 1089 et
411 1029 462 1090 illi
478 1028 534 1090 alii
562 1027 597 1088 in
622 1028 778 1091 sacellum
796 1028 893 1111 Regis
914 1027 1059 1091 veniant.

570 1144 619 1206 De
655 1155 789 1205 moneta.

192 1229 518 1312 ·v11.'1)e·m0neta
546 1219 773 1290 constituimus
802 1237 839 1290 ut
866 1225 1003 1311 amplibs
1037 1249 1103 1290 non
1137 1227 1255 1293 habeat

111 1315 148 1373 in
174 1313 259 1373 libra
273 1321 429 1396 pensante
452 1310 516 1374 nisi
530 1309 647 1395 viginti
667 1310 747 1372 duos
773 1309 904 1388 solidos,
927 1311 1017 1374 etde
1036 1311 1113 1392 ipsis
1133 1313 1254 1396 viginti

113 1397 244 1458 duobus
263 1395 375 1456 solidis
404 1393 602 1455 monetarius
633 1393 770 1478 accipiat
799 1393 940 1456 solidum
967 1415 1080 1475 unum,
1115 1404 1147 1457 ct
1179 1395 1254 1460 illos

111 1481 196 1542 alios
213 1478 346 1542 domino
366 1478 459 1539 curius
475 1486 552 1539 sunt
570 1476 708 1538 reddat*
1216 1483 1241 1496 '¹

378 1596 428 1656 Dc
461 1593 707 1656 immunitatibus
746 1593 983 1657 conservandis.

125 1765 130 1772 .
157 1677 249 1744 Vlll.
291 1681 336 1740 Ut
357 1678 549 1740 emunitates
570 1685 779 1740 conservatae
801 1677 876 1740 sint.

494 1795 542 1856 De
567 1794 690 1854 iustitia
709 1791 875 1875 facienda.

174 1903 232 1963 lx.
253 1899 297 1962 Ut
316 1922 427 1963 omnes
446 1899 583 1962 iustitias
602 1895 733 1977 faciant,
750 1908 815 1960 tam
834 1899 970 1984 publici,
986 1902 1083 1985 quim
1099 1905 1254 1968 ecclesia-

110 1985 196 2047 stici.
238 1985 283 2045 Et
303 1984 330 2044 si
351 1983 468 2066 aliquis
487 1982 585 2044 homo
602 1982 643 2042 ad
662 1981 819 2064 palatium
843 1985 972 2045 venerit
997 2004 1057 2068 pro
1078 2009 1172 2050 causa
1186 2011 1255 2066 sua,

112 2079 146 2130 et
169 2068 245 2129 ante
267 2063 459 2128 illi'comiti
482 2087 548 2126 non
577 2064 760 2125 innotuerit
780 2065 814 2124 in
836 2066 934 2127 mallo
956 2077 1029 2128 ante
1053 2070 1257 2132 Rachinbur-

111 2153 194 2233 gius,
212 2159 268 2210 aut
286 2149 314 2210 si
334 2171 429 2211 causa
444 2171 502 2211 sua
519 2157 592 2208 unte
605 2147 764 2210 Comitem
785 2148 820 2208 in
834 2149 932 2210 mallo
947 2150 1010 2210 fuit
1029 2162 1102 2212 ante
1111 2153 1255 2214 Rachin-

110 2233 260 2316 bur-gius,
278 2241 310 2294 et
331 2232 394 2294 hoc
416 2231 575 2296 sustinere
592 2230 736 2291 noluerit
750 2232 840 2313 quod
857 2232 918 2315 ipsi
940 2229 983 2296 ei¹
998 2233 1142 2318 legitime
1168 2235 1257 2296 iudi-

114 2315 284 2387 caverint;
306 2315 333 2376 si
352 2337 412 2400 pro
430 2315 498 2376 istis
517 2313 620 2376 causis
649 2314 689 2374 ad
710 2313 867 2396 palatium
903 2315 1043 2396 venerit,
1073 2318 1258 2414 vapuletur.

113 2403 160 2462 Et
185 2398 214 2458 si
236 2395 338 2459 maior
357 2419 495 2481 persona
507 2396 619 2475 fuerit,
636 2395 732 2479 Regis
748 2396 918 2459 arbitrium
932 2399 1003 2460 erit.
1043 2401 1087 2462 Et
1106 2423 1132 2462 s1
1148 2400 1255 2463 recla-

114 2481 255 2555 maverit
272 2481 362 2563 qubd
378 2482 484 2564 legem
498 2481 528 2542 ei
552 2501 619 2540 non
638 2479 847 2558 iudicassent,
864 2490 945 2544 tunc
961 2482 1127 2544 licentiam
1141 2483 1260 2546 habeat

115 2567 159 2627 ad
183 2564 342 2648 palatium
369 2563 568 2646 venirevpro
589 2562 657 2645 ipsa
683 2583 787 2626 causa.
828 2564 869 2626 Et
893 2561 920 2626 si
945 2564 1030 2650 ipsos
1058 2566 1257 2630 convincere

114 2647 263 2731 potuerit
292 2645 382 2727 qubd
422 2646 528 2729 legem
548 2645 578 2707 ei
609 2666 675 2708 non
696 2645 912 2724 iudicassent,
948 2649 1129 2712 secundirm
1151 2649 1258 2734 legem

116 2740 232 2792 contra
245 2725 351 2814 ipsum
371 2729 543 2791 emendare
561 2728 668 2790 faciat.
709 2729 751 2790 Et
777 2729 803 2790 si
822 2730 939 2791 Comes
960 2741 992 2794 et
1020 2731 1258 2814 Rachinburgii

116 2835 194 2874 eum
215 2811 412 2876 convincere
437 2809 606 2896 potuerint
625 2809 834 2908 qubdlegem
854 2813 884 2874 ei
905 2811 1111 2893 iudicassent,
1134 2823 1167 2875 et
1187 2814 1258 2898 ipsc

115 2897 181 2957 hoc
196 2895 345 2978 recipere
366 2894 522 2974 noluerit,
538 2891 602 2958 hoc
624 2901 738 2955 contra
762 2915 848 2980 rpsos
870 2897 1042 2958 emendare
1064 2896 1171 2958 faciat.

136 3011 188 3072 De
205 3011 427 3074 ecclesiasticis
445 3013 521 3073 viris
536 3013 591 3094 qui
615 3031 647 3074 sc
669 3011 840 3074 reclamare
867 3011 913 3074 ud
922 3013 1078 3099 palatium
1093 3013 1236 3075 veniunt.
1301 3005 1308 3018 ’

201 3117 242 3178 Χ.
265 3117 443 3179 «Similiter
456 3117 495 3178 de
512 3116 749 3202 ecclesiasticis,
770 3115 797 3179 si
814 3115 855 3180 ad
876 3117 1031 3202 palatium
1046 3119 1199 3181 venerint
1215 3117 1257 3181 de

118 3221 235 3264 corum
253 3221 350 3262 causa
367 3222 402 3262 se
423 3200 600 3262 reclamare
625 3221 723 3283 super
744 3220 857 3262 eorum
885 3201 1027 3282 seniore,
1049 3199 1258 3287 vapulentur,

117 3283 184 3346 nisi
207 3283 320 3360 senior
340 3304 417 3344 suns
432 3305 492 3367 pro
508 3306 566 3346 sua
584 3303 680 3345 causa
696 3283 919 3346 transmiserit.

179 3447 183 3456 '
235 3447 614 3540 carlrutann
656 3449 1147 3532 COMPENDIENSE,

120 3561 276 3630 Factum
311 3541 407 3630 anno
434 3540 572 3630 Christi
605 3537 830 3662 pcoLvn.
862 3562 900 3630 in
936 3562 1099 3654 generali
1131 3561 1259 3658 populi

120 3717 268 3854 Incipit
297 3759 487 3830 decretum
521 3671 795 3851 quoltmi'beelliiin
812 3760 975 3852 suited
1002 3761 1261 3856 compendium

487 3859 676 3952 palatium
688 3855 892 3952 publicum.

345 4043 348 4051 Α
415 3980 556 4042 lsnnx
598 3979 959 4041 Carrruuonuu.

802 4099 1005 4168 separantem
1025 4088 1058 4146 in
1084 4087 1177 4159 tertio
1201 4107 1261 4145 au-

126 4178 153 4216 1·
190 4121 308 4251 Quod
330 4172 476 4250 coniuges
504 4169 538 4229 in
557 4180 669 4250 quarto
804 4181 878 4239 tem,
895 4171 948 4228 oet
959 4192 1003 4231 ex
1016 4171 1108 4230 tertio
1124 4181 1155 4228 et
1168 4188 1263 4251 puar-
1303 4219 1306 4222 .

206 4255 487 4336 consanguinitatis
493 4250 596 4330 gradu
609 4271 671 4310 non
805 4262 837 4310 ro
853 4252 949 4313 mixti
969 4265 1161 4337 separentur.
1211 4297 1214 4304 .
