2952 4988
306 331 341 386 n
362 327 449 386 cun.
555 325 693 385 nsoun
712 275 955 418 stanconam
1052 323 1115 387 son.
1217 305 1291 378 221

388 471 439 532 De
463 470 690 564 compositione
710 469 846 532 bominis
868 465 1053 546 denarialis.

146 572 152 596 ²
232 583 273 649 V.
314 579 365 642 De
387 575 620 654 denarialibus,
643 584 681 636 ut
696 575 724 637 si
743 575 896 658 qnis‘eos
918 573 1085 664 occiderit,
1102 574 1188 664 Regi
1203 594 1298 664 eom-

197 674 327 728 n'autur.
649 695 650 703 .

146 687 193 756 ΡΟ
367 745 417 807 De
435 745 484 804 bis
496 738 556 828 qui
571 741 606 803 in
620 738 766 803 Ecclesia
788 741 973 802 manumissi
995 753 1078 802 sunt.

232 853 294 920 VI.
336 851 496 916 Similiter
519 849 561 912 de
583 845 634 909 his
657 845 715 930 qni
734 867 795 931 per
815 849 959 910 chartam
978 845 1012 906 in
1038 831 1186 910 Ecolesia
1206 847 1314 910 iuxta·

149 939 251 1002 altare
271 935 393 1002 dimissi
413 943 491 997 sunt
506 931 618 1036 liberi,
640 951 714 992 eum
733 929 948 1014 quadraginta
968 929 1082 992 solidis
1100 931 1182 1016 Regi
1205 953 1295 996 com-

149 1033 329 1110 ponantur.
393 1090 398 1107 .

200 1131 250 1192 De
273 1103 322 1192 Itis
343 1131 399 1216 qui
421 1109 649 1212 per‘cliartam
671 1121 874 1202 ingenuitatis
889 1101 1115 1200 ‘dimissisunt‘
1142 1097 1246 1185 liberi.

235 1240 309 1306 VII.
352 1236 418 1317 Qui
438 1256 518 1298 vero
538 1254 598 1318 per
614 1231 758 1294 chartam
775 1227 988 1314 ingenuitatis
1011 1227 1132 1292 dimissi
1156 1239 1233 1292 sunt
1253 1227 1296 1292 li-

149 1323 242 1400 beri,
271 1321 328 1383 ubi
353 1321 483 1382 nullum
498 1315 717 1402 patrocinium
742 1323 774 1376 et
795 1311 1102 1376 defensionemnon
1121 1311 1298 1398 elegerint,

147 1406 302 1482 similiter
325 1403 406 1487 Regi
425 1407 662 1486 componantur
676 1419 752 1458 eum
774 1393 989 1479 quadraginta
1009 1395 1130 1458 solidis.

210 1512 254 1576 Ut
274 1511 431 1574 Clerioum
452 1510 590 1572 alienum
610 1527 699 1568 nemo
715 1505 858 1603 'recipiat
878 1503 945 1562 sine
967 1521 1120 1564 consensu
1140 1501 1240 1588 Epis·

647 1609 720 1672 copi
742 1609 801 1647 sur.

207 1723 212 1742 ·
235 1703 325 1767 VIII.
366 1703 412 1764 Ut
433 1697 599 1761 Clerieum
624 1717 721 1758 nemo
743 1695 890 1778 recipere
911 1694 1028 1756 audeat
1046 1693 1117 1758 sine
1135 1715 1297 1758 consensu

151 1786 306 1871 Episcopi
324 1785 385 1847 sui.
426 1783 469 1844 Et
485 1782 511 1843 si
534 1803 610 1842 eum
625 1779 744 1862 aliquis
761 1787 931 1861 acceptum
950 1777 1068 1857 habet,
1098 1777 1231 1860 quando
1252 1779 1296 1839 li·

152 1869 261 1932 eentia
285 1869 386 1952 ipsius
407 1863 560 1948 Episcopi
580 1863 691 1942 fuerit,
714 1862 810 1924 aliter
831 1883 897 1922 non
919 1861 1033 1933 faciat;
1056 1859 1119 1922 nisi
1134 1881 1210 1924 eum
1225 1861 1296 1925 eius

151 1951 354 2036 praesentiae
371 1947 652 2033 perscrutandum,
674 1945 702 2008 si
719 1944 837 2026 dignus
852 1944 969 2021 suerit,
999 1945 1149 2024 deducat.

235 2036 322 2096 Haeo
338 2041 411 2095 octo
435 2030 588 2114 Capitula
608 2029 642 2090 in
665 2024 861 2090 assiduitate.
902 2026 1043 2110 Reliqua
1066 2035 1174 2089 autem
1193 2049 1297 2090 reser-

151 2125 227 2180 uata
255 2127 332 2180 sunt
352 2114 513 2196 Regibus,
549 2122 586 2174 ut
613 2111 675 2192 ipsi
704 2119 897 2195 potestatem
925 2109 1067 2172 habeant
1094 2111 1295 2177 nominative

152 2200 348 2262 demandare
367 2197 456 2259 unde
477 2195 567 2260 exire
589 2195 719 2258 debent.
1074 2219 1075 2223 ,

282 2395 284 2402 “
328 2409 596 2474 camerinas
619 2409 814 2473 animun
834 2402 934 2470 nunt
956 2409 1129 2476 necem.

153 2531 266 2605 Haeo
297 2531 472 2626 capnon
490 2543 638 2602 -nostro
661 2528 777 2599 Missi
808 2526 929 2598 nostri
962 2531 1115 2621 cognito
1138 2529 1297 2628 fociant

453 2629 625 2702 omnibus
644 2631 685 2700 in
710 2651 836 2700 omnes
854 2638 1000 2722 partes.

400 2775 1054 2840 lnnstarrrunonuu.

179 2915 205 2956 ¹·
279 2918 417 2980 earmis
437 2937 501 2978 non
518 2915 700 3002 portandis.
771 2913 800 2978 5.
822 2915 904 2977 Item
919 2915 960 2976 de
980 2914 1165 2977 adventitiis
1189 2928 1220 2976 et
1232 2911 1295 2998 su-

176 3023 206 3062 α.
228 3002 278 3062 De
298 3001 485 3064 latronibus.
829 2999 951 3076 gitiois.

174 3085 206 3146 ὅ.
225 3085 276 3146 De
305 3085 496 3146 animalibus
535 3081 592 3146 uel
627 3083 700 3152 aliis
768 3079 800 3144 6.
821 3081 870 3143 De
892 3082 967 3158 ,istis
984 3079 1139 3177 Capitulis
1153 3077 1199 3139 ad
1212 3079 1295 3142 Mis-

237 3169 344 3240 rebus,
367 3167 387 3225 it
411 3166 524 3250 quibus
548 3179 701 3252 emantur.
831 3183 883 3250 sos
903 3161 1163 3226 transmittendis.

116 3323 120 3330 ³
173 3252 206 3330 4.
227 3250 277 3312 De
297 3248 495 3310 adventitiis.

254 3415 419 3476 Iscrrrunr
441 3431 672 3476 surnsscmrrs
693 3409 861 3498 Carinum·
877 3429 915 3468 nr
937 3428 1044 3472 nonuu
1067 3431 1195 3474 rannus.

500 3529 550 3588 De
572 3528 670 3592 armis
690 3547 755 3590 non
772 3523 962 3608 portandis..

239 3639 263 3700 I.
306 3640 351 3700 Ut
374 3637 486 3698 nullus
510 3633 551 3696 ad
578 3634 714 3696 mallum
734 3633 786 3694 rel
807 3634 847 3694 ad
872 3631 1029 3715 placitum
1052 3631 1138 3696 infra
1161 3633 1297 3719 patriam

157 3740 256 3799 asma,
279 3719 390 3798 idest,
411 3727 540 3782 sontum
560 3718 759 3782 astansem
775 3724 893 3799 portet.

595 3823 645 3888 De
667 3824 855 3888 latronibus.

239 3934 280 3995 II.
321 3935 369 3995 De
386 3931 576 4010 latronibus,
599 3929 789 4012 quicunque
809 3939 882 4012 post
900 3929 1030 3994 Missam
1057 3927 1161 3993 saneti
1183 3925 1310 3998 tonan,

157 4015 208 4080 nis
226 4016 345 4078 latroni
358 4013 560 4077 mansionem
579 4012 719 4088 dederit,
737 4012 764 4074 si
785 4013 932 4078 Francus
954 4023 1012 4092 est,
1035 4035 1111 4078 enm
1125 4011 1299 4076 duodecim

156 4098 317 4161 similibus
337 4097 472 4160 Francis
495 4097 581 4160 iuret
594 4097 685 4180 quod
701 4095 952 4160 latronem-euru
970 4097 1070 4160 fuisse
1089 4118 1155 4158 non
1175 4091 1297 4173 scisset,

156 4181 237 4242 licet
259 4191 351 4272 pater
370 4181 441 4244 eins
460 4180 502 4244 sit
525 4189 581 4242 aut
600 4181 702 4242 frater
719 4179 772 4240 vel
792 4180 1006 4262 propinquus.
1048 4179 1085 4242 si
1107 4180 1170 4240 hoc
1190 4179 1298 4250 iurare

157 4285 224 4327 non
241 4265 400 4351 potuerit,
431 4273 467 4328 et
484 4264 652 4346 abaliquo
670 4261 839 4326 corrictus
854 4264 955 4326 inerit
976 4263 1067 4349 qnod
1083 4264 1243 4327 latronem
1264 4262 1298 4324 in
