2920 4972
134 350 183 425 56
365 362 401 421 s.
419 361 508 418 cun.
613 355 869 418 castrutium
975 354 1038 420 rrt.

135 505 341 584 consecratis,
362 503 477 567 Missas
497 499 661 565 celebrare
677 510 867 583 praesumat
909 501 1057 584 Qultdsi
1085 521 1273 590 praesump-

134 595 223 669 serit,
240 588 357 673 gradfis
373 587 424 648 sui
440 585 591 671 periculo
610 583 797 647 subiacebit.

134 705 185 763 De
209 695 438 760 Sacerdotibus
463 695 520 776 qui
536 691 745 754 ministerium
763 691 854 753 sirum
870 690 1045 778 adimplere
1063 713 1128 759 non
1151 695 1271 758 ndens.

214 808 287 870 XV.
315 803 505 868 Sacerdotes
523 799 581 884 qui
599 801 661 862 rite
681 821 747 862 non
771 795 902 883 sapiunt
926 797 1105 884 adimplere
1123 802 1271 864 ministe-

132 893 220 1038 ripm
240 911 352 965 surim,
374 909 437 949 nec
461 886 585 947 discere
609 884 699 953 iuxta
718 892 928 966 praeceptum
943 882 1179 968 Episcopornm
1198 905 1272 950 suo·

133 999 151 1038 r
175 999 207 1036 m
226 995 286 1057 pro
311 972 437 1035 viribus
462 976 627 1049 satagunt,
662 965 716 1029 rel
746 974 983 1046 contemptores
1012 985 1174 1028 canonum
1204 966 1272 1031 exi·

132 1067 234 1136 stunt,
254 1056 297 1116 ab
314 1055 422 1116 officio
437 1052 570 1135 proprio
586 1058 663 1112 sunt
682 1047 896 1112 submovendi
917 1051 1087 1132 quousque
1106 1049 1187 1112 haec
1202 1051 1272 1136 ple-

134 1143 222 1204 niter
241 1138 410 1201 emeudata
433 1135 583 1196 habeant.

180 1247 222 1310 Ut
238 1243 395 1308 Sacerdos
412 1243 468 1330 qui
480 1239 728 1384 admon'itsd'qnem
747 1237 901 1325 Episcopi
922 1241 974 1302 sui
991 1245 1226 1330 contempserit,

428 1347 430 1352 ’
650 1337 797 1408 ponatur.

216 1436 304 1500 xvl.
325 1431 523 1517 Quicunque
539 1440 646 1494 autem
665 1433 684 1492 t
700 1454 760 1494 suo
777 1433 938 1518 Episcopo
955 1433 1070 1518 ireque
1086 1441 1147 1494 uter
1162 1433 1269 1496 admo-

134 1519 223 1584 nitus
238 1518 278 1580 de
295 1540 352 1580 sua
364 1517 509 1596 scicntia,
531 1527 567 1578 ut
586 1516 709 1578 discere
727 1525 829 1594 curet,
849 1519 957 1579 facere
979 1516 1267 1602 neglexerit,pro·

134 1604 187 1664 cul
212 1601 310 1663 dubio
327 1608 360 1663 et
378 1600 416 1660 ab
437 1601 545 1664 officio
565 1610 780 1677 removeatur,
800 1607 833 1660 et
851 1599 1031 1662 Ecclesiam
1049 1621 1147 1682 quam
1164 1610 1267 1680 tenet,

132 1685 269 1756 amittam
297 1683 374 1766 quia
397 1684 583 1766 ignorantes
606 1682 714 1764 legem
734 1681 798 1746 Dei
823 1705 895 1746 eam
917 1683 990 1746 aliis
1017 1681 1211 1747 annuntiare
1236 1693 1269 1745 et
1319 1707 1323 1714 ·

133 1768 321 1853 praedicare
342 1787 409 1827 non
436 1775 580 1851 possunt.
1162 1771 1165 1780 “

136 1874 179 1940 Ur
196 1875 300 1944 nullus
316 1871 425 1938 laidem
443 1894 541 1958 neque
556 1873 780 1950 Presbyterum
804 1893 902 1957 neque
919 1873 1099 1936 Diaconum
1116 1888 1172 1938 cut
1196 1874 1268 1936 Cle-

297 1958 398 2018 ricum
421 1957 487 2018 sine
511 1977 663 2022 consensu
680 1953 835 2042 Episcopi
852 1959 902 2016 sui
922 1957 1103 2039 distringat.

212 2065 317 2128 XVII.
342 2065 384 2124 Ut
402 2063 513 2124 nullus
532 2063 634 2126 ludex
655 2085 762 2146 neque
781 2065 1010 2148 Presbyterum
1027 2085 1143 2147 neque
1154 2063 1268 2127 Diaco-

131 2172 213 2212 num
230 2157 286 2208 aut
308 2145 483 2224 Clericum,
510 2155 566 2208 aut
591 2145 755 2208 iuniorem
774 2147 953 2224 Ecclesiae,
981 2156 1071 2208 extra
1094 2147 1269 2209 conscien-

129 2234 208 2294 tiam
230 2228 398 2292 Pontificis
419 2251 480 2313 per
503 2225 537 2288 se
565 2227 734 2311 distringat
759 2240 814 2290 aut
837 2230 1053 2292 condemnare
1074 2221 1266 2316 praesumat.

131 2315 231 2394 Quod
254 2314 281 2374 si
301 2311 375 2394 quis
393 2311 456 2374 hoc
479 2311 614 2388 fecerit,
643 2311 682 2371 ab
702 2311 848 2374 Ecclesia
867 2311 921 2372 cui
943 2312 1095 2372 iniuriam
1116 2312 1266 2395 inrogare

130 2397 325 2473 dinoscitur,
350 2396 472 2456 tamdiu
492 2394 535 2456 sit
552 2404 770 2477 sequestratus
788 2393 936 2478 quandiu
952 2397 1078 2456 reatum
1094 2416 1189 2456 suum
1211 2417 1268 2457 co-

134 2489 267 2562 gnoscat
289 2488 320 2539 et
339 2479 500 2538 emendet.

138 2585 180 2648 Ut
201 2585 308 2646 nullus
328 2583 559 2670 Episcoporum
577 2585 631 2645 vel
658 2587 845 2646 secularium
862 2586 993 2648 alterius
1015 2588 1199 2671 cuiusquam
1220 2603 1271 2646 res

532 2670 668 2728 retinere
690 2683 881 2754 praesumot.

217 2773 338 2838 XVlll.
361 2777 403 2836 Ut
425 2774 537 2835 nullus
557 2775 791 2859 Episcoporum
808 2775 861 2838 vel
882 2775 1078 2838 secularium
1094 2773 1273 2838 cuiuscun-

136 2880 200 2942 que
219 2857 353 2918 alterius
366 2857 517 2941 Episcopi
532 2857 599 2918 sive
616 2859 781 2922 Ecclesiae
800 2859 867 2920 sire
882 2858 1001 2941 privati
1015 2879 1078 2936 res,
1092 2867 1147 2920 aut
1158 2879 1275 2941 regno·

136 2965 209 3003 rum
227 2940 388 3002 divisione
406 2950 463 3000 aut
477 2940 721 3023 provinciarum
736 2964 769 3004 se
796 2941 1004 3010 aestuatione.
1022 2951 1204 3025 competere
1218 2947 1273 3000 aut

136 3025 279 3086 retinere
301 3031 492 3106 praesumat.
536 3023 634 3100 Quod
649 3023 675 3084 si
689 2964 841 3106 quisiroc
861 3027 970 3087 facere
990 3021 1177 3101 tentaverit,
1197 3033 1274 3084 tam·

138 3107 193 3168 diu
213 3108 254 3167 sit
274 3107 313 3166 ab
336 3106 481 3167 omnium
504 3106 634 3166 caritate
654 3127 837 3190 suspensus,
858 3115 890 3168 et
911 3108 930 3168 d
953 3105 1188 3168 communionis
1205 3126 1274 3189 gra·

137 3189 182 3250 tia
199 3197 426 3272 sequestratus,
451 3188 663 3270 quoadusque
684 3211 735 3251 res
756 3189 876 3252 ablatas
896 3191 1157 3251 cum'fructuum
1179 3187 1274 3252 satis·

135 3272 278 3336 factione
296 3272 453 3334 restituat.

411 3476 673 3542 EPISTOLA
707 3479 772 3541 AD
807 3477 998 3558 OFFAM,

392 3701 395 3704 Ι
505 3616 647 3708 Regem
668 3616 909 3686 Merciorum.

144 3759 239 3829 Data
263 3784 359 3832 anno
384 3760 680 3935 DCCLXXIVS,
717 3777 799 3858 post
823 3766 986 3840 devictos
1010 3763 1277 3859 Longobardos

594 3877 631 3936 et
683 3889 827 3937 uxones.

144 3975 338 4106 Kanouus,
360 4034 460 4115 gratis
480 4036 541 4096 Dei
558 4037 628 4099 Rex
641 4037 843 4100 Francorum
858 4048 892 4100 et
909 4035 1216 4122 Longohardorum,
1248 4047 1281 4103 et

27 4183 30 4190 Δ
144 4115 305 4179 Patricius
319 4117 555 4195 Romanorum,
583 4120 655 4181 viro
675 4123 911 4183 venerando'et
929 4121 1022 4184 fratri
1039 4121 1202 4184 carissimo
1217 4119 1280 4182 Os·
1346 4170 1348 4174 .

144 4201 233 4273 farno,
255 4198 452 4260 Merciorurn
471 4201 564 4282 Regi,
586 4204 733 4282 sulutem,
755 4204 925 4281 honorem,
952 4215 986 4266 et
1004 4224 1154 4265 amorem.
1197 4202 1281 4264 cum

147 4281 260 4343 deceat
274 4280 376 4364 Reges
389 4290 537 4365 potentes
559 4293 591 4346 et
608 4287 744 4350 famosos
763 4287 923 4350 amicitiae
939 4287 1070 4352 foedere
1085 4283 1280 4364 convinciri,
