2952 4988
303 333 446 396 n-cun.
554 331 690 392 sessu
710 331 950 392 rnnnconuu
1055 335 1118 392 sos.
1216 318 1285 394 231

149 502 204 544 ces
234 476 363 564 copiosa
393 475 487 540 nobis
513 498 550 538 ac
571 475 632 538 tibi
655 476 775 562 iugiter
794 477 969 556 adcrescat,
1012 477 1207 542 Audivimus
1233 478 1292 544 eti-

145 587 197 625 am
226 561 315 646 quod
335 562 495 646 quaedam
516 561 658 644 capitula
677 581 761 644 quae
789 561 823 622 in
839 563 911 644 lege
935 562 1032 624 scribi
1051 561 1212 643 iussimus,
1232 583 1292 648 per

145 648 255 730 aliqua
276 647 348 714 locu
365 643 469 727 aliqui
486 665 528 707 ex
551 643 669 706 uostris
692 666 729 706 ae
750 645 865 708 vestris
884 643 994 708 dicant
1021 645 1109 728 quod
1142 669 1201 709 nos
1230 669 1291 710 ue-

145 750 309 816 quaquam
327 729 394 790 illis
412 727 498 790 banc
527 748 655 790 causam
670 728 712 789 ad
736 727 886 788 notitiam
910 750 969 812 per
985 730 1195 814 nosmetipsos
1216 731 1293 792 cou-

148 815 268 876 dictam
284 811 468 888 habeamus,
487 820 519 872 et
536 810 612 872 ideo
639 811 760 872 nolunt
781 811 827 872 eis
854 811 988 874 obedire
1011 835 1072 875 nec
1091 813 1290 890 consentire,

147 918 255 979 neque
279 895 428 978 prolege
446 903 571 956 tenere.
614 895 667 955 Τιι
690 903 799 954 autem
820 895 905 956 nosti
936 895 1098 977 quomodo
1127 897 1182 959 vel
1209 917 1292 977 qua·
1351 899 1356 917 '

148 981 226 1041 liter
247 987 356 1040 tecum
376 975 478 1041 locuti
499 977 620 1039 fuimus
646 977 686 1039 de
709 977 785 1060 ipsis
812 977 975 1060 capitulis.
1016 979 1059 1040 Et
1080 978 1156 1042 ideo
1184 981 1292 1041 admo·

148 1084 263 1124 nemus
294 1071 382 1122 tuam
409 1059 578 1124 amabilem
602 1059 813 1122 dilectionem
849 1071 887 1122 ut
913 1083 973 1145 per
1002 1060 1192 1124 universum
1215 1083 1293 1144 reg·-

147 1168 228 1207 uum
262 1143 364 1206 tibia
392 1146 463 1207 Deo
485 1143 690 1206 commissum
716 1165 754 1204 ea
783 1151 861 1206 nota
893 1143 1003 1223 facias,
1028 1153 1061 1208 et
1085 1144 1219 1208 obedire
1243 1153 1293 1204 ut-

149 1251 214 1312 que
238 1227 375 1310 implere
388 1225 580 1312 praecipias,
606 1225 645 1288 de
670 1226 837 1312 Episcopis
869 1237 901 1290 et
923 1225 1149 1290 Sacerdotibus
1179 1225 1294 1290 occisis

150 1314 235 1375 sieut
255 1320 410 1372 statutum
426 1309 594 1388 babemus,
609 1309 696 1371 etde
719 1310 855 1394 reliquis
870 1310 1070 1394 quibuslibet
1088 1310 1203 1374 causis.
1225 1311 1293 1372 Vc·
1364 1347 1368 1352 ι

148 1405 323 1458 runtamen
344 1395 383 1455 de
413 1393 615 1478 Presbyteris
636 1392 767 1454 videtur
789 1394 881 1456 nobis
903 1403 941 1456 ut
966 1393 993 1456 si
1015 1394 1100 1456 liber
1123 1403 1218 1456 natus
1245 1400 1294 1453 est

148 1478 333 1562 Presbyter,
363 1477 463 1562 tripld
502 1474 734 1560 compositione
767 1478 949 1539 secundum
977 1499 1067 1538 suam
1092 1478 1200 1560 legem
1238 1475 1294 1536 fiat

149 1562 360 1644 compositum
384 1559 464 1622 etsi
486 1561 632 1644 plagatus
653 1558 766 1638 fuerit,
801 1561 983 1624 secundum
1007 1559 1198 1643 qualitatem
1221 1561 1294 1641 pla-

149 1665 263 1727 garum
283 1644 339 1706 vel
357 1643 549 1724 disciplinae
572 1642 667 1724 tripli
685 1644 918 1725 compositione
940 1645 1133 1706 emendetur
1151 1644 1209 1725 qui
1230 1644 1294 1703 hoc

147 1726 395 1811 perpetraverit.
436 1727 471 1789 Si
492 1735 600 1788 autem
612 1726 786 1810 Presbyter
804 1748 917 1789 servus
938 1735 1032 1790 natus
1046 1728 1156 1804 luerit,
1178 1747 1296 1788 secun-

149 1811 228 1873 dum
248 1809 337 1872 illius
355 1808 557 1872 nativitatem
576 1809 674 1890 tripla
702 1809 936 1894 compositione
958 1809 1104 1872 solvatur
1130 1810 1164 1869 in
1190 1810 1295 1892 plagis

153 1902 186 1956 et
205 1892 398 1975 disciplinis.
437 1894 480 1954 Et
504 1893 544 1954 de
565 1891 765 1954 Diaconibus
781 1892 932 1954 similiter
951 1891 1016 1952 fiat.
1057 1893 1115 1955 His
1143 1893 1294 1976 expletis,

153 1976 326 2041 benevale
345 1997 473 2059 semper
496 1975 529 2036 in
549 1974 702 2054 Domino,
719 1975 785 2036 Fili
806 1975 1037 2040 dileetissimc.'

305 2162 572 2226 cnmrumas
598 2162 785 2226 Tarrasx
806 2162 909 2228 sum
929 2162 1142 2230 ucccvru.
1223 2121 1231 2134 ’

196 2298 242 2370 ln
268 2323 363 2370 anno
396 2308 526 2371 octavo
546 2297 714 2390 capitula
740 2301 976 2395 cumprimis
1001 2299 1245 2373 conserendis.

789 2453 830 2516 X.
870 2456 920 2517 De
939 2455 1076 2520 nasibus
1090 2478 1170 2540 quas
1188 2457 1295 2520 facere

192 2487 217 2547 Ῑ·
253 2454 696 2577 Delatronibusetfuribus.
748 2536 908 2600 iussimus,

192 2619 233 2678 ll.
275 2621 325 2692 De
342 2620 433 2682 falsis
449 2620 593 2684 testibus.
659 2635 664 2643 '

191 2724 249 2785 Ill.
292 2728 340 2786 De
365 2727 528 2810 periuriis.
748 2737 833 2806 sunt,
851 2728 869 2789 b
884 2727 1035 2791 fidelibus
1053 2729 1169 2792 nostris
1185 2729 1297 2791 obser-

192 2835 249 2897 Ν,
290 2837 339 2896 De
356 2834 513 2919 fugitivis,
711 2864 712 2868 ,
746 2820 877 2908 pentur,
910 2821 943 2874 et
974 2812 1133 2876 iussiones
1169 2823 1297 2876 nostrae

748 2895 955 2978 impleantur.

764 2633 766 2638 ⁵
789 2645 845 2706 XI.
887 2646 930 2706 Ut
946 2667 984 2708 ea
1007 2668 1090 2730 quae
1121 2647 1298 2710 constituta

191 2941 231 3000 V.
274 2942 323 3002 De
338 2939 682 3025 hominibus'appensi

149 3033 285 3104 propter
307 3025 398 3089 leves
415 3023 537 3108 culpas.

192 3139 249 3200 Vl.
291 3142 340 3224 De
361 3149 500 3203 moneta.

789 3004 861 3064 Xll.
902 3007 951 3089 De
981 3011 1126 3085 tempore
1162 3002 1296 3066 alterius

749 3086 870 3182 plaoiti,
886 3087 1006 3182 nostri,
1027 3096 1060 3146 et
1093 3086 1150 3167 qui
1171 3086 1299 3182 ‘iterum

192 3247 265 3308 Vll.
307 3250 356 3310 De
375 3245 638 3332 roocisetsaqis.
750 3169 903 3313 bballllm
924 3170 1080 3252 Pldmtum
1102 3189 1216 3232 venne
1243 3169 1298 3231 de-

191 3353 280 3448 vin.
321 3358 371 3419 De
409 3353 701 3440 merestonam
792 3368 881 3430 xus.
923 3369 971 3428 ne
1001 3367 1188 3429 ruminum
1215 3365 1298 3428 suo-
1340 3410 1349 3434 ,.

156 3444 269 3496 nostri.
534 3505 536 3510 ,
748 3471 824 3510 rum
856 3473 893 3512 ac
924 3449 1064 3510 tiliarum
1102 3460 1297 3528 nostrorum,

193 3541 247 3601 lll.
290 3545 339 3605 De
358 3544 489 3606 marcha
503 3550 612 3607 nostra
629 3567 702 3608 cus·
750 3555 832 3614 quos
849 3534 938 3596 Missi
958 3543 991 3594 et
1012 3533 1153 3595 Comites
1168 3533 1299 3596 distrinss

151 3620 306 3687 todienda
325 3631 411 3689 terrai
429 3629 588 3713 marique.
751 3638 827 3699 gere
846 3638 914 3678 ¹¹⁰ss
934 3616 1083 3678 audeant·

459 3795 603 3867 Item
652 3797 753 3867 ubi
803 3793 984 3890 supra

235 3931 260 3991 1.
300 3935 348 3996 De
372 3935 502 3999 marcha
524 3939 565 4002 ad
580 3931 840 4024 praevidendum
857 3937 1083 4022 unusquisque
1101 3945 1229 4020 paratus
1245 3937 1297 4020 sit,

153 4011 233 4076 illuc
250 4014 445 4080 festinanter
460 4022 587 4099 venire,
604 4022 878 4104 quandocumque
901 4021 1075 4084 necessitas
1088 4019 1199 4082 fuerit.
1222 4034 1228 4041 ·

237 4097 282 4158 ll.
324 4102 373 4162 Dc
394 4103 586 4182 latronibus,
616 4115 652 4166 ut
671 4106 789 4167 melius
814 4107 1059 4189 distringantur.
1099 4104 1142 4164 Et
1163 4112 1201 4165 ut
1220 4103 1298 4164 uul-

153 4180 205 4241 lus
219 4179 386 4244 bominem
409 4187 554 4266 pendere
576 4199 769 4270 praesumat,
787 4187 850 4251 nisi
867 4211 928 4272 per
946 4186 1114 4248 iudicium.
1163 4186 1199 4248 si
1220 4207 1299 4248 vero

159 4263 278 4346 aliquis
300 4264 370 4328 sine
391 4269 487 4350 culpa
503 4270 658 4352 penditus
681 4272 791 4348 fuerit,
816 4281 849 4333 et
873 4272 917 4332 ibi
936 4270 1084 4346 moritur,
1106 4277 1185 4330 tunc
1204 4269 1242 4329 ab
1260 4289 1300 4330 eo

153 4345 211 4429 qui
231 4369 306 4410 eum
322 4349 393 4416 sine
412 4351 536 4415 iudicio
554 4354 716 4438 pendidit,
739 4355 894 4438 proximis
907 4354 1095 4440 quarentibus
1108 4353 1149 4416 sit
1168 4373 1300 4436 compo-
