2928 4986
256 316 398 377 acan.
505 314 899 374 naounrnanconuu
1002 316 1063 374 sn.
1171 296 1244 372 317

105 482 172 522 non
190 458 410 536 circumeant,
433 478 540 540 neque
555 457 620 518 suis
637 457 709 520 illas
727 457 894 520 Monachis
916 456 1144 521 custodiendas
1161 479 1247 522 corn·

105 545 244 603 mittant.
286 545 328 603 Et
341 541 368 602 si
384 561 437 603 eos
461 541 508 601 ire
531 541 571 601 ad
591 561 644 602 eas
668 541 840 602 necessitas
859 542 971 620 fuerit,
990 541 1120 626 expleto
1137 563 1247 604 neces·

105 626 207 688 sitatis
227 625 357 709 negotio
375 624 417 685 ad
436 645 494 686 sua
510 645 585 684 mox
607 623 967 686 monasteriarcdeant.

146 735 197 794 Dc
212 733 333 795 Abbate
346 729 402 790 uel
417 729 557 813 quolibet
569 728 727 789 Monucbo
735 772 748 800 ,
763 727 861 788 need
873 741 1001 811 portum
1018 732 1204 794 monasterii

258 835 328 875 cum
346 831 529 895 quocunque
550 813 673 895 bospite
694 809 885 872 manducare
900 825 1093 895 praesumat.

162 944 164 950 ’
188 917 334 984 XXVII.
377 920 420 978 Ut
442 916 547 978 Abbas
564 917 620 980 vel
638 916 800 1000 quispiam
816 917 953 978 fratrum
971 920 1012 981 ad
1031 929 1245 1002 portammm

106 1004 238 1068 nasterii
255 1025 330 1066 cum
346 1000 529 1084 hospitibus
547 1021 613 1060 non
631 999 782 1062 reficiant
801 999 845 1084 d).
887 1001 925 1062 In
948 1003 1123 1066 refectorIo
1138 1013 1247 1065 autem

107 1110 238 1150 omnem
271 1086 318 1149 eis
345 1084 579 1144 humanitatem
606 1082 825 1145 manducandi
853 1105 890 1146 ac
919 1083 1054 1147 bibendi
1084 1086 1246 1149 exhibeat.

107 1175 188 1254 (Ipse
209 1179 316 1232 tamen
336 1168 373 1229 ea
394 1167 459 1228 cibi
481 1168 642 1250 potirsque
662 1167 812 1228 mensuri
824 1174 997 1228 contentus
1018 1168 1060 1230 sit
1082 1191 1180 1252 quam
1198 1191 1248 1230 re-

106 1254 192 1336 liqui
215 1255 329 1314 fratres
347 1250 514 1332 accipiunt
536 1255 573 1325 e).
604 1249 650 1328 ¹Si
674 1271 754 1311 vero
773 1259 907 1334 propter
926 1249 1086 1332 hospitem
1107 1252 1250 1314 voluerit

107 1337 149 1399 ad
171 1336 298 1404 solitam
313 1353 497 1396 mensuram
514 1331 669 1394 fratribus
685 1333 813 1417 sibique
836 1353 954 1417 augere
976 1331 1118 1416 aliquid,
1140 1335 1174 1394 in
1192 1357 1250 1398 sua

106 1429 234 1482 maneat
253 1426 422 1502 potestate.

148 1528 198 1589 Ne
226 1525 399 1584 servitores
419 1520 565 1603 fratrum
590 1533 665 1602 post
688 1520 894 1604 resectionem
916 1545 1025 1586 eorum
1047 1522 1093 1586 ad
1114 1547 1209 1588 unam
1289 1560 1291 1564 ,

314 1626 453 1666 mensam
462 1650 475 1678 ,
508 1603 619 1664 sedin
642 1606 786 1689 propriis
806 1604 936 1666 sedeant
958 1608 1047 1670 locis.

191 1711 356 1777 XXVIII.
398 1714 442 1774 Ut
462 1710 648 1789 servitores,
673 1731 739 1772 non
762 1712 804 1773 ad
822 1733 920 1772 unam
939 1735 1098 1792 mensam,
1132 1713 1248 1776 sedin

108 1798 248 1883 propriis
271 1796 362 1874 locis,
386 1803 459 1878 post
479 1792 696 1854 refectionem
714 1795 852 1856 fratrum
870 1797 1033 1870 reficiant;
1057 1796 1175 1881 quibus
1193 1819 1248 1861 ea-

109 1885 184 1945 dem
202 1880 300 1942 Iectio
325 1899 408 1960 quae
431 1877 584 1938 fratribus
604 1875 739 1936 recitata
757 1885 816 1956 est,
833 1879 968 1961 legatur.

163 1989 214 2048 De
236 1987 377 2058 lectore,
401 1996 436 2046 ut
457 1985 539 2045 nihil
560 1985 623 2052 nisi
647 1981 738 2066 quod
755 1985 864 2063 regula
885 1985 1029 2048 decernit
1049 1989 1195 2073 accipiat.

192 2093 322 2160 XXIX.
364 2093 408 2153 Ut
429 2089 513 2150 nihil
536 2088 664 2168 lectori,
684 2089 747 2153 nisi
765 2091 854 2173 quod
868 2093 982 2176 regula
999 2093 1101 2176 iubet,
1123 2095 1228 2158 detur.

113 2259 115 2264 ,
297 2205 350 2266 De
370 2197 519 2275 Alleluyu
547 2198 581 2257 in
602 2195 841 2281 Septuugesimu
861 2199 1061 2263 dimittendo.

191 2307 303 2372 XXX.
346 2309 389 2368 Ut
409 2305 561 2388 Alleluya
577 2304 612 2364 in
630 2305 871 2389 septuagesima
888 2307 1077 2372 dimittatur.

133 2419 183 2480 De
206 2411 414 2502 Praeposito,
440 2426 475 2475 ut
489 2415 642 2475 maiorem
659 2415 754 2498 quiam
769 2415 887 2475 caeteri
901 2415 1015 2477 habeut
1029 2427 1229 2502 potestatem.

195 2519 324 2583 XXXI.
366 2523 410 2581 Ut
429 2517 636 2602 Praepositus
656 2519 744 2582 intra
763 2530 797 2583 et
814 2532 904 2584 extra
923 2523 1156 2585 monasterium
1178 2531 1251 2607 post

111 2605 269 2668 Abbatem
286 2601 440 2664 maiorem
455 2601 592 2684 reliquis
608 2603 725 2664 Abbati
744 2605 879 2668 subditis
899 2605 1014 2678 babeat
1028 2614 1228 2690 potestatem.

112 2715 171 2779 De
188 2711 378 2794 Praeposito
397 2709 563 2772 Monacbis
586 2731 650 2851 nolu
664 2711 897 2808 constituendo,
920 2715 983 2776 nisi
998 2727 1033 2774 et
1050 2714 1118 2797 ipse
1138 2715 1251 2775 Monu-

604 2814 678 2853 caus
707 2806 756 2855 stt.

195 2897 343 2964 XXXII.
393 2901 441 2962 Ut²
459 2899 627 2963 Monachis
649 2897 716 2966 no'n
743 2900 808 2964 nisi
832 2885 1019 2986 Monachus·
1036 2902 1251 2966 constituatur

437 2967 447 2985 h

113 2984 330 3070 Praepositus.
366 3005 368 3008 ·

194 3093 243 3152 De
266 3089 441 3150 senioribus
454 3085 616 3169 fratribus
640 3091 865 3153 monasterium
889 3092 1163 3155 circumeuntibus.
1242 3130 1244 3134 ·
1312 3165 1314 3174 .

194 3197 361 3263 XXXIII.
403 3200 445 3258 Ut
461 3198 501 3259 de
519 3197 701 3260 senioribus
724 3199 954 3260 monasterium
974 3198 1250 3262 circumeuntibus

113 3284 246 3368 quidam
267 3281 510 3345 cumfratribus
535 3282 569 3340 in
594 3281 811 3343 obedientiam
834 3291 961 3360 exeant,
981 3282 1113 3366 quidam
1132 3283 1167 3342 in
1186 3305 1251 3344 mo·

114 3367 255 3429 nasterio
275 3375 409 3450 propter
430 3364 608 3426 custodiam
628 3374 826 3426 remaneant.

113 3477 162 3537 De
182 3473 304 3536 nouitio
323 3470 452 3554 fratre,
482 3483 516 3534 ut
536 3491 614 3568 non'
615 3468 729 3552 facilis
750 3471 780 3529 ei
795 3471 829 3531 in
849 3473 1072 3533 monasterium
1095 3472 1253 3535 tribuatur

601 3573 767 3633 ingressus.

196 3665 357 3730 XXXIV.
400 3669 443 3728 Ut
462 3665 593 3728 Novitio
613 3686 679 3724 non
699 3663 804 3726 facilis
822 3661 855 3720 in
878 3659 1071 3722 monasterio
1092 3659 1254 3721 tribuatur

114 3751 287 3834 ingressus,
311 3759 344 3810 et
360 3760 397 3810 ut
415 3750 449 3810 in
470 3751 553 3812 cella
573 3747 747 3831 (hospitum
762 3744 962 3832 probationis
978 3743 1073 3806 causa
1087 3742 1127 3827 j)
1146 3742 1254 3827 hospi·

149 3992 182 4059 d)
200 3993 234 4044 al.
261 4009 308 4044 ms.
343 4007 400 4044 uon
431 3988 542 4062 reficiat
574 4006 661 4062 neque
799 3986 925 4044 batibus,
948 3981 1118 4042 Cataoniam,
1146 3978 1255 4031 Nobili·

201 4065 285 4114 In'bat.
798 4057 863 4116 bus,
899 4053 972 4108 unde
998 4056 1052 4124 ipsi
1076 4049 1253 4126 reficiuntur,
1279 4081 1283 4088 ,

150 4139 179 4198 e)
197 4135 229 4185 ln
249 4133 283 4184 al.
304 4149 351 4184 ms.
379 4129 449 4182 haec
475 4127 585 4179 omnino
613 4127 662 4179 de·
793 4138 889 4179 sumat.
1185 4124 1188 4137 “

199 4212 270 4256 saint.
307 4204 341 4254 In
360 4200 446 4252 altero
465 4199 502 4251 sIc
518 4199 663 4264 leguntur:

201 4275 239 4326 Et
256 4276 313 4344 ipse
338 4289 398 4326 cum
416 4270 582 4341 Episcopis‚
610 4268 663 4321 Ab.
742 4230 778 4296 s)
795 4229 903 4282 Desunt
919 4229 949 4282 in
966 4227 1001 4281 al.
1025 4244 1072 4280 ms.
