2958 4986
213 303 286 380 tot
443 318 478 376 s.
498 317 587 376 can.

690 315 947 376 castrassent
1052 319 1114 383 m.

211 474 308 546 atquo
331 481 465 524 securus
487 459 611 522 existat.
657 457 700 520 Es
721 469 758 522 ut
780 460 839 522 ista
869 459 1078 543 ingenuitatis
1104 460 1223 543 pagina
1254 460 1346 522 firma

210 546 399 628 stabilisque
422 542 593 620 consistat,
620 560 717 604 manu
742 543 873 627 proprisi
899 541 1164 628 subscripsimus,
1194 553 1227 608 et
1249 545 1346 608 *anuli

211 629 312 693 nostri
330 626 541 712 impressione
560 625 681 704 signari
699 627 858 690 iussimus.

292 713 429 794 Signum
449 709 562 772 Karoli
580 708 675 788 Regis
696 709 912 772 invictissimi.

291 795 523 868 Hildebaldus,
556 790 830 878 Archiepiscopus
848 791 1054 856 Coloniensis
1077 804 1111 855 et
1129 794 1214 857 sacri
1233 793 1346 878 palatii

209 879 424 966 capellanus,
450 875 637 1018 recopnovi.

292 965 374 1024 Data
405 962 460 1022 lV.
482 959 554 1020 Ka.
584 957 754 1032 Octobris,
788 979 874 1020 anno
905 958 1087 1022 dominicae
1113 959 1345 1024 incarnationis

208 1043 480 1118 DCCLXXXlX,
514 1040 695 1102 Indictione
723 1041 805 1120 ΧΠ,
841 1063 927 1102 anno
956 1051 1062 1102 autem
1089 1045 1183 1127 regni
1213 1043 1345 1105 Domini

207 1127 322 1196 Kuroli
340 1128 428 1190 XXI.

291 1209 409 1275 Actum
430 1209 464 1270 in
491 1206 572 1270 villa
589 1206 782 1270 Trutmanni
805 1207 956 1270 feliciter.
997 1209 1111 1272 Amen.

357 1421 644 1495 CAPITULATI‘O
665 1430 723 1494 DE
743 1429 949 1494 PARTIBUS
975 1379 1199 1498 SAXleAE.

299 1543 412 1616 Haec
442 1544 489 1614 de
516 1539 693 1638 partibus
718 1541 910 1612 &aoniae
934 1547 1136 1619 cominatu
1160 1563 1257 1622 sant.

509 1697 654 1760 1111111
683 1690 1047 1766 Carmuaonna.

217 1878 241 1918 1.
268 1805 339 1922 De
358 1865 475 1927 bonore
495 1863 720 1927 Ecclesiarnm.

212 1985 240 2026 a.
266 1967 317 2027 De
333 1970 481 2054 confagio
496 1974 542 2036 ad
552 1971 736 2034 Ecclesiam.

210 2075 240 2138 5.
267 2072 306 2134 Si
322 2080 393 2164 quis
411 2081 586 2141 Ecclesiam
601 2101 663 2164 per
680 2079 753 2138 vio·

295 2159 424 2222 lentiam
437 2166 619 2235 intraverit,
638 2158 755 2241 antsa-

298 2245 512 2327 rarasfaea't,
534 2260 589 2326 aut
608 2245 755 2307 incende·

294 2329 347 2387 rit.

210 2408 240 2485 4.
268 2409 318 2468 De
344 2411 462 2474 ieiunio
485 2413 754 2496 quadragesimali

293 2493 503 2559 observando.

211 2573 240 2640 5.
267 2575 316 2634 De
356 2577 573 2659 intersectione
612 2579 753 2641 clerico-

294 2677 373 2717 rum.

211 2739 241 2802 6.
266 2739 314 2799 De
332 2747 429 2826 magis
442 2746 595 2823 et·.strigis
611 2745 732 2806 occisis.

212 2845 241 2905 7.
267 2823 316 2883 Ne
355 2847 491 2912 corpora
530 2828 753 2912 defunctorum

199 2957 204 2970 .
294 2924 479 2972 crementur.

211 2987 241 3054 8.
268 2987 414 3071 Qualiter
443 2994 617 3077 puniantur
647 2991 755 3054 Saxo-

296 3099 350 3138 nes
366 3078 421 3161 qni
437 3075 483 3136 ad
496 3077 683 3158 baptismum
697 3097 755 3135 vc·

295 3161 363 3218 nire
384 3161 551 3220 noluerint.

212 3291 243 3354 9.
268 3270 317 3332 De
330 3275 378 3332 lais
391 3276 448 3357 qui
466 3274 607 3334 bornines
624 3269 755 3331 daemo-

209 3407 212 3414 ⁴
296 3357 386 3416 nibus
407 3357 578 3418 immolant.

217 3457 263 3499 to.
291 3437 378 3520 Quae
409 3459 514 3520 poena
546 3457 600 3498 eos
633 3448 756 3502 maneat

295 3521 351 3602 qni
375 3543 444 3582 cuns
471 3521 605 3604 paganis
636 3518 755 3580 adner-

297 3603 350 3664 s1ls
392 3603 588 3664 Christianos
628 3602 755 3685 conspi-

297 3700 378 3746 rant.

217 3791 261 3828 11.
288 3767 337 3828 De
353 3791 390 3832 eo
405 3771 462 3852 qni
473 3765 616 3853 infidelis
631 3779 677 3830 est
692 3765 757 3824 Do-

294 3853 378 3913 mino
394 3853 480 3931 Regi.

217 3955 262 3994 12.
287 3935 336 3994 De
363 3958 401 4000 eo
423 3935 480 4016 qui
493 3930 605 4021 filiam
634 3932 757 3992 domini

295 4019 346 4076 sni
363 4018 513 4099 rapuerit.

218 4101 262 4163 13.
288 4099 337 4158 De
366 4101 494 4179 coqui
519 4097 681 4158 dominnm
704 4096 758 4156 nel

216 4249 218 4254 y
296 4181 458 4241 dominam
498 4203 585 4244 s1mm
625 4177 758 4264 interse-

297 4266 386 4327 ecrit.

809 1855 855 1933 ι4.
884 1855 959 1918 Vita
976 1861 1007 1918 ei
1021 1857 1214 1921 concedatur
1231 1860 1288 1943 qni
1306 1857 1344 1917 de

886 1943 1070 2003 mortalibus
1093 1945 1277 2005 criminibus
1298 1943 1345 2000 la-

885 2037 988 2085 tenter
1001 2028 1174 2087 commissis
1187 2026 1347 2110 poeniten·
1441 2067 1442 2090 1

885 2109 961 2168 tiam
978 2129 1069 2190 agere
1084 2111 1232 2171 voluerit.

806 2187 851 2250 15.
878 2189 926 2248 De
946 2193 1037 2252 rebus
1054 2205 1085 2252 et
1099 2194 1263 2274 mancipiis
1280 2186 1345 2252 Ec·

882 2273 1059 2337 etesiarum.

806 2353 851 2414 16.
879 2353 921 2414 Ut
942 2357 1064 2420 decima
1081 2358 1176 2419 detur
1192 2359 1344 2420 Ecclesiis

883 2437 923 2498 de
948 2445 1035 2503 omni
1057 2465 1091 2502 re
1117 2464 1196 2525 qnae
1219 2442 1263 2502 ad
1274 2439 1343 2524 fis-

884 2543 952 2584 cum
968 2528 1161 2608 pervenerit.

807 2626 851 2685 ¹7·
882 2602 924 2664 Ut
937 2629 1043 2668 omnes
1056 2608 1211 2668 decimam
1222 2621 1346 2689 partem

884 2691 1075 2751 substantiae
1103 2705 1133 2750 et
1152 2692 1272 2752 laboris
1297 2691 1347 2749 sai

883 2769 1001 2834 donent
1017 2773 1180 2834 Ecclesiis.

809 2853 854 2916 18·
883 2853 930 2913 Ne
947 2858 981 2922 in
994 2857 1162 2918 dominicis
1178 2854 1346 2936 etfesticis

885 2936 995 2999 diebus
1007 2941 1128 3024 placita
1146 2952 1321 3000 teneantur.

809 3038 854 3100 ¹9·
885 3017 927 3082 Ut
940 3023 1077 3104 infantes
1091 3023 1288 3107 baptizentur
1300 3023 1347 3081 in·

878 3100 940 3181 fra
960 3127 1084 3166 annum.

806 3203 855 3242 20.
882 3185 931 3243 De
956 3191 1109 3268 coniugiis
1126 3189 1305 3271 prohibitis.

806 3285 854 3327 21.
883 3266 1030 3348 Qualiter
1042 3271 1198 3354 puniendi
1214 3275 1278 3332 sint
1293 3271 1348 3354 qui

885 3363 963 3411 vota
979 3353 1142 3432 adfantes
1158 3367 1213 3414 aut
1232 3354 1278 3414 ad
1292 3373 1346 3413 ar-

885 3433 976 3495 bores
994 3439 1049 3498 vel
1064 3439 1151 3496 ineos
1166 3435 1305 3517 faciant.

805 3535 854 3573 aa.
885 3513 927 3574 Ut
954 3541 1091 3602 corpora
1125 3518 1347 3600 defunctorum

887 3599 920 3656 in
958 3602 1154 3662 coesneteriis
1185 3602 1347 3668 Ecclesiae

886 3684 1089 3763 sepeliantur.

805 3763 854 3825 23.
881 3762 929 3823 De
945 3764 1066 3826 dibinis
1085 3779 1115 3826 et
1139 3767 1306 3844 sortilegis.

800 3845 848 3922 ab.
878 3845 927 3905 De
941 3848 1116 3910 latronibus
1129 3863 1158 3908 et
1169 3847 1348 3930 malefacto·

889 3931 985 3991 ribus.

805 4008 856 4074 25.
884 4009 928 4072 -Ut
943 4013 1121 4074 nullatemls
1136 4015 1270 4076 alterum
1286 4013 1348 4072 alt.

889 4095 959 4173 quis
973 4096 1144 4178 pignorare
1171 4107 1347 4156 nuesumat.

809 4175 857 4240 26.
889 4175 931 4236 Ut
959 4178 1040 4236 nulli
1078 4179 1122 4238 ad
1149 4120 1261 4256 blegent
1286 4196 1349 4259 pro

889 4280 946 4326 sua
968 4260 1191 4330 reclamatione
1211 4258 1351 4324 venienti
