<?xml version="1.0" encoding="UTF-8"?>
<!DOCTYPE html PUBLIC "-//W3C//DTD XHTML 1.0 Transitional//EN"
    "http://www.w3.org/TR/xhtml1/DTD/xhtml1-transitional.dtd">
<html xmlns="http://www.w3.org/1999/xhtml" xml:lang="en" lang="en">
 <head>
  <title>
</title>
<meta http-equiv="Content-Type" content="text/html;charset=utf-8" />
  <meta name='ocr-system' content='tesseract 3.04.00' />
  <meta name='ocr-capabilities' content='ocr_page ocr_carea ocr_par ocr_line ocrx_word'/>
</head>
<body>
  <div class='ocr_page' id='page_1' title='image "./corpusiurisgerm05visigoog_0297.png"; bbox 0 0 2952 4988; ppageno 0'>
   <div class='ocr_carea' id='block_1_1' title="bbox 191 309 1113 392">
    <p class='ocr_par' dir='ltr' id='par_1_1' title="bbox 191 309 1113 392">
     <span class='ocr_line' id='line_1_1' title="bbox 191 309 1113 392; baseline 0.004 -4"><span class='ocrx_word' id='word_1_1' title='bbox 191 309 268 388; x_wconf 75' lang='lat'>284</span> <span class='ocrx_word' id='word_1_2' title='bbox 443 329 479 390; x_wconf 78' lang='lat' dir='ltr'>n.</span> <span class='ocrx_word' id='word_1_3' title='bbox 503 329 591 387; x_wconf 82' lang='lat' dir='ltr'>cnr.</span> <span class='ocrx_word' id='word_1_4' title='bbox 698 329 956 388; x_wconf 68' lang='lat' dir='ltr'>carrensium</span> <span class='ocrx_word' id='word_1_5' title='bbox 1059 333 1113 392; x_wconf 81' lang='lat' dir='ltr'>ns</span> 
     </span>
    </p>
   </div>
   <div class='ocr_carea' id='block_1_2' title="bbox 106 469 1355 1472">
    <p class='ocr_par' dir='ltr' id='par_1_2' title="bbox 106 469 1355 1472">
     <span class='ocr_line' id='line_1_2' title="bbox 190 469 1355 556; baseline 0.003 -19"><span class='ocrx_word' id='word_1_6' title='bbox 190 495 265 537; x_wconf 87' lang='lat' dir='ltr'>rum</span> <span class='ocrx_word' id='word_1_7' title='bbox 285 469 437 534; x_wconf 76' lang='lat' dir='ltr'><strong>seniores</strong></span> <span class='ocrx_word' id='word_1_8' title='bbox 461 470 642 550; x_wconf 88' lang='lat' dir='ltr'>dimittunt,</span> <span class='ocrx_word' id='word_1_9' title='bbox 663 482 700 533; x_wconf 91' lang='lat' dir='ltr'>ut</span> <span class='ocrx_word' id='word_1_10' title='bbox 717 473 830 536; x_wconf 88' lang='lat' dir='ltr'>nullus</span> <span class='ocrx_word' id='word_1_11' title='bbox 847 495 901 536; x_wconf 88' lang='lat' dir='ltr'>eos</span> <span class='ocrx_word' id='word_1_12' title='bbox 923 475 1040 538; x_wconf 89' lang='lat' dir='ltr'>debeat</span> <span class='ocrx_word' id='word_1_13' title='bbox 1053 475 1204 556; x_wconf 87' lang='lat' dir='ltr'>recipere</span> <span class='ocrx_word' id='word_1_14' title='bbox 1221 474 1256 538; x_wconf 90' lang='lat' dir='ltr'>iu</span> <span class='ocrx_word' id='word_1_15' title='bbox 1276 501 1355 542; x_wconf 84' lang='lat' dir='ltr'>ras-</span> 
     </span>
     <span class='ocr_line' id='line_1_3' title="bbox 190 553 1353 642; baseline 0.003 -22"><span class='ocrx_word' id='word_1_16' title='bbox 190 556 336 620; x_wconf 83' lang='lat' dir='ltr'>sallatico</span> <span class='ocrx_word' id='word_1_17' title='bbox 352 562 384 640; x_wconf 82' lang='lat' dir='ltr'>q)</span> <span class='ocrx_word' id='word_1_18' title='bbox 405 553 475 616; x_wconf 85' lang='lat' dir='ltr'>sine</span> <span class='ocrx_word' id='word_1_19' title='bbox 498 556 651 618; x_wconf 85' lang='lat' dir='ltr'>comitato</span> <span class='ocrx_word' id='word_1_20' title='bbox 678 567 720 630; x_wconf 87' lang='lat' dir='ltr'>r)</span> <span class='ocrx_word' id='word_1_21' title='bbox 740 558 885 620; x_wconf 81' lang='lat' dir='ltr'>senioris</span> <span class='ocrx_word' id='word_1_22' title='bbox 905 558 967 636; x_wconf 89' lang='lat' dir='ltr'>sni,</span> <span class='ocrx_word' id='word_1_23' title='bbox 987 569 1162 642; x_wconf 87' lang='lat' dir='ltr'>autequam</span> <span class='ocrx_word' id='word_1_24' title='bbox 1179 559 1262 622; x_wconf 86' lang='lat' dir='ltr'>sciat</span> <span class='ocrx_word' id='word_1_25' title='bbox 1292 587 1353 624; x_wconf 84' lang='lat' dir='ltr'>ve-</span> 
     </span>
     <span class='ocr_line' id='line_1_4' title="bbox 191 639 1352 724; baseline 0.002 -22"><span class='ocrx_word' id='word_1_26' title='bbox 191 639 312 702; x_wconf 85' lang='lat' dir='ltr'>raciter</span> <span class='ocrx_word' id='word_1_27' title='bbox 326 659 385 724; x_wconf 88' lang='lat' dir='ltr'>pro</span> <span class='ocrx_word' id='word_1_28' title='bbox 401 659 465 720; x_wconf 86' lang='lat' dir='ltr'>qua</span> <span class='ocrx_word' id='word_1_29' title='bbox 484 660 579 702; x_wconf 88' lang='lat' dir='ltr'>causa</span> <span class='ocrx_word' id='word_1_30' title='bbox 593 643 661 715; x_wconf 80' lang='lat' dir='ltr'>(out</span> <span class='ocrx_word' id='word_1_31' title='bbox 681 641 778 724; x_wconf 85' lang='lat' dir='ltr'>eulpa</span> <span class='ocrx_word' id='word_1_32' title='bbox 794 647 820 718; x_wconf 83' lang='lat' dir='ltr'>s)</span> <span class='ocrx_word' id='word_1_33' title='bbox 846 641 913 724; x_wconf 90' lang='lat' dir='ltr'>ipsc</span> <span class='ocrx_word' id='word_1_34' title='bbox 937 665 1037 704; x_wconf 88' lang='lat' dir='ltr'>suum·</span> <span class='ocrx_word' id='word_1_35' title='bbox 1051 641 1224 704; x_wconf 87' lang='lat' dir='ltr'>Seniorem</span> <span class='ocrx_word' id='word_1_36' title='bbox 1249 645 1352 706; x_wconf 89' lang='lat' dir='ltr'>dimi-</span> 
     </span>
     <span class='ocr_line' id='line_1_5' title="bbox 190 720 1351 806; baseline 0.004 -21"><span class='ocrx_word' id='word_1_37' title='bbox 190 723 241 786; x_wconf 89' lang='lat' dir='ltr'>sit.</span> <span class='ocrx_word' id='word_1_38' title='bbox 283 722 327 784; x_wconf 83' lang='lat' dir='ltr'>Et</span> <span class='ocrx_word' id='word_1_39' title='bbox 344 721 401 784; x_wconf 90' lang='lat' dir='ltr'>ille</span> <span class='ocrx_word' id='word_1_40' title='bbox 426 720 522 784; x_wconf 88' lang='lat' dir='ltr'>homo</span> <span class='ocrx_word' id='word_1_41' title='bbox 541 723 598 806; x_wconf 91' lang='lat' dir='ltr'>qui</span> <span class='ocrx_word' id='word_1_42' title='bbox 621 743 697 784; x_wconf 89' lang='lat' dir='ltr'>eum</span> <span class='ocrx_word' id='word_1_43' title='bbox 717 724 866 806; x_wconf 87' lang='lat' dir='ltr'>recipere</span> <span class='ocrx_word' id='word_1_44' title='bbox 884 725 1037 800; x_wconf 81' lang='lat' dir='ltr'>soluerit,</span> <span class='ocrx_word' id='word_1_45' title='bbox 1049 734 1089 785; x_wconf 86' lang='lat' dir='ltr'>et</span> <span class='ocrx_word' id='word_1_46' title='bbox 1109 725 1218 806; x_wconf 91' lang='lat' dir='ltr'>ipsum</span> <span class='ocrx_word' id='word_1_47' title='bbox 1235 751 1351 790; x_wconf 83' lang='lat' dir='ltr'>seeum</span> 
     </span>
     <span class='ocr_line' id='line_1_6' title="bbox 189 803 1349 894; baseline 0.003 -26"><span class='ocrx_word' id='word_1_48' title='bbox 189 803 352 880; x_wconf 72' lang='lat' dir='ltr'>habuerit,</span> <span class='ocrx_word' id='word_1_49' title='bbox 372 803 488 866; x_wconf 89' lang='lat' dir='ltr'>debeat</span> <span class='ocrx_word' id='word_1_50' title='bbox 506 827 582 868; x_wconf 88' lang='lat' dir='ltr'>eum</span> <span class='ocrx_word' id='word_1_51' title='bbox 601 806 636 865; x_wconf 92' lang='lat' dir='ltr'>iu</span> <span class='ocrx_word' id='word_1_52' title='bbox 660 817 769 868; x_wconf 88' lang='lat' dir='ltr'>nostra</span> <span class='ocrx_word' id='word_1_53' title='bbox 790 809 972 888; x_wconf 84' lang='lat' dir='ltr'>praesentia</span> <span class='ocrx_word' id='word_1_54' title='bbox 985 817 1207 892; x_wconf 80' lang='lat' dir='ltr'>praesentare,</span> <span class='ocrx_word' id='word_1_55' title='bbox 1226 823 1286 874; x_wconf 80' lang='lat' dir='ltr'>eut</span> <span class='ocrx_word' id='word_1_56' title='bbox 1303 815 1349 894; x_wconf 93' lang='lat' dir='ltr'>ip-</span> 
     </span>
     <span class='ocr_line' id='line_1_7' title="bbox 191 887 1350 976; baseline 0.005 -25"><span class='ocrx_word' id='word_1_57' title='bbox 191 909 225 952; x_wconf 82' lang='lat' dir='ltr'>se</span> <span class='ocrx_word' id='word_1_58' title='bbox 242 898 299 950; x_wconf 78' lang='lat' dir='ltr'>sut</span> <span class='ocrx_word' id='word_1_59' title='bbox 311 887 427 950; x_wconf 88' lang='lat' dir='ltr'>Missus</span> <span class='ocrx_word' id='word_1_60' title='bbox 447 909 524 950; x_wconf 88' lang='lat' dir='ltr'>suus</span> <span class='ocrx_word' id='word_1_61' title='bbox 544 889 629 950; x_wconf 85' lang='lat' dir='ltr'>intro</span> <span class='ocrx_word' id='word_1_62' title='bbox 649 891 863 972; x_wconf 85' lang='lat' dir='ltr'>quadraginta</span> <span class='ocrx_word' id='word_1_63' title='bbox 882 901 994 953; x_wconf 88' lang='lat' dir='ltr'>noctes</span> <span class='ocrx_word' id='word_1_64' title='bbox 1009 900 1181 974; x_wconf 88' lang='lat' dir='ltr'>postquam</span> <span class='ocrx_word' id='word_1_65' title='bbox 1202 891 1275 976; x_wconf 86' lang='lat' dir='ltr'>ipse</span> <span class='ocrx_word' id='word_1_66' title='bbox 1291 896 1350 956; x_wconf 89' lang='lat' dir='ltr'>ho-</span> 
     </span>
     <span class='ocr_line' id='line_1_8' title="bbox 192 971 1353 1048; baseline 0.003 -14"><span class='ocrx_word' id='word_1_67' title='bbox 192 971 393 1034; x_wconf 76' lang='lat' dir='ltr'>nordeum</span> <span class='ocrx_word' id='word_1_68' title='bbox 414 973 555 1048; x_wconf 81' lang='lat' dir='ltr'>venerit,</span> <span class='ocrx_word' id='word_1_69' title='bbox 577 973 604 1033; x_wconf 90' lang='lat' dir='ltr'>si</span> <span class='ocrx_word' id='word_1_70' title='bbox 627 995 687 1034; x_wconf 89' lang='lat' dir='ltr'>nos</span> <span class='ocrx_word' id='word_1_71' title='bbox 708 973 906 1034; x_wconf 85' lang='lat' dir='ltr'>iutraltulia·</span> <span class='ocrx_word' id='word_1_72' title='bbox 929 995 1050 1036; x_wconf 88' lang='lat' dir='ltr'>sumus.</span> <span class='ocrx_word' id='word_1_73' title='bbox 1092 975 1179 1035; x_wconf 86' lang='lat' dir='ltr'>Etsi</span> <span class='ocrx_word' id='word_1_74' title='bbox 1206 997 1267 1040; x_wconf 88' lang='lat' dir='ltr'>nos</span> <span class='ocrx_word' id='word_1_75' title='bbox 1301 979 1353 1038; x_wconf 76' lang='lat' dir='ltr'>in-</span> 
     </span>
     <span class='ocr_line' id='line_1_9' title="bbox 190 1053 1350 1140; baseline 0.005 -24"><span class='ocrx_word' id='word_1_76' title='bbox 190 1064 240 1116; x_wconf 87' lang='lat' dir='ltr'>tra</span> <span class='ocrx_word' id='word_1_77' title='bbox 262 1053 354 1116; x_wconf 86' lang='lat' dir='ltr'>ltulia</span> <span class='ocrx_word' id='word_1_78' title='bbox 373 1075 438 1115; x_wconf 89' lang='lat' dir='ltr'>nou</span> <span class='ocrx_word' id='word_1_79' title='bbox 463 1055 633 1132; x_wconf 79' lang='lat' dir='ltr'>fuerimus,</span> <span class='ocrx_word' id='word_1_80' title='bbox 651 1065 730 1117; x_wconf 88' lang='lat' dir='ltr'>tunc</span> <span class='ocrx_word' id='word_1_81' title='bbox 745 1068 915 1140; x_wconf 79' lang='lat' dir='ltr'>postquam</span> <span class='ocrx_word' id='word_1_82' title='bbox 929 1057 1018 1134; x_wconf 87' lang='lat' dir='ltr'>(inde</span> <span class='ocrx_word' id='word_1_83' title='bbox 1051 1079 1109 1118; x_wconf 87' lang='lat' dir='ltr'>nos</span> <span class='ocrx_word' id='word_1_84' title='bbox 1131 1062 1154 1136; x_wconf 83' lang='lat' dir='ltr'>t)</span> <span class='ocrx_word' id='word_1_85' title='bbox 1183 1059 1350 1122; x_wconf 84' lang='lat' dir='ltr'>fuerimus</span> 
     </span>
     <span class='ocr_line' id='line_1_10' title="bbox 106 1135 1351 1222; baseline 0.005 -23"><span class='ocrx_word' id='word_1_86' title='bbox 106 1177 110 1190; x_wconf 85' lang='lat'><strong>·</strong></span> <span class='ocrx_word' id='word_1_87' title='bbox 190 1137 326 1214; x_wconf 85' lang='lat' dir='ltr'>reversi,</span> <span class='ocrx_word' id='word_1_88' title='bbox 348 1135 432 1198; x_wconf 91' lang='lat' dir='ltr'>iutra</span> <span class='ocrx_word' id='word_1_89' title='bbox 451 1136 669 1222; x_wconf 80' lang='lat' dir='ltr'>quadraginta</span> <span class='ocrx_word' id='word_1_90' title='bbox 679 1149 791 1200; x_wconf 86' lang='lat' dir='ltr'>noctes</span> <span class='ocrx_word' id='word_1_91' title='bbox 805 1161 880 1202; x_wconf 87' lang='lat' dir='ltr'>eum</span> <span class='ocrx_word' id='word_1_92' title='bbox 899 1141 932 1200; x_wconf 89' lang='lat' dir='ltr'>in</span> <span class='ocrx_word' id='word_1_93' title='bbox 957 1149 1066 1202; x_wconf 89' lang='lat' dir='ltr'>nostra</span> <span class='ocrx_word' id='word_1_94' title='bbox 1084 1145 1275 1222; x_wconf 86' lang='lat' dir='ltr'>praesentia</span> <span class='ocrx_word' id='word_1_95' title='bbox 1294 1143 1351 1204; x_wconf 88' lang='lat' dir='ltr'>de·</span> 
     </span>
     <span class='ocr_line' id='line_1_11' title="bbox 190 1219 1350 1306; baseline 0.003 -24"><span class='ocrx_word' id='word_1_96' title='bbox 190 1219 265 1292; x_wconf 77' lang='lat' dir='ltr'>beat</span> <span class='ocrx_word' id='word_1_97' title='bbox 292 1229 510 1302; x_wconf 79' lang='lat' dir='ltr'>praesentare,</span> <span class='ocrx_word' id='word_1_98' title='bbox 536 1221 620 1283; x_wconf 89' lang='lat' dir='ltr'>sicut</span> <span class='ocrx_word' id='word_1_99' title='bbox 643 1243 740 1304; x_wconf 85' lang='lat' dir='ltr'>supra</span> <span class='ocrx_word' id='word_1_100' title='bbox 763 1223 914 1284; x_wconf 83' lang='lat' dir='ltr'>diximus.</span> <span class='ocrx_word' id='word_1_101' title='bbox 957 1223 1000 1284; x_wconf 88' lang='lat' dir='ltr'>Et</span> <span class='ocrx_word' id='word_1_102' title='bbox 1025 1222 1134 1306; x_wconf 87' lang='lat' dir='ltr'>quisu</span> <span class='ocrx_word' id='word_1_103' title='bbox 1158 1244 1195 1284; x_wconf 88' lang='lat' dir='ltr'>er</span> <span class='ocrx_word' id='word_1_104' title='bbox 1215 1225 1282 1288; x_wconf 90' lang='lat' dir='ltr'>hoe</span> <span class='ocrx_word' id='word_1_105' title='bbox 1300 1230 1350 1287; x_wconf 86' lang='lat' dir='ltr'>fa-</span> 
     </span>
     <span class='ocr_line' id='line_1_12' title="bbox 192 1244 1350 1389; baseline 0.007 -23"><span class='ocrx_word' id='word_1_106' title='bbox 192 1303 545 1385; x_wconf 81' lang='lat' dir='ltr'>cerepraesumpserit,</span> <span class='ocrx_word' id='word_1_107' title='bbox 572 1305 650 1368; x_wconf 87' lang='lat' dir='ltr'>etsi</span> <span class='ocrx_word' id='word_1_108' title='bbox 680 1326 747 1366; x_wconf 92' lang='lat' dir='ltr'>non</span> <span class='ocrx_word' id='word_1_109' title='bbox 779 1305 1018 1389; x_wconf 79' lang='lat' dir='ltr'>adimpleverit,</span> <span class='ocrx_word' id='word_1_110' title='bbox 1054 1244 1175 1367; x_wconf 76' lang='lat' dir='ltr'>exinde</span> <span class='ocrx_word' id='word_1_111' title='bbox 1196 1307 1350 1374; x_wconf 82' lang='lat' dir='ltr'>bannum</span> 
     </span>
     <span class='ocr_line' id='line_1_13' title="bbox 191 1385 889 1472; baseline 0 -22"><span class='ocrx_word' id='word_1_112' title='bbox 191 1394 338 1450; x_wconf 82' lang='lat' dir='ltr'>nostrum</span> <span class='ocrx_word' id='word_1_113' title='bbox 352 1385 393 1446; x_wconf 84' lang='lat' dir='ltr'>ad</span> <span class='ocrx_word' id='word_1_114' title='bbox 408 1395 533 1470; x_wconf 85' lang='lat' dir='ltr'>purtem</span> <span class='ocrx_word' id='word_1_115' title='bbox 550 1397 692 1450; x_wconf 87' lang='lat' dir='ltr'>nostram</span> <span class='ocrx_word' id='word_1_116' title='bbox 708 1399 889 1472; x_wconf 83' lang='lat' dir='ltr'>componat.</span> 
     </span>
    </p>
   </div>
   <div class='ocr_carea' id='block_1_3' title="bbox 534 1497 988 1560">
    <p class='ocr_par' dir='ltr' id='par_1_3' title="bbox 534 1497 988 1560">
     <span class='ocr_line' id='line_1_14' title="bbox 534 1497 988 1560; baseline 0.002 -2"><span class='ocrx_word' id='word_1_117' title='bbox 534 1497 590 1558; x_wconf 89' lang='lat' dir='ltr'>De</span> <span class='ocrx_word' id='word_1_118' title='bbox 615 1497 794 1560; x_wconf 76' lang='lat' dir='ltr'>hominibus</span> <span class='ocrx_word' id='word_1_119' title='bbox 810 1497 988 1559; x_wconf 82' lang='lat' dir='ltr'>libellariis.</span> 
     </span>
    </p>
   </div>
   <div class='ocr_carea' id='block_1_4' title="bbox 191 1593 1351 1776">
    <p class='ocr_par' dir='ltr' id='par_1_4' title="bbox 191 1593 1351 1776">
     <span class='ocr_line' id='line_1_15' title="bbox 274 1593 1350 1685; baseline 0.008 -21"><span class='ocrx_word' id='word_1_120' title='bbox 274 1599 335 1666; x_wconf 88' lang='lat' dir='ltr'>Vl.</span> <span class='ocrx_word' id='word_1_121' title='bbox 378 1603 475 1666; x_wconf 79' lang='lat' dir='ltr'>Stetit</span> <span class='ocrx_word' id='word_1_122' title='bbox 493 1603 586 1666; x_wconf 89' lang='lat' dir='ltr'>nobis</span> <span class='ocrx_word' id='word_1_123' title='bbox 600 1605 641 1666; x_wconf 90' lang='lat' dir='ltr'>de</span> <span class='ocrx_word' id='word_1_124' title='bbox 658 1603 844 1668; x_wconf 87' lang='lat' dir='ltr'>homiuibus</span> <span class='ocrx_word' id='word_1_125' title='bbox 859 1593 1036 1670; x_wconf 81' lang='lat' dir='ltr'>libellariis</span> <span class='ocrx_word' id='word_1_126' title='bbox 1058 1613 1090 1685; x_wconf 78' lang='lat' dir='ltr'>u)</span> <span class='ocrx_word' id='word_1_127' title='bbox 1108 1617 1144 1670; x_wconf 91' lang='lat' dir='ltr'>ut</span> <span class='ocrx_word' id='word_1_128' title='bbox 1161 1610 1276 1672; x_wconf 90' lang='lat' dir='ltr'>nullus</span> <span class='ocrx_word' id='word_1_129' title='bbox 1287 1613 1350 1672; x_wconf 85' lang='lat' dir='ltr'>Co·</span> 
     </span>
     <span class='ocr_line' id='line_1_16' title="bbox 191 1685 1351 1776; baseline 0.003 -28"><span class='ocrx_word' id='word_1_130' title='bbox 191 1708 260 1748; x_wconf 87' lang='lat' dir='ltr'>mes</span> <span class='ocrx_word' id='word_1_131' title='bbox 276 1707 338 1748; x_wconf 89' lang='lat' dir='ltr'>nec</span> <span class='ocrx_word' id='word_1_132' title='bbox 356 1685 512 1762; x_wconf 71' lang='lat' dir='ltr'>iuniores⁴</span> <span class='ocrx_word' id='word_1_133' title='bbox 525 1708 638 1748; x_wconf 88' lang='lat' dir='ltr'>eorum</span> <span class='ocrx_word' id='word_1_134' title='bbox 660 1709 716 1750; x_wconf 87' lang='lat' dir='ltr'>eos</span> <span class='ocrx_word' id='word_1_135' title='bbox 735 1689 873 1770; x_wconf 87' lang='lat' dir='ltr'>amplius</span> <span class='ocrx_word' id='word_1_136' title='bbox 893 1711 958 1750; x_wconf 91' lang='lat' dir='ltr'>non</span> <span class='ocrx_word' id='word_1_137' title='bbox 980 1691 1187 1776; x_wconf 82' lang='lat' dir='ltr'>distringant,</span> <span class='ocrx_word' id='word_1_138' title='bbox 1214 1714 1278 1755; x_wconf 92' lang='lat' dir='ltr'>nec</span> <span class='ocrx_word' id='word_1_139' title='bbox 1302 1695 1351 1753; x_wconf 86' lang='lat' dir='ltr'>in-</span> 
     </span>
    </p>
   </div>
   <div class='ocr_carea' id='block_1_5' title="bbox 99 1768 1363 1856">
    <p class='ocr_par' dir='ltr' id='par_1_5' title="bbox 99 1768 1363 1856">
     <span class='ocr_line' id='line_1_17' title="bbox 99 1768 1363 1856; baseline 0.009 -26"><span class='ocrx_word' id='word_1_140' title='bbox 99 1773 107 1798; x_wconf 88' lang='lat'><em>&#39;</em></span> <span class='ocrx_word' id='word_1_141' title='bbox 191 1769 352 1852; x_wconf 72' lang='lat' dir='ltr'>quieteut,</span> <span class='ocrx_word' id='word_1_142' title='bbox 374 1768 546 1846; x_wconf 88' lang='lat' dir='ltr'>(uisisicut</span> <span class='ocrx_word' id='word_1_143' title='bbox 565 1769 599 1832; x_wconf 92' lang='lat' dir='ltr'>in</span> <span class='ocrx_word' id='word_1_144' title='bbox 619 1781 764 1856; x_wconf 88' lang='lat' dir='ltr'>ternpore</span> <span class='ocrx_word' id='word_1_145' title='bbox 790 1773 1081 1854; x_wconf 81' lang='lat' dir='ltr'>Lougobordorum</span> <span class='ocrx_word' id='word_1_146' title='bbox 1098 1783 1138 1850; x_wconf 84' lang='lat' dir='ltr'>v)</span> <span class='ocrx_word' id='word_1_147' title='bbox 1151 1797 1269 1838; x_wconf 88' lang='lat' dir='ltr'>eorum</span> <span class='ocrx_word' id='word_1_148' title='bbox 1285 1777 1363 1842; x_wconf 81' lang='lat' dir='ltr'>fuit.</span> 
     </span>
    </p>
   </div>
   <div class='ocr_carea' id='block_1_6' title="bbox 191 1851 1009 2046">
    <p class='ocr_par' dir='ltr' id='par_1_6' title="bbox 191 1851 1009 2046">
     <span class='ocr_line' id='line_1_18' title="bbox 191 1851 413 1916; baseline -0.009 -2"><span class='ocrx_word' id='word_1_149' title='bbox 191 1851 413 1916; x_wconf 87' lang='lat' dir='ltr'>consuetudo.</span> 
     </span>
     <span class='ocr_line' id='line_1_19' title="bbox 516 1959 1009 2046; baseline 0 -22"><span class='ocrx_word' id='word_1_150' title='bbox 516 1961 573 2024; x_wconf 77' lang='lat' dir='ltr'>De</span> <span class='ocrx_word' id='word_1_151' title='bbox 590 1959 743 2022; x_wconf 79' lang='lat' dir='ltr'>Ecclesiis</span> <span class='ocrx_word' id='word_1_152' title='bbox 759 1962 1009 2046; x_wconf 82' lang='lat' dir='ltr'>baptismalibus.</span> 
     </span>
    </p>
   </div>
   <div class='ocr_carea' id='block_1_7' title="bbox 190 2067 1346 2321">
    <p class='ocr_par' dir='ltr' id='par_1_7' title="bbox 190 2067 1346 2321">
     <span class='ocr_line' id='line_1_20' title="bbox 274 2067 1344 2158; baseline 0.004 -26"><span class='ocrx_word' id='word_1_153' title='bbox 274 2067 354 2134; x_wconf 88' lang='lat' dir='ltr'>Vll.</span> <span class='ocrx_word' id='word_1_154' title='bbox 395 2071 524 2134; x_wconf 82' lang='lat' dir='ltr'>Placuit</span> <span class='ocrx_word' id='word_1_155' title='bbox 540 2074 631 2136; x_wconf 89' lang='lat' dir='ltr'>uobis</span> <span class='ocrx_word' id='word_1_156' title='bbox 647 2075 688 2136; x_wconf 90' lang='lat' dir='ltr'>de</span> <span class='ocrx_word' id='word_1_157' title='bbox 706 2075 863 2138; x_wconf 86' lang='lat' dir='ltr'>Ecclesiis</span> <span class='ocrx_word' id='word_1_158' title='bbox 883 2072 1137 2158; x_wconf 73' lang='lat' dir='ltr'>baptismalibus,</span> <span class='ocrx_word' id='word_1_159' title='bbox 1157 2075 1244 2135; x_wconf 90' lang='lat' dir='ltr'>utin</span> <span class='ocrx_word' id='word_1_160' title='bbox 1269 2099 1344 2136; x_wconf 73' lang='lat' dir='ltr'>orn-</span> 
     </span>
     <span class='ocr_line' id='line_1_21' title="bbox 190 2153 1346 2240; baseline -0.002 -24"><span class='ocrx_word' id='word_1_161' title='bbox 190 2154 287 2222; x_wconf 72' lang='lat' dir='ltr'>nibus</span> <span class='ocrx_word' id='word_1_162' title='bbox 311 2155 353 2215; x_wconf 85' lang='lat' dir='ltr'>itu</span> <span class='ocrx_word' id='word_1_163' title='bbox 369 2153 509 2218; x_wconf 86' lang='lat' dir='ltr'>debeant</span> <span class='ocrx_word' id='word_1_164' title='bbox 525 2179 593 2218; x_wconf 88' lang='lat' dir='ltr'>esse</span> <span class='ocrx_word' id='word_1_165' title='bbox 605 2157 774 2219; x_wconf 81' lang='lat' dir='ltr'>ordinatae</span> <span class='ocrx_word' id='word_1_166' title='bbox 792 2158 1346 2240; x_wconf 71' lang='lat' dir='ltr'>eteonservatae,quom0d0D0m.</span> 
     </span>
     <span class='ocr_line' id='line_1_22' title="bbox 191 2237 1345 2321; baseline -0.006 -15"><span class='ocrx_word' id='word_1_167' title='bbox 191 2260 253 2306; x_wconf 79' lang='lat' dir='ltr'>nus</span> <span class='ocrx_word' id='word_1_168' title='bbox 267 2237 408 2300; x_wconf 87' lang='lat' dir='ltr'>Kurolus</span> <span class='ocrx_word' id='word_1_169' title='bbox 428 2239 498 2300; x_wconf 83' lang='lat' dir='ltr'>Rex</span> <span class='ocrx_word' id='word_1_170' title='bbox 520 2240 728 2302; x_wconf 77' lang='lat' dir='ltr'>demandavit</span> <span class='ocrx_word' id='word_1_171' title='bbox 749 2250 781 2303; x_wconf 89' lang='lat' dir='ltr'>et</span> <span class='ocrx_word' id='word_1_172' title='bbox 804 2241 840 2300; x_wconf 86' lang='lat' dir='ltr'>in</span> <span class='ocrx_word' id='word_1_173' title='bbox 857 2263 915 2304; x_wconf 93' lang='lat' dir='ltr'>suo</span> <span class='ocrx_word' id='word_1_174' title='bbox 933 2239 1120 2321; x_wconf 87' lang='lat' dir='ltr'>Capitulure</span> <span class='ocrx_word' id='word_1_175' title='bbox 1139 2242 1345 2302; x_wconf 83' lang='lat' dir='ltr'>continetur.</span> 
     </span>
    </p>
   </div>
   <div class='ocr_carea' id='block_1_8' title="bbox 464 2350 1037 2412">
    <p class='ocr_par' dir='ltr' id='par_1_8' title="bbox 464 2350 1037 2412">
     <span class='ocr_line' id='line_1_23' title="bbox 464 2350 1037 2412; baseline -0.005 0"><span class='ocrx_word' id='word_1_176' title='bbox 464 2351 521 2412; x_wconf 88' lang='lat' dir='ltr'>De</span> <span class='ocrx_word' id='word_1_177' title='bbox 536 2351 783 2412; x_wconf 79' lang='lat' dir='ltr'>immunitatibus</span> <span class='ocrx_word' id='word_1_178' title='bbox 798 2350 1037 2411; x_wconf 78' lang='lat' dir='ltr'>conservandis.</span> 
     </span>
    </p>
   </div>
   <div class='ocr_carea' id='block_1_9' title="bbox 193 2453 1346 2614">
    <p class='ocr_par' dir='ltr' id='par_1_9' title="bbox 193 2453 1346 2614">
     <span class='ocr_line' id='line_1_24' title="bbox 277 2453 1346 2534; baseline -0.002 -18"><span class='ocrx_word' id='word_1_179' title='bbox 277 2453 373 2516; x_wconf 91' lang='lat' dir='ltr'>Vlll.</span> <span class='ocrx_word' id='word_1_180' title='bbox 415 2456 459 2516; x_wconf 91' lang='lat' dir='ltr'>Et</span> <span class='ocrx_word' id='word_1_181' title='bbox 470 2455 532 2516; x_wconf 89' lang='lat' dir='ltr'>hoc</span> <span class='ocrx_word' id='word_1_182' title='bbox 552 2457 761 2534; x_wconf 82' lang='lat' dir='ltr'>instituimus,</span> <span class='ocrx_word' id='word_1_183' title='bbox 777 2470 813 2518; x_wconf 91' lang='lat' dir='ltr'>ut</span> <span class='ocrx_word' id='word_1_184' title='bbox 828 2457 1020 2518; x_wconf 87' lang='lat' dir='ltr'>emunitates</span> <span class='ocrx_word' id='word_1_185' title='bbox 1042 2455 1059 2516; x_wconf 81' lang='lat' dir='ltr'>t</span> <span class='ocrx_word' id='word_1_186' title='bbox 1081 2454 1346 2515; x_wconf 86' lang='lat' dir='ltr'>iamdictoDom-</span> 
     </span>
     <span class='ocr_line' id='line_1_25' title="bbox 193 2535 1346 2614; baseline -0.004 -14"><span class='ocrx_word' id='word_1_187' title='bbox 193 2561 237 2606; x_wconf 73' lang='lat' dir='ltr'>no</span> <span class='ocrx_word' id='word_1_188' title='bbox 261 2547 371 2600; x_wconf 86' lang='lat' dir='ltr'>nostro</span> <span class='ocrx_word' id='word_1_189' title='bbox 389 2537 536 2614; x_wconf 79' lang='lat' dir='ltr'>firmatos,</span> <span class='ocrx_word' id='word_1_190' title='bbox 553 2539 586 2598; x_wconf 92' lang='lat' dir='ltr'>in</span> <span class='ocrx_word' id='word_1_191' title='bbox 614 2542 763 2603; x_wconf 89' lang='lat' dir='ltr'>omnibus</span> <span class='ocrx_word' id='word_1_192' title='bbox 794 2542 840 2602; x_wconf 91' lang='lat' dir='ltr'>sie</span> <span class='ocrx_word' id='word_1_193' title='bbox 866 2541 1071 2602; x_wconf 73' lang='lat' dir='ltr'>consecratas</span> <span class='ocrx_word' id='word_1_194' title='bbox 1102 2559 1169 2598; x_wconf 84' lang='lat' dir='ltr'>esse</span> <span class='ocrx_word' id='word_1_195' title='bbox 1198 2535 1346 2596; x_wconf 84' lang='lat' dir='ltr'>debeant</span> 
     </span>
    </p>
   </div>
   <div class='ocr_carea' id='block_1_10' title="bbox 193 2620 1183 2816">
    <p class='ocr_par' dir='ltr' id='par_1_10' title="bbox 193 2620 1183 2816">
     <span class='ocr_line' id='line_1_26' title="bbox 193 2620 1183 2704; baseline -0.01 -17"><span class='ocrx_word' id='word_1_196' title='bbox 193 2622 280 2688; x_wconf 83' lang='lat' dir='ltr'>sieut</span> <span class='ocrx_word' id='word_1_197' title='bbox 298 2628 347 2682; x_wconf 89' lang='lat' dir='ltr'>est</span> <span class='ocrx_word' id='word_1_198' title='bbox 373 2620 473 2682; x_wconf 91' lang='lat' dir='ltr'>iussio</span> <span class='ocrx_word' id='word_1_199' title='bbox 491 2621 592 2704; x_wconf 87' lang='lat' dir='ltr'>ipsius</span> <span class='ocrx_word' id='word_1_200' title='bbox 610 2625 739 2700; x_wconf 88' lang='lat' dir='ltr'>(Domni</span> <span class='ocrx_word' id='word_1_201' title='bbox 762 2624 862 2686; x_wconf 88' lang='lat' dir='ltr'>nostri</span> <span class='ocrx_word' id='word_1_202' title='bbox 881 2621 994 2685; x_wconf 82' lang='lat' dir='ltr'>Kuroli</span> <span class='ocrx_word' id='word_1_203' title='bbox 1013 2621 1109 2704; x_wconf 77' lang='lat' dir='ltr'>Regis</span> <span class='ocrx_word' id='word_1_204' title='bbox 1126 2629 1183 2692; x_wconf 62' lang='grc' dir='ltr'>νιν.</span> 
     </span>
     <span class='ocr_line' id='line_1_27' title="bbox 473 2729 1067 2816; baseline -0.01 -20"><span class='ocrx_word' id='word_1_205' title='bbox 473 2731 528 2796; x_wconf 87' lang='lat' dir='ltr'>Dc</span> <span class='ocrx_word' id='word_1_206' title='bbox 548 2731 612 2789; x_wconf 81' lang='lat' dir='ltr'>uiis</span> <span class='ocrx_word' id='word_1_207' title='bbox 631 2745 662 2792; x_wconf 83' lang='lat' dir='ltr'>et</span> <span class='ocrx_word' id='word_1_208' title='bbox 675 2735 826 2816; x_wconf 80' lang='lat' dir='ltr'>pontibus</span> <span class='ocrx_word' id='word_1_209' title='bbox 847 2729 1067 2792; x_wconf 81' lang='lat' dir='ltr'>emendandis.</span> 
     </span>
    </p>
   </div>
   <div class='ocr_carea' id='block_1_11' title="bbox 196 2831 1348 3168">
    <p class='ocr_par' dir='ltr' id='par_1_11' title="bbox 196 2831 1348 3168">
     <span class='ocr_line' id='line_1_28' title="bbox 279 2831 1348 2919; baseline 0 -24"><span class='ocrx_word' id='word_1_210' title='bbox 279 2831 341 2896; x_wconf 85' lang='lat' dir='ltr'>lx.</span> <span class='ocrx_word' id='word_1_211' title='bbox 384 2834 666 2898; x_wconf 86' lang='lat' dir='ltr'>Consideravimus</span> <span class='ocrx_word' id='word_1_212' title='bbox 688 2847 723 2898; x_wconf 94' lang='lat' dir='ltr'>ut</span> <span class='ocrx_word' id='word_1_213' title='bbox 741 2838 806 2898; x_wconf 87' lang='lat' dir='ltr'>rius</span> <span class='ocrx_word' id='word_1_214' title='bbox 824 2845 857 2898; x_wconf 89' lang='lat' dir='ltr'>et</span> <span class='ocrx_word' id='word_1_215' title='bbox 876 2845 1036 2919; x_wconf 80' lang='lat' dir='ltr'>porterus,</span> <span class='ocrx_word' id='word_1_216' title='bbox 1058 2835 1112 2897; x_wconf 84' lang='lat' dir='ltr'>rel</span> <span class='ocrx_word' id='word_1_217' title='bbox 1134 2844 1265 2917; x_wconf 87' lang='lat' dir='ltr'>pontes,</span> <span class='ocrx_word' id='word_1_218' title='bbox 1288 2836 1348 2895; x_wconf 72' lang='lat' dir='ltr'>in·-</span> 
     </span>
     <span class='ocr_line' id='line_1_29' title="bbox 196 2919 1346 3002; baseline -0.002 -24"><span class='ocrx_word' id='word_1_219' title='bbox 196 2919 247 2980; x_wconf 81' lang='lat' dir='ltr'>l&#39;ra</span> <span class='ocrx_word' id='word_1_220' title='bbox 265 2939 405 3000; x_wconf 82' lang='lat' dir='ltr'>reguum</span> <span class='ocrx_word' id='word_1_221' title='bbox 421 2927 577 2991; x_wconf 89' lang='lat' dir='ltr'>nostrum,</span> <span class='ocrx_word' id='word_1_222' title='bbox 593 2921 626 2980; x_wconf 90' lang='lat' dir='ltr'>in</span> <span class='ocrx_word' id='word_1_223' title='bbox 648 2920 797 2982; x_wconf 87' lang='lat' dir='ltr'>omnibus</span> <span class='ocrx_word' id='word_1_224' title='bbox 816 2919 960 3002; x_wconf 86' lang='lat' dir='ltr'>pleniter</span> <span class='ocrx_word' id='word_1_225' title='bbox 981 2919 1166 2980; x_wconf 81' lang='lat' dir='ltr'>emendatas</span> <span class='ocrx_word' id='word_1_226' title='bbox 1190 2939 1261 2978; x_wconf 88' lang='lat' dir='ltr'>csse</span> <span class='ocrx_word' id='word_1_227' title='bbox 1282 2919 1346 2978; x_wconf 77' lang='lat' dir='ltr'>de-</span> 
     </span>
     <span class='ocr_line' id='line_1_30' title="bbox 196 3001 1346 3084; baseline -0.003 -22"><span class='ocrx_word' id='word_1_228' title='bbox 196 3002 298 3062; x_wconf 77' lang='lat' dir='ltr'>beant</span> <span class='ocrx_word' id='word_1_229' title='bbox 311 3023 371 3084; x_wconf 89' lang='lat' dir='ltr'>per</span> <span class='ocrx_word' id='word_1_230' title='bbox 388 3001 444 3062; x_wconf 93' lang='lat' dir='ltr'>illa</span> <span class='ocrx_word' id='word_1_231' title='bbox 458 3002 528 3062; x_wconf 85' lang='lat' dir='ltr'>locu</span> <span class='ocrx_word' id='word_1_232' title='bbox 552 3003 607 3063; x_wconf 84' lang='lat' dir='ltr'>ubi</span> <span class='ocrx_word' id='word_1_233' title='bbox 632 3004 726 3064; x_wconf 77' lang='lat' dir='ltr'>antei</span> <span class='ocrx_word' id='word_1_234' title='bbox 751 3024 877 3084; x_wconf 87' lang='lat' dir='ltr'>semper</span> <span class='ocrx_word' id='word_1_235' title='bbox 900 3004 1043 3062; x_wconf 88' lang='lat' dir='ltr'>fuerunt.</span> <span class='ocrx_word' id='word_1_236' title='bbox 1084 3003 1164 3062; x_wconf 84' lang='lat' dir='ltr'>Nom</span> <span class='ocrx_word' id='word_1_237' title='bbox 1191 3021 1253 3080; x_wconf 90' lang='lat' dir='ltr'>per</span> <span class='ocrx_word' id='word_1_238' title='bbox 1278 3001 1346 3060; x_wconf 79' lang='lat' dir='ltr'>eliu</span> 
     </span>
     <span class='ocr_line' id='line_1_31' title="bbox 197 3083 1345 3168; baseline -0.003 -22"><span class='ocrx_word' id='word_1_239' title='bbox 197 3084 270 3146; x_wconf 84' lang='lat' dir='ltr'>locu</span> <span class='ocrx_word' id='word_1_240' title='bbox 287 3105 385 3168; x_wconf 87' lang='lat' dir='ltr'>super</span> <span class='ocrx_word' id='word_1_241' title='bbox 401 3085 469 3168; x_wconf 80' lang='lat' dir='ltr'>ipsu</span> <span class='ocrx_word' id='word_1_242' title='bbox 489 3086 622 3146; x_wconf 80' lang='lat' dir='ltr'>flumina</span> <span class='ocrx_word' id='word_1_243' title='bbox 641 3097 682 3159; x_wconf 79' lang='lat' dir='ltr'>oc)</span> <span class='ocrx_word' id='word_1_244' title='bbox 699 3086 887 3146; x_wconf 83' lang='lat' dir='ltr'>nullatenus</span> <span class='ocrx_word' id='word_1_245' title='bbox 899 3094 1047 3168; x_wconf 88' lang='lat' dir='ltr'>porturas</span> <span class='ocrx_word' id='word_1_246' title='bbox 1051 3094 1090 3162; x_wconf 83' lang='lat' dir='ltr'>y)</span> <span class='ocrx_word' id='word_1_247' title='bbox 1107 3105 1175 3144; x_wconf 89' lang='lat' dir='ltr'>esse</span> <span class='ocrx_word' id='word_1_248' title='bbox 1187 3083 1345 3143; x_wconf 85' lang='lat' dir='ltr'>debeant.</span> 
     </span>
    </p>
   </div>
   <div class='ocr_carea' id='block_1_12' title="bbox 377 3185 1164 3276">
    <p class='ocr_par' dir='ltr' id='par_1_12' title="bbox 377 3185 1164 3276">
     <span class='ocr_line' id='line_1_32' title="bbox 377 3185 1164 3276; baseline -0.005 -22"><span class='ocrx_word' id='word_1_249' title='bbox 377 3185 576 3273; x_wconf 74' lang='lat' dir='ltr'>Dc&#39;seminis</span> <span class='ocrx_word' id='word_1_250' title='bbox 596 3213 730 3276; x_wconf 84' lang='lat' dir='ltr'>quarum</span> <span class='ocrx_word' id='word_1_251' title='bbox 749 3196 858 3253; x_wconf 86' lang='lat' dir='ltr'>mariti</span> <span class='ocrx_word' id='word_1_252' title='bbox 873 3195 907 3254; x_wconf 87' lang='lat' dir='ltr'>in</span> <span class='ocrx_word' id='word_1_253' title='bbox 930 3193 1067 3253; x_wconf 78' lang='lat' dir='ltr'>Francia</span> <span class='ocrx_word' id='word_1_254' title='bbox 1083 3204 1164 3252; x_wconf 86' lang='lat' dir='ltr'>sunt.</span> 
     </span>
    </p>
   </div>
   <div class='ocr_carea' id='block_1_13' title="bbox 198 3293 1349 3630">
    <p class='ocr_par' dir='ltr' id='par_1_13' title="bbox 198 3293 1349 3630">
     <span class='ocr_line' id='line_1_33' title="bbox 283 3293 1349 3380; baseline 0.001 -24"><span class='ocrx_word' id='word_1_255' title='bbox 283 3293 326 3356; x_wconf 85' lang='lat' dir='ltr'>X.</span> <span class='ocrx_word' id='word_1_256' title='bbox 369 3298 507 3372; x_wconf 88' lang='lat' dir='ltr'>(Placuit</span> <span class='ocrx_word' id='word_1_257' title='bbox 521 3300 613 3359; x_wconf 84' lang='lat' dir='ltr'>nohis</span> <span class='ocrx_word' id='word_1_258' title='bbox 628 3299 668 3360; x_wconf 93' lang='lat' dir='ltr'>de</span> <span class='ocrx_word' id='word_1_259' title='bbox 686 3299 752 3360; x_wconf 90' lang='lat' dir='ltr'>illis</span> <span class='ocrx_word' id='word_1_260' title='bbox 769 3299 899 3361; x_wconf 84' lang='lat' dir='ltr'>feminis</span> <span class='ocrx_word' id='word_1_261' title='bbox 917 3321 1056 3380; x_wconf 79' lang='lat' dir='ltr'>quarum</span> <span class='ocrx_word' id='word_1_262' title='bbox 1071 3297 1178 3358; x_wconf 83' lang='lat' dir='ltr'>meriti</span> <span class='ocrx_word' id='word_1_263' title='bbox 1193 3297 1349 3358; x_wconf 77' lang='lat' dir='ltr'>inFran-</span> 
     </span>
     <span class='ocr_line' id='line_1_34' title="bbox 199 3377 1347 3466; baseline 0.005 -28"><span class='ocrx_word' id='word_1_264' title='bbox 199 3377 251 3446; x_wconf 89' lang='lat' dir='ltr'>cia</span> <span class='ocrx_word' id='word_1_265' title='bbox 267 3399 335 3448; x_wconf 81' lang='lat' dir='ltr'>esse</span> <span class='ocrx_word' id='word_1_266' title='bbox 356 3379 510 3448; x_wconf 81' lang='lat' dir='ltr'>ridentur</span> <span class='ocrx_word' id='word_1_267' title='bbox 528 3389 566 3460; x_wconf 83' lang='lat' dir='ltr'>z),</span> <span class='ocrx_word' id='word_1_268' title='bbox 587 3391 624 3442; x_wconf 92' lang='lat' dir='ltr'>ut</span> <span class='ocrx_word' id='word_1_269' title='bbox 643 3381 730 3442; x_wconf 89' lang='lat' dir='ltr'>Missi</span> <span class='ocrx_word' id='word_1_270' title='bbox 750 3383 851 3443; x_wconf 85' lang='lat' dir='ltr'>nostri</span> <span class='ocrx_word' id='word_1_271' title='bbox 867 3403 925 3465; x_wconf 89' lang='lat' dir='ltr'>per</span> <span class='ocrx_word' id='word_1_272' title='bbox 941 3403 1078 3466; x_wconf 82' lang='lat' dir='ltr'>rognum</span> <span class='ocrx_word' id='word_1_273' title='bbox 1107 3391 1255 3440; x_wconf 90' lang='lat' dir='ltr'>nostrum</span> <span class='ocrx_word' id='word_1_274' title='bbox 1279 3381 1347 3444; x_wconf 86' lang='lat' dir='ltr'>hoc</span> 
     </span>
     <span class='ocr_line' id='line_1_35' title="bbox 199 3461 1348 3546; baseline 0 -24"><span class='ocrx_word' id='word_1_275' title='bbox 199 3461 341 3522; x_wconf 85' lang='lat' dir='ltr'>debcant</span> <span class='ocrx_word' id='word_1_276' title='bbox 361 3463 528 3545; x_wconf 90' lang='lat' dir='ltr'>inquirere</span> <span class='ocrx_word' id='word_1_277' title='bbox 544 3466 570 3526; x_wconf 85' lang='lat' dir='ltr'>si</span> <span class='ocrx_word' id='word_1_278' title='bbox 586 3485 700 3526; x_wconf 88' lang='lat' dir='ltr'>eorum</span> <span class='ocrx_word' id='word_1_279' title='bbox 722 3465 858 3526; x_wconf 84' lang='lat' dir='ltr'>iustitias</span> <span class='ocrx_word' id='word_1_280' title='bbox 878 3465 923 3528; x_wconf 91' lang='lat' dir='ltr'>sic</span> <span class='ocrx_word' id='word_1_281' title='bbox 943 3466 1091 3546; x_wconf 86' lang='lat' dir='ltr'>pleniter·</span> <span class='ocrx_word' id='word_1_282' title='bbox 1101 3463 1243 3524; x_wconf 80' lang='lat' dir='ltr'>habeant</span> <span class='ocrx_word' id='word_1_283' title='bbox 1257 3463 1348 3526; x_wconf 88' lang='lat' dir='ltr'>sicut</span> 
     </span>
     <span class='ocr_line' id='line_1_36' title="bbox 198 3543 1347 3630; baseline 0.001 -24"><span class='ocrx_word' id='word_1_284' title='bbox 198 3543 301 3612; x_wconf 80' lang='lat' dir='ltr'>fuerit</span> <span class='ocrx_word' id='word_1_285' title='bbox 319 3545 419 3607; x_wconf 92' lang='lat' dir='ltr'>iussio</span> <span class='ocrx_word' id='word_1_286' title='bbox 439 3547 558 3608; x_wconf 89' lang='lat' dir='ltr'>Domui</span> <span class='ocrx_word' id='word_1_287' title='bbox 582 3547 694 3625; x_wconf 86' lang='lat' dir='ltr'>nostri,</span> <span class='ocrx_word' id='word_1_288' title='bbox 714 3569 754 3607; x_wconf 87' lang='lat' dir='ltr'>an</span> <span class='ocrx_word' id='word_1_289' title='bbox 774 3570 850 3608; x_wconf 90' lang='lat' dir='ltr'>nou.</span> <span class='ocrx_word' id='word_1_290' title='bbox 872 3550 914 3610; x_wconf 90' lang='lat' dir='ltr'>Et</span> <span class='ocrx_word' id='word_1_291' title='bbox 931 3549 988 3630; x_wconf 91' lang='lat' dir='ltr'>qui</span> <span class='ocrx_word' id='word_1_292' title='bbox 1005 3548 1051 3610; x_wconf 90' lang='lat' dir='ltr'>sic</span> <span class='ocrx_word' id='word_1_293' title='bbox 1070 3545 1231 3622; x_wconf 86' lang='lat' dir='ltr'>hahuerit,</span> <span class='ocrx_word' id='word_1_294' title='bbox 1246 3545 1347 3608; x_wconf 79' lang='lat' dir='ltr'>hene.</span> 
     </span>
    </p>
   </div>
   <div class='ocr_carea' id='block_1_14' title="bbox 232 3733 1353 4297">
    <p class='ocr_par' dir='ltr' id='par_1_14' title="bbox 232 3733 1349 4014">
     <span class='ocr_line' id='line_1_37' title="bbox 233 3733 1349 3808; baseline -0.004 -22"><span class='ocrx_word' id='word_1_295' title='bbox 233 3741 267 3808; x_wconf 84' lang='lat' dir='ltr'>q)</span> <span class='ocrx_word' id='word_1_296' title='bbox 285 3733 319 3786; x_wconf 90' lang='lat' dir='ltr'>al.</span> <span class='ocrx_word' id='word_1_297' title='bbox 339 3753 385 3788; x_wconf 89' lang='lat' dir='ltr'>ms.</span> <span class='ocrx_word' id='word_1_298' title='bbox 405 3738 555 3795; x_wconf 70' lang='lat' dir='ltr'>vassatico.</span> <span class='ocrx_word' id='word_1_299' title='bbox 830 3741 871 3802; x_wconf 83' lang='lat' dir='ltr'>w)</span> <span class='ocrx_word' id='word_1_300' title='bbox 889 3736 923 3788; x_wconf 87' lang='lat' dir='ltr'>al.</span> <span class='ocrx_word' id='word_1_301' title='bbox 943 3753 1002 3786; x_wconf 82' lang='lat' dir='ltr'>mss.</span> <span class='ocrx_word' id='word_1_302' title='bbox 1028 3734 1136 3786; x_wconf 88' lang='lat' dir='ltr'>Domno</span> <span class='ocrx_word' id='word_1_303' title='bbox 1165 3744 1262 3784; x_wconf 82' lang='lat' dir='ltr'>nostro</span> <span class='ocrx_word' id='word_1_304' title='bbox 1283 3734 1349 3785; x_wconf 73' lang='grc' dir='ltr'>Κα-</span> 
     </span>
     <span class='ocr_line' id='line_1_38' title="bbox 235 3803 1348 3874; baseline 0 -20"><span class='ocrx_word' id='word_1_305' title='bbox 235 3814 265 3872; x_wconf 71' lang='lat' dir='ltr'>ry</span> <span class='ocrx_word' id='word_1_306' title='bbox 284 3806 318 3866; x_wconf 78' lang='lat' dir='ltr'>nl.</span> <span class='ocrx_word' id='word_1_307' title='bbox 338 3823 386 3858; x_wconf 90' lang='lat' dir='ltr'>ms.</span> <span class='ocrx_word' id='word_1_308' title='bbox 404 3808 559 3864; x_wconf 81' lang='lat' dir='ltr'>voluntate.</span> <span class='ocrx_word' id='word_1_309' title='bbox 653 3855 656 3862; x_wconf 63' lang='lat'>.</span> <span class='ocrx_word' id='word_1_310' title='bbox 866 3807 926 3860; x_wconf 86' lang='lat' dir='ltr'>rolo</span> <span class='ocrx_word' id='word_1_311' title='bbox 947 3807 1030 3874; x_wconf 58' lang='lat' dir='ltr'>degn·</span> <span class='ocrx_word' id='word_1_312' title='bbox 1049 3805 1162 3860; x_wconf 80' lang='lat' dir='ltr'>Domno</span> <span class='ocrx_word' id='word_1_313' title='bbox 1176 3807 1273 3860; x_wconf 74' lang='lat' dir='ltr'>nestro</span> <span class='ocrx_word' id='word_1_314' title='bbox 1285 3803 1348 3858; x_wconf 88' lang='lat' dir='ltr'>Ku-</span> 
     </span>
     <span class='ocr_line' id='line_1_39' title="bbox 234 3875 1028 3943; baseline -0.005 -15"><span class='ocrx_word' id='word_1_315' title='bbox 234 3884 263 3941; x_wconf 88' lang='lat' dir='ltr'>s)</span> <span class='ocrx_word' id='word_1_316' title='bbox 280 3877 386 3928; x_wconf 84' lang='lat' dir='ltr'>Desunt</span> <span class='ocrx_word' id='word_1_317' title='bbox 404 3877 433 3928; x_wconf 89' lang='lat' dir='ltr'>in</span> <span class='ocrx_word' id='word_1_318' title='bbox 451 3876 485 3928; x_wconf 90' lang='lat' dir='ltr'>al.</span> <span class='ocrx_word' id='word_1_319' title='bbox 508 3896 570 3930; x_wconf 78' lang='lat' dir='ltr'>mrs-</span> <span class='ocrx_word' id='word_1_320' title='bbox 866 3877 929 3928; x_wconf 82' lang='lat' dir='ltr'>nnlo</span> <span class='ocrx_word' id='word_1_321' title='bbox 947 3875 1028 3943; x_wconf 78' lang='lat' dir='ltr'>Ilegls</span> 
     </span>
     <span class='ocr_line' id='line_1_40' title="bbox 232 3944 1235 4014; baseline -0.002 -18"><span class='ocrx_word' id='word_1_322' title='bbox 232 3945 310 4013; x_wconf 85' lang='lat' dir='ltr'>r)ul.</span> <span class='ocrx_word' id='word_1_323' title='bbox 329 3965 375 3997; x_wconf 88' lang='lat' dir='ltr'>ms.</span> <span class='ocrx_word' id='word_1_324' title='bbox 392 3947 445 3997; x_wconf 85' lang='lat' dir='ltr'>Dei</span> <span class='ocrx_word' id='word_1_325' title='bbox 462 3966 569 3999; x_wconf 84' lang='lat' dir='ltr'>nomen.</span> <span class='ocrx_word' id='word_1_326' title='bbox 606 3948 688 4001; x_wconf 85' lang='lat' dir='ltr'>Forte</span> <span class='ocrx_word' id='word_1_327' title='bbox 707 3949 747 4002; x_wconf 81' lang='lat' dir='ltr'>le·</span> <span class='ocrx_word' id='word_1_328' title='bbox 832 3952 866 4013; x_wconf 79' lang='lat' dir='ltr'>x)</span> <span class='ocrx_word' id='word_1_329' title='bbox 884 3946 918 3997; x_wconf 86' lang='lat' dir='ltr'>al.</span> <span class='ocrx_word' id='word_1_330' title='bbox 940 3962 984 3997; x_wconf 88' lang='lat' dir='ltr'>ms.</span> <span class='ocrx_word' id='word_1_331' title='bbox 1004 3945 1078 4014; x_wconf 85' lang='lat' dir='ltr'>ipsas</span> <span class='ocrx_word' id='word_1_332' title='bbox 1089 3944 1235 4014; x_wconf 65' lang='lat' dir='ltr'>flumineas.</span> 
     </span>
    </p>

    <p class='ocr_par' dir='ltr' id='par_1_15' title="bbox 232 4017 1353 4297">
     <span class='ocr_line' id='line_1_41' title="bbox 267 4017 1137 4086; baseline -0.006 -18"><span class='ocrx_word' id='word_1_333' title='bbox 267 4017 346 4083; x_wconf 83' lang='lat' dir='ltr'>gend.</span> <span class='ocrx_word' id='word_1_334' title='bbox 365 4019 396 4067; x_wconf 89' lang='lat' dir='ltr'>in</span> <span class='ocrx_word' id='word_1_335' title='bbox 416 4019 469 4069; x_wconf 89' lang='lat' dir='ltr'>Dei</span> <span class='ocrx_word' id='word_1_336' title='bbox 487 4021 604 4069; x_wconf 83' lang='lat' dir='ltr'>nomine.</span> <span class='ocrx_word' id='word_1_337' title='bbox 826 4025 864 4086; x_wconf 64' lang='lat' dir='ltr'>y)</span> <span class='ocrx_word' id='word_1_338' title='bbox 882 4018 916 4068; x_wconf 85' lang='lat' dir='ltr'>al.</span> <span class='ocrx_word' id='word_1_339' title='bbox 935 4033 981 4067; x_wconf 89' lang='lat' dir='ltr'>ms.</span> <span class='ocrx_word' id='word_1_340' title='bbox 999 4027 1137 4085; x_wconf 84' lang='lat' dir='ltr'>portoras.</span> 
     </span>
     <span class='ocr_line' id='line_1_42' title="bbox 232 4079 1352 4156; baseline -0.006 -18"><span class='ocrx_word' id='word_1_341' title='bbox 232 4093 266 4151; x_wconf 86' lang='lat' dir='ltr'>u)</span> <span class='ocrx_word' id='word_1_342' title='bbox 285 4087 318 4136; x_wconf 82' lang='lat' dir='ltr'>ul.</span> <span class='ocrx_word' id='word_1_343' title='bbox 339 4104 384 4138; x_wconf 88' lang='lat' dir='ltr'>ms.</span> <span class='ocrx_word' id='word_1_344' title='bbox 404 4087 526 4139; x_wconf 84' lang='lat' dir='ltr'>homines</span> <span class='ocrx_word' id='word_1_345' title='bbox 544 4089 712 4141; x_wconf 80' lang='lat' dir='ltr'>libellarios.</span> <span class='ocrx_word' id='word_1_346' title='bbox 835 4094 865 4156; x_wconf 76' lang='lat' dir='ltr'>s)</span> <span class='ocrx_word' id='word_1_347' title='bbox 883 4087 917 4138; x_wconf 80' lang='lat' dir='ltr'>ul.</span> <span class='ocrx_word' id='word_1_348' title='bbox 937 4104 983 4137; x_wconf 92' lang='lat' dir='ltr'>ms.</span> <span class='ocrx_word' id='word_1_349' title='bbox 1001 4084 1112 4136; x_wconf 75' lang='lat' dir='ltr'>Placuit</span> <span class='ocrx_word' id='word_1_350' title='bbox 1131 4084 1209 4134; x_wconf 78' lang='lat' dir='ltr'>nobis</span> <span class='ocrx_word' id='word_1_351' title='bbox 1236 4079 1269 4133; x_wconf 73' lang='lat' dir='ltr'>dt</span> <span class='ocrx_word' id='word_1_352' title='bbox 1298 4083 1352 4136; x_wconf 74' lang='lat' dir='ltr'>itta</span> 
     </span>
     <span class='ocr_line' id='line_1_43' title="bbox 232 4153 1353 4230; baseline -0.005 -22"><span class='ocrx_word' id='word_1_353' title='bbox 232 4163 267 4222; x_wconf 83' lang='lat' dir='ltr'>v)</span> <span class='ocrx_word' id='word_1_354' title='bbox 288 4157 322 4206; x_wconf 83' lang='lat' dir='ltr'>ul.</span> <span class='ocrx_word' id='word_1_355' title='bbox 342 4173 387 4207; x_wconf 88' lang='lat' dir='ltr'>ms.</span> <span class='ocrx_word' id='word_1_356' title='bbox 408 4161 463 4208; x_wconf 81' lang='lat' dir='ltr'>nisi</span> <span class='ocrx_word' id='word_1_357' title='bbox 479 4162 550 4211; x_wconf 87' lang='lat' dir='ltr'>sicut</span> <span class='ocrx_word' id='word_1_358' title='bbox 579 4177 596 4210; x_wconf 82' lang='lat' dir='ltr'>n</span> <span class='ocrx_word' id='word_1_359' title='bbox 625 4173 748 4230; x_wconf 85' lang='lat' dir='ltr'>tempora</span> <span class='ocrx_word' id='word_1_360' title='bbox 860 4157 985 4230; x_wconf 60' lang='lat' dir='ltr'>flumineas</span> <span class='ocrx_word' id='word_1_361' title='bbox 1004 4153 1353 4208; x_wconf 72' lang='lat' dir='ltr'>cuiusmorirnsinan·</span> 
     </span>
     <span class='ocr_line' id='line_1_44' title="bbox 243 4223 1125 4297; baseline -0.003 -19"><span class='ocrx_word' id='word_1_362' title='bbox 243 4279 246 4286; x_wconf 77' lang='grc'><strong>,</strong></span> <span class='ocrx_word' id='word_1_363' title='bbox 267 4226 512 4297; x_wconf 72' lang='lat' dir='ltr'>dorrgobardorum</span> <span class='ocrx_word' id='word_1_364' title='bbox 532 4241 581 4282; x_wconf 79' lang='lat' dir='ltr'>eto</span> <span class='ocrx_word' id='word_1_365' title='bbox 870 4229 915 4280; x_wconf 87' lang='lat' dir='ltr'>cia</span> <span class='ocrx_word' id='word_1_366' title='bbox 934 4245 989 4286; x_wconf 80' lang='lat' dir='ltr'>esse</span> <span class='ocrx_word' id='word_1_367' title='bbox 1009 4223 1125 4286; x_wconf 74' lang='lat' dir='ltr'>uidetur,</span> 
     </span>
    </p>
   </div>
   <div class='ocr_carea' id='block_1_15' title="bbox 0 0 1482 4988">
    <p class='ocr_par' dir='ltr' id='par_1_16' title="bbox 0 0 1482 4988">
     <span class='ocr_line' id='line_1_45' title="bbox 0 0 1482 4988; baseline 0 0"><span class='ocrx_word' id='word_1_368' title='bbox 0 0 1482 4988; x_wconf 95' lang='lat' dir='ltr'> </span> 
     </span>
    </p>
   </div>
  </div>
 </body>
</html>
