2958 4986
217 310 289 394 mo
466 337 504 400 e.
520 335 612 398 cun.
713 338 971 401 cestrensem
1060 339 1123 408 m.

216 503 293 544 nem
307 481 377 545 eins
391 479 431 548 ed
447 479 685 546 comedendum
701 481 839 564 dederit,
858 485 911 548 rel
926 484 1027 569 ipsam
1043 479 1207 548 comederi
1267 483 1359 570 cupi-

215 564 258 628 tis
272 564 435 628 sententiis
445 563 613 650 punietur.

464 679 513 742 Ne
533 701 669 767 corpora
684 681 909 767 defltnetorum
923 695 1111 746 crementur.

299 785 372 852 Vll.
414 786 449 852 Si
472 787 545 870 quis
568 811 685 875 corpus
708 790 855 854 defuncti
880 789 1021 854 hominis
1045 789 1227 853 secundnm
1258 787 1360 849 ritum

212 890 416 1016 pafianorpm
433 869 557 968 flammi
574 875 721 972 consumi
737 874 864 954 iecerit,
884 881 917 937 et
934 893 1005 940 oses
1040 872 1110 936 eius
1136 874 1177 936 ud
1207 871 1358 939 cinerem

214 975 253 1015 re
278 962 393 1037 egerit,
408 963 513 1038 capite
534 967 701 1040 punietur.

219 1094 367 1180 Qualiter
375 1095 551 1178 puniantur
567 1096 714 1166 Senones
726 1098 782 1182 qui
803 1095 848 1160 ad
862 1097 1049 1182 baptismum
1065 1095 1175 1156 uenire
1186 1094 1358 1164 noluerint.

301 1211 389 1274 VIII.
432 1211 467 1272 si
489 1211 561 1293 quis
580 1211 736 1298 deinceps
757 1213 791 1273 in
810 1222 905 1296 gente
923 1212 1089 1273 Sirenum
1114 1212 1201 1272 inter
1225 1231 1281 1270 eos
1308 1209 1357 1269 lu-

217 1302 291 1356 tens
304 1315 370 1355 non
391 1293 570 1376 baptizatus
588 1319 621 1360 se
646 1297 842 1358 abscondere
864 1293 1017 1372 voluerit,
1042 1303 1075 1354 et
1097 1293 1138 1354 ad
1164 1292 1359 1378 baptismum

217 1377 333 1473 venire
356 1378 595 1462 contempserit,
620 1399 829 1466 paganusque
849 1397 1040 1462 permanere
1071 1375 1223 1454 voluerit,
1254 1383 1357 1482 morte

220 1469 388 1522 monim·
408 1543 525 1607 Deliis
545 1547 601 1630 qui
617 1545 757 1607 homines
777 1543 982 1606 daemonibus
997 1541 1170 1604 immolant.

302 1649 358 1712 lx.
400 1651 435 1714 Si
457 1651 531 1736 quis
543 1651 710 1714 bominem
724 1651 853 1716 diabolo
870 1650 1108 1728 sacrificaverit,
1128 1657 1161 1709 et
1173 1647 1207 1706 in
1218 1644 1358 1714 hostiam

219 1752 309 1793 more
330 1755 530 1817 paganorum
549 1735 760 1799 daemonibus
779 1735 947 1814 obtulerit,
962 1742 1065 1796 morte
1083 1731 1249 1792 morietur.

222 1849 310 1933 Quae
328 1870 433 1934 poena
454 1873 507 1916 ecs
528 1863 654 1912 maneat
673 1853 729 1934 qui
748 1873 819 1913 esem
835 1851 971 1935 paganis
990 1845 1145 1910 aduersis
1159 1846 1357 1908 Christianos

681 1936 874 2018 conspirant.

306 2036 346 2100 X.
389 2036 424 2098 Si
442 2038 515 2122 quis
536 2061 610 2108 eum
627 2040 759 2125 paganis
783 2040 957 2102 consilinm
975 2037 1129 2102 adversius
1157 2034 1359 2106 Christianos

220 2117 346 2192 inierit,
367 2120 420 2189 vel
437 2143 512 2184 oum
528 2123 595 2186 illis
610 2123 644 2184 in
672 2123 865 2185 adversitate
896 2121 1153 2184 Christianorum
1180 2117 1359 2200 perdurffl'e

221 2201 374 2282 voluerit,
388 2215 490 2267 morte
507 2206 673 2267 moriatur.
704 2206 746 2267 Et
759 2207 948 2288 quicunque
969 2204 1032 2268 hoc
1046 2203 1133 2265 idem
1150 2200 1263 2264 fraude
1277 2221 1357 2268 con-

220 2283 409 2425 tratRegem
423 2289 476 2352 vel
501 2297 631 2372 gentem
645 2287 905 2352 Christianorum
927 2287 1139 2364 consenserit,
1160 2291 1262 2348 morte
1284 2303 1355 2350 rno-
1452 2313 1453 2324 κ

221 2387 271 2428 rte
286 2387 336 2426 ur.

452 2453 501 2515 De
518 2476 558 2518 eo
577 2455 634 2539 qui
653 2452 796 2538 infidelis
814 2467 862 2516 est
882 2453 1023 2515 Domino
1037 2451 1124 2532 Regi.

306 2555 365 2652 XI3
405 2558 441 2620 Si
466 2561 539 2642 quis
559 2561 700 2624 Domino
727 2561 808 2646 Regi
838 2561 979 2629 infidelis
1001 2555 1196 2643 apparuerit,
1228 2553 1359 2640 capitoli

223 2639 386 2702 sententri
405 2643 571 2725 punietur.

446 2725 496 2794 De
516 2747 552 2794 eo
570 2727 740 2812 quifiliam
762 2726 886 2789 domini
912 2728 962 2788 sui
981 2726 1134 2810 rapuerit,
1180 2763 1183 2769 ι

305 2829 379 2892 XII.
421 2829 456 2894 si
475 2832 548 2915 quis
563 2834 663 2895 filiam
688 2833 812 2896 domini
828 2833 878 2896 sui
893 2831 1048 2916 rapuerit,
1068 2840 1170 2892 morte
1194 2831 1357 2892 moriatur.

304 2936 355 2997 De
375 2957 413 2998 eo
429 2940 485 3020 qui
506 2937 670 3001 dominnm
688 2939 743 3000 uel
768 2937 930 3000 dominam
956 2959 1045 2998 suam
1071 2935 1277 3018 interfecerit.
1308 2935 1312 2944 ’

306 3043 396 3105 XIII.
439 3044 473 3106 si
486 3045 560 3128 quis
579 3044 745 3106 dominum
762 3068 856 3108 suum
873 3046 927 3113 vel
940 3045 1104 3108 dominum
1116 3066 1206 3120 suem
1223 3045 1359 3108 interle-

224 3125 318 3204 cerit,
336 3125 435 3188 simili
452 3128 548 3190 modo
559 3129 725 3212 punietur.

227 3261 304 3325 Vita
317 3266 348 3326 ei
362 3265 555 3334 concedatur
569 3271 624 3353 qui
638 3268 679 3330 de
692 3269 879 3332 mortalibus
899 3270 1085 3330 criminibus
1112 3268 1248 3328 latenter
1272 3287 1357 3333 com-

471 3352 575 3412 missis
594 3353 823 3435 poenitentium
850 3371 941 3438 agere
960 3352 1111 3412 voluerit.

306 3461 396 3529 XIV·
438 3463 473 3526 Si
499 3466 577 3529 verb
602 3487 662 3550 pro
694 3466 745 3528 his
777 3465 964 3536 mortalibus
996 3465 1186 3527 criminibus
1220 3467 1361 3532 latenter

225 3544 402 3615 commissis
418 3546 537 3637 aliquis
552 3550 666 3633 sponte
681 3550 721 3609 ad
737 3549 944 3620 ¹Sucerdotem
959 3549 1155 3631 confugerit,
1177 3557 1210 3609 et
1230 3548 1360 3616 conses-

224 3625 316 3688 sione
334 3627 407 3688 dats
425 3651 520 3713 agere
537 3632 773 3715 poenitentium
794 3633 947 3712 uoluerit,
964 3631 1184 3694 testimonium
1201 3629 1360 3692 Sacerdo-

224 3707 265 3770 tis
280 3710 320 3772 de
338 3719 442 3780 morte
465 3724 609 3776 excuset

471 3831 521 3892 De
536 3832 629 3894 rebus
653 3845 684 3893 et
698 3833 864 3918 mancipiis
882 3831 1106 3893 Ecclesiamm.

306 3935 379 3998 XV.
428 3937 478 4002 De
511 3937 690 4002 minoribus
719 3933 869 4023 capitulis
903 3950 1140 4002 consenserunt
1166 3959 1288 4014 omnes,
1321 3935 1362 3996 nd

223 4036 485 4100 unamquemque
506 4020 702 4100 Ecclesiam,
720 4032 846 4086 curtem
866 4031 898 4084 et
916 4022 998 4084 duos
1012 4045 1138 4086 mansos
1162 4032 1280 4098 terrae,
1303 4041 1363 4101 pu-

224 4100 399 4186 gensesud
413 4101 593 4169 Ecclesiam
610 4106 816 4174 recurrentes
843 4105 1041 4183 condonent,
1064 4116 1097 4175 et
1121 4107 1208 4166 inter
1231 4111 1363 4164 centum

224 4181 342 4263 viginti
360 4182 508 4248 homines
526 4186 651 4250 nobiles
668 4197 699 4251 et
716 4189 888 4272 ingenuos,
903 4187 1053 4256 similiter
1068 4199 1100 4258 et
1121 4189 1209 4267 Iitos,
1234 4206 1363 4250 servum

225 4272 259 4332 ci
275 4263 429 4336 ancillam
447 4267 554 4338 eidem
571 4269 739 4352 Ecclesiae
753 4271 908 4339 tribuent.
