2952 4988
180 307 255 384 260
417 327 453 384 a
473 325 560 384 cua.
663 325 920 387 carunculam
1005 329 1085 436 ’ara

261 467 386 534 XXIII.
427 465 595 552 Quicquid
624 465 805 548 involavit,
836 489 953 533 novem
983 467 1094 554 geldos
1123 489 1326 556 componere

179 553 296 632 faciat,
318 559 352 614 et
375 551 414 614 de
441 571 641 634 unoquoque
658 551 880 616 latrocinium
902 553 1066 616 dominico
1082 552 1175 615 fredo
1197 557 1323 619 solidos

204 645 329 700 uatuor.

179 659 202 722 q
259 717 379 780 XXIV.
420 717 468 778 De
488 715 648 799 quicquid
663 717 696 777 in
713 739 783 780 casa
798 719 973 798 furaverit,
995 719 1029 780 in
1050 716 1182 780 wirdira
1197 719 1323 783 solidos

176 810 311 886 septem.
352 803 401 862 De
428 799 616 876 amulone,
639 799 672 859 in
697 801 827 862 wirdira
853 803 973 864 solidos
998 810 1131 884 septem.
1172 805 1222 863 De
1246 827 1323 886 spa·

177 885 253 948 dato
272 883 415 960 caballo,
438 881 558 944 solidos
573 892 706 964 septem.
747 885 796 944 De
814 905 926 962 servo,
948 884 1068 946 solidos
1094 893 1227 967 septem.
1268 889 1322 947 De

177 975 286 1066 spata,
308 976 440 1050 septem.
481 967 530 1026 De
558 965 722 1042 iumento,
755 966 875 1028 solidos
891 976 1040 1050 quatuor.
1081 968 1130 1028 De
1146 967 1248 1044 bove,
1271 990 1323 1028 so·

178 1049 263 1114 lidos
277 1049 367 1112 duos.
409 1051 457 1110 Dc
472 1070 583 1124 vacca,
606 1049 726 1110 solidos
742 1049 832 1110 dnos.
873 1052 923 1112 De
941 1049 1052 1146 porcis
1070 1059 1103 1110 et
1118 1050 1323 1128 vervecibus,

179 1143 212 1196 et
229 1131 421 1195 animalibus
438 1131 609 1196 iuvenibus
627 1139 659 1193 et
676 1131 716 1194 de
730 1132 852 1216 capris,
874 1141 1006 1196 ternam
1022 1140 1147 1216 purtem
1162 1133 1324 1216 quantiam

177 1217 265 1280 valet
281 1217 315 1276 in
336 1213 476 1276 wicdira.

262 1299 364 1362 XXV.
407 1298 575 1382 Quicquid
592 1299 624 1358 in
641 1318 748 1360 amore
764 1297 797 1358 in
814 1297 951 1360 alterum
965 1298 1106 1360 furatum
1121 1297 1261 1370 babent,
1286 1297 1323 1358 iu

179 1381 262 1444 dnos
287 1380 398 1464 geldos
423 1403 616 1463 componere
637 1381 750 1458 faciat,
772 1379 805 1442 iu
826 1382 957 1444 wirdira
977 1379 1014 1454 d)
1034 1381 1146 1442 uncias
1167 1379 1262 1455 duas,
1286 1381 1323 1440 iu

179 1465 274 1528 fredo
290 1463 410 1546 solidos
426 1475 574 1546 quatuor.
616 1465 659 1524 Et
675 1463 833 1547 quicquid
850 1465 884 1525 in
901 1463 1032 1526 mashau
1051 1463 1223 1536 furaverit,
1240 1461 1326 1524 duos

179 1547 291 1632 geldos
308 1567 501 1628 componere
518 1546 633 1624 faciat,
657 1546 690 1606 in
709 1547 840 1608 wirdira
858 1548 970 1610 uncias
986 1546 1084 1624 duas,
1101 1545 1134 1605 in
1150 1544 1245 1606 fredo
1260 1545 1325 1606 do-

178 1629 300 1692 minico
323 1629 442 1692 solidos
458 1641 606 1712 quatuor.

261 1712 379 1776 XXVI.
421 1712 587 1796 Quicquid
620 1710 653 1770 in
681 1733 787 1772 amore
812 1711 986 1774 Fresioues
1015 1709 1134 1772 iniuste
1162 1710 1324 1789 tulerint,

178 1817 239 1882 per
257 1795 346 1857 aliud
365 1797 490 1856 tantiam
508 1815 703 1874 componere
725 1795 839 1872 iaciat,
863 1794 897 1854 iu
920 1794 1013 1856 fredo
1031 1793 1151 1855 solidos
1169 1803 1324 1874 quatuor.

262 1877 397 1940 XXVII.
439 1877 608 1960 Quicquid
632 1877 673 1938 ad
696 1879 839 1940 Saxones
866 1887 980 1939 eontra
1003 1885 1128 1937 rectum
1157 1877 1324 1955 tulerint,

181 1961 335 2024 eumalio
356 1962 483 2022 tantiam
503 1984 577 2026 eum
599 1960 772 2022 emendare
790 1960 904 2039 faciat,
926 1959 960 2020 in
981 1958 1075 2021 fredo
1095 1958 1216 2020 solidos
1238 1981 1326 2042 qua-

180 2053 266 2107 tuor.
447 2063 450 2070 ·

265 2128 417 2190 XXVIII.
461 2125 584 2207 Siquis
603 2125 687 2188 infra
707 2147 825 2208 pagum
843 2124 1002 2186 latronem
1015 2123 1323 2207 comprehenderit,

182 2220 216 2274 et
234 2220 308 2272 ante
322 2210 417 2271 illum
433 2209 591 2270 Comitem
606 2231 680 2268 curn
696 2229 760 2268 non
777 2209 950 2270 adduxerit
963 2215 1019 2268 aut
1034 2215 1108 2269 ante
1125 2228 1219 2268 suum
1235 2207 1324 2267 Cen-

180 2293 359 2364 tenarium,
382 2293 503 2355 solidos
523 2291 689 2372 sexaginta
710 2311 906 2373 componere
923 2291 1029 2353 faciat.

263 2377 381 2438 XXIX.
423 2376 458 2436 si
480 2375 553 2458 quis
574 2375 733 2436 latronem
754 2373 875 2434 viderit
891 2397 966 2438 cum
982 2376 1070 2434 furto
1089 2372 1322 2446 ambulantem,

181 2470 215 2524 et
238 2459 405 2542 cognitum
435 2480 501 2520 non
521 2458 653 2535 feeerit,
682 2457 717 2517 iu
741 2455 834 2517 fredo
857 2456 1020 2520 dominico
1041 2455 1162 2518 solidos
1180 2464 1328 2538 quatuor

184 2563 380 2626 componere
401 2542 508 2602 faciat.
760 2537 764 2546 ⁴

218 2663 222 2680 .
265 2625 364 2687 XXX.
406 2625 438 2685 Si
462 2623 535 2705 quis
559 2623 593 2684 in
616 2622 743 2684 Sanctis
762 2620 921 2704 Reliquiis
942 2642 976 2682 se
993 2619 1228 2703 periuraverit,
1253 2640 1324 2678 ma-

181 2732 262 2772 num
280 2729 369 2769 suam
383 2708 520 2789 perdat,
544 2716 600 2768 aut
615 2728 686 2767 eam
704 2705 841 2766 redimat
856 2705 969 2786 quartat
989 2713 1079 2786 parte
1099 2703 1139 2764 de
1153 2723 1211 2762 sua
1224 2701 1324 2763 leode

184 2793 221 2855 iu
245 2790 419 2854 dominico.

266 2871 387 2936 XXXI.
430 2871 597 2954 Quicquid
613 2882 725 2934 contra
738 2879 864 2954 rectum
879 2867 1012 2946 feccrit,
1030 2889 1103 2930 cum
1116 2865 1229 2929 solidis
1247 2888 1332 2950 qua-

181 2967 261 3022 tuor
274 2957 308 3016 in
328 2955 422 3016 fredo
444 2955 607 3016 dominico
624 2975 818 3036 componere
833 2951 938 3012 saciat.

266 3039 402 3102 XXXII.
445 3037 565 3120 Siquis
581 3061 655 3100 cum
667 3037 762 3098 arinis
777 3036 929 3096 bannitus
944 3033 1061 3110 fuerit,
1075 3043 1107 3094 et
1119 3053 1184 3092 non
1194 3031 1327 3092 venerit

184 3123 251 3202 ibi,
271 3121 391 3184 solidos
407 3125 548 3202 quatuor
563 3121 597 3180 in
613 3121 707 3180 fredo
726 3117 888 3180 dominico
902 3137 1096 3199 componere
1115 3115 1221 3176 faciat.

268 3203 432 3266 XXXIII.
476 3204 602 3286 Siquis
624 3224 697 3264 cum
711 3201 836 3262 caballo
859 3199 1014 3274 bannitus
1034 3199 1152 3276 fuerit,
1176 3196 1327 3258 infredo

185 3287 354 3354 dominico
374 3285 494 3348 solidos
519 3295 659 3368 quatuor
675 3303 870 3368 componere
891 3282 998 3342 faciat.

267 3367 428 3433 XXXIV.
472 3371 506 3432 Si
531 3369 604 3451 quis
625 3377 757 3430 wactam
777 3373 832 3426 aut
851 3365 991 3426 wardam
1012 3359 1170 3424 dimise-rit
1196 3361 1332 3443 quando

183 3455 243 3516 ille
262 3455 378 3516 Comes
402 3451 432 3512 ei
458 3451 626 3535 cognitum
654 3450 789 3527 fecerit,
817 3447 852 3507 iu
878 3447 975 3508 fredo
1004 3444 1169 3506 dominico
1207 3444 1332 3506 solidos

128 3563 130 3568 ’
185 3547 326 3621 quatuor
339 3556 534 3617 componere
549 3533 655 3595 faciat.
702 3609 706 3615 ἱ

267 3617 411 3682 XXXV.
454 3618 488 3678 Si
512 3617 585 3700 quis
612 3615 751 3678 sclusam
779 3613 939 3676 dimiserit
960 3610 1091 3694 quando
1112 3633 1189 3672 suus
1213 3610 1330 3670 Comes

186 3703 218 3766 ei
238 3701 440 3765 commendat
453 3701 580 3775 facere,
603 3697 750 3760 infredo
771 3697 892 3759 solidos
913 3703 1052 3777 quatuor
1075 3713 1271 3777 componere
1286 3691 1332 3750 fa·
1376 3761 1379 3768 γ

185 3787 260 3849 ciat.
302 3784 441 3863 Quando
464 3783 610 3864 rumpit,
641 3791 674 3842 et
701 3803 772 3857 eam
805 3779 976 3841 emendare
1009 3775 1176 3855 noluerit,
1210 3773 1332 3836 solidos

187 3877 328 3952 quatuor
345 3866 379 3926 in
405 3865 569 3927 dominico
591 3883 787 3947 componere
809 3863 915 3923 faciat.

268 3947 431 4012 XXXVI.
473 3947 632 4028 Quisquis
655 3947 745 4006 audit
767 3966 861 4026 arma,
877 3945 1035 4019 clamare,
1058 3948 1091 4002 et
1118 3937 1163 3998 ibi
1183 3958 1249 3997 non
1275 3960 1336 4000 ue-

189 4032 291 4111 nerit,
315 4032 462 4093 infredo
482 4031 646 4105 domiuiao
668 4029 787 4092 solidos
806 4037 947 4112 quatuor
969 4042 1164 4109 componere
1184 4019 1292 4085 faciat.
1317 4061 1320 4064 ·

212 4165 446 4179 m

225 4275 266 4342 d)
284 4277 317 4328 al.
334 4294 382 4331 ms.
418 4275 556 4331 mardeau.
