2958 4986
200 287 271 362 136
406 307 469 366 ·n.
489 305 577 366 can.
678 299 936 363 carnumrra
1037 309 1098 366 eon

278 445 443 512 XXXlll.
478 451 560 510 Post
581 447 639 510 ista
668 449 777 518 omnia
805 435 969 532 segregata
992 458 1025 511 et
1053 443 1212 512 seminlita
1238 458 1343 532 atque

195 543 326 624 peracta
342 531 501 614 quicquid
522 531 687 612 reliquum
707 532 809 594 luerit
821 533 940 594 exinde
958 533 998 594 de
1016 533 1105 592 omni
1122 534 1344 595 conlaboratu

195 639 298 699 usque
321 615 515 677 adverbum
536 624 681 676 nostrum
697 615 860 692 salvetur,
881 615 1042 696 quatends
1061 617 1244 682 secuudum
1266 618 1343 686 ius·

194 700 319 762 sionem
337 709 489 777 nostram,
514 707 569 758 aut
585 699 795 760 venundetur
812 708 867 758 aut
882 706 1076 761 reservetur.

277 779 440 845 XXXIV.
475 781 620 842 Omnino
636 781 894 864 praevidendum
915 792 963 844 est
982 803 1057 842 cnm
1080 781 1341 864 omni-diligen·-

194 867 237 928 tia
260 875 296 926 ut
313 865 473 948 quicquid
486 863 634 924 manibus
651 863 880 943 laboraverint,
903 875 958 926 aut
971 864 1121 940 feceriut,
1146 865 1180 926 id
1203 875 1251 926 est
1271 867 1342 926 lar-

193 951 288 1026 dum,
311 949 490 1026 siccamen,
511 947 634 1025 sulcia,
657 947 832 1024 niusaltus,
855 949 980 1026 vinnm,
1002 957 1139 1026 acetum,
1160 958 1338 1024 moratum,

192 1035 307 1094 vinum
326 1041 464 1107 coetum,
488 1051 610 1112 garum,
630 1033 762 1112 synape,
784 1031 1000 1108 formaticum,
1021 1029 1175 1108 butirum,
1192 1031 1337 1106 bruniae,

193 1116 353 1192 cervisas,
380 1115 528 1190 medum,
551 1113 633 1190 mel,
655 1134 780 1192 ceram,
800 1115 956 1194 farinam,
979 1113 1087 1176 omnia
1110 1134 1339 1176 oumsummu

193 1201 298 1270 nitore
315 1200 382 1260 sint
397 1200 480 1258 facta
501 1196 554 1256 vel
574 1205 692 1278 parata.

274 1279 418 1345 XXXV.
454 1281 613 1344 Volumus
638 1287 674 1338 ut
691 1277 730 1340 de
756 1278 943 1340 berbicibus
960 1280 1072 1344 crassis
1092 1281 1199 1343 soccia
1216 1281 1271 1340 fiat
1289 1279 1337 1342 si-

193 1375 250 1426 cut
264 1376 297 1426 et
313 1365 352 1426 de
371 1363 497 1447 porcis,
525 1372 558 1424 et
582 1362 715 1444 insuper
733 1361 872 1424 habeant
893 1363 993 1426 boves
1013 1364 1174 1443 saginatos
1194 1365 1229 1424 in
1247 1385 1336 1424 unas

191 1469 321 1531 spiratque
343 1458 378 1522 n)
402 1447 482 1508 villa
505 1467 571 1506 non
589 1446 696 1530 minus
714 1445 810 1527 quam
836 1445 935 1525 duos,
965 1456 1020 1508 ant
1043 1447 1165 1509 ibidem
1191 1448 1232 1509 ad
1257 1467 1335 1508 soc·-

192 1532 345 1600 ciandum
363 1541 419 1592 ant
442 1529 483 1590 ad
497 1550 554 1590 nos
575 1528 811 1591 deducendum.

274 1615 415 1677 XXXVI
458 1616 500 1674 Ut
520 1609 620 1674 silvae
636 1613 687 1676 vel
705 1613 840 1674 forestes
857 1621 985 1674 nostrae
999 1614 1084 1675 bene
1099 1614 1165 1676 sint
1177 1613 1333 1682 ¹custodi--

191 1708 260 1775 tae,
296 1707 328 1758 et
353 1697 407 1758 nbi
430 1699 520 1758 locus
544 1695 644 1756 fuerit
661 1695 701 1756 ad
725 1695 945 1780 stirpandum,
974 1697 1109 1780 stirpare
1128 1697 1267 1774 faciant,
1296 1705 1333 1758 et

191 1803 320 1866 campos
345 1783 384 1847 de
406 1781 487 1842 silva
501 1780 684 1840 increscere
704 1799 769 1838 uon
785 1779 989 1862 permittant,
1020 1789 1053 1842 et
1076 1781 1132 1842 ubi
1155 1781 1256 1844 silvae
1275 1779 1335 1840 dea

189 1868 269 1928 bent
293 1885 442 1926 essenon
469 1885 521 1924 eas
543 1862 733 1944 permittant
748 1861 844 1922 nimis
861 1862 1142 1946 capulare,'atque
1164 1863 1330 1938 damnare,

190 1961 222 2012 et
243 1948 401 2020 feramina
418 1955 525 2007 nostra
546 1946 630 2005 intra
648 1947 783 2006 forestes
800 1945 884 2005 bene
901 1946 1094 2023 custodiant,
1115 1946 1265 2006 similiter
1279 1965 1332 2004 ac-

189 2042 338 2122 ceptores
357 2040 389 2090 et
413 2029 594 2112 spervarios
613 2028 654 2089 ad
674 2038 819 2090 nostrum
838 2029 1018 2108 profectum
1032 2029 1263 2112 praevideant,
1295 2039 1330 2087 et

189 2111 285 2177 censa
311 2123 420 2174 nostra
441 2110 560 2172 exinde
584 2111 760 2194 diligenter
779 2120 949 2188 exactent,
973 2122 1005 2172 et
1022 2113 1147 2174 iudices
1165 2113 1193 2172 si
1215 2132 1330 2172 eorum

187 2219 303 2280 porcos
320 2198 359 2257 ad
377 2195 589 2278 saginandum
609 2195 643 2252 in
660 2194 774 2256 silvam
790 2204 930 2254 nostram
947 2195 1106 2273 miserint,
1121 2195 1174 2256 vel
1190 2195 1328 2254 maiores

189 2277 303 2357 iiostri,
325 2288 381 2340 ant
394 2277 542 2338 homines
564 2299 687 2354 eornm,
711 2278 771 2360 ipsi
792 2277 886 2359 primi
905 2277 994 2338 illam
1017 2278 1174 2340 decimam
1192 2279 1326 2354 donent,

188 2363 228 2422 nd
249 2364 437 2444 exemplum
458 2361 581 2422 bonum
600 2360 855 2442 proferendum,
879 2361 1021 2442 qualiter
1044 2361 1325 2444 inpostmodum,

187 2447 306 2518 ¹caetori
321 2447 474 2526 ¹homines
496 2444 628 2503 illorum
649 2443 807 2508 decimam
825 2444 967 2525 pleniter
986 2445 1182 2526 persolvent.

267 2527 434 2590 XXXVII.
468 2529 510 2587 Ut
526 2549 654 2608 campos
675 2536 707 2587 et
727 2526 869 2588 culturas
889 2537 1012 2589 nostras
1026 2528 1111 2598 bene
1129 2535 1326 2610 conponant,

186 2621 218 2674 ct
236 2621 326 2694 prata
353 2621 460 2670 nostra
480 2610 520 2669 ad
541 2621 668 2692 tempus
687 2610 878 2670 custodiant¹

245 2697 252 2719 ²
270 2694 451 2755 XXXVIII.
485 2695 527 2754 Ut
547 2715 642 2754 aucas
656 2703 778 2776 pastas,
804 2702 837 2753 et
859 2693 967 2773 pullos
982 2703 1087 2776 pastos
1108 2694 1148 2755 ad
1170 2715 1329 2777 opusne·

185 2789 287 2848 ¹strum
307 2798 434 2858 semper
454 2777 585 2859 quando
607 2776 730 2840 servire
750 2776 881 2853 debent,
904 2777 1016 2836 autad
1037 2799 1095 2838 nos
1111 2776 1329 2837 transmittere

188 2863 387 2922 sufficienter
406 2859 556 2920 habeant.

267 2943 429 3007 XXXlX.
464 2943 626 3004 Volumus
654 2952 690 3002 ut
712 2941 820 3023 pullos
840 2950 872 3002 et
901 2962 960 3002 ova
975 2964 1056 3024 quos
1071 2943 1250 3006 servientes
1273 2943 1329 3002 vel

184 3027 361 3090 mansuarii
387 3027 529 3088 reddunt
553 3047 613 3106 per
634 3025 778 3108 singulos
797 3047 916 3101 annos,
942 3027 1087 3109 recipere
1115 3026 1271 3103 debeant,
1296 3034 1330 3085 et

183 3113 315 3194 quando
333 3131 397 3170 ιιοιι
416 3107 602 3183 servierint,
626 3108 710 3190 ipsos
726 3107 915 3168 venundare
937 3108 1067 3169 faciant.

266 3195 332 3253 XL.
368 3195 410 3252 Ut
430 3191 657 3272 unnsquisque
683 3190 781 3250 iudex
804 3211 864 3271 per
889 3189 984 3252 villas
1004 3201 1127 3253 nostras
1146 3191 1329 3272 singulares

182 3277 317 3354 etlehas,
341 3296 496 3357 pavones,
519 3273 670 3350 fasianos,
689 3282 799 3334 enetas
815 3281 863 3348 v),
886 3274 1062 3350 columbas,
1080 3274 1239 3356 perdices,
1257 3283 1330 3334 tur-.

180 3353 282 3430 tures,
305 3380 365 3438 pro
387 3357 554 3440 dignitatis
578 3377 673 3418 causa
695 3355 887 3416 omnimodis
907 3378 1035 3440 semper
1053 3356 1202 3418 habeant.

188 3468 189 3478 ι
265 3443 347 3504 XLI.
383 3443 424 3500 Ut
443 3439 588 3502 aedificia
611 3440 822 3500 intracurtes
843 3448 987 3519 nostras,
1013 3441 1067 3504 vel
1089 3461 1181 3522 sepes
1207 3439 1242 3500 in
1260 3439 1329 3500 οἰτ-ι

181 3527 271 3596 enitn
288 3527 372 3584 bene
394 3524 459 3582 sint
475 3522 665 3598 custoditae,
688 3532 719 3583 et
742 3521 878 3600 stabula,
901 3525 955 3584 vel
976 3523 1151 3605 coquinae,
1165 3531 1262 3603 atque
1275 3524 1329 3603 pia

179 3611 292 3686 striae,
311 3628 369 3668 seu
385 3607 572 3682 torcularia,
589 3605 729 3666 studiose
747 3607 1061 3688 praeparatae'fiant,
1077 3616 1249 3690 qnatenus,
1268 3607 1330 3668 ibi-

179 3694 254 3760 dem
281 3689 443 3771 condigne
465 3688 695 3751 ministeriales
722 3687 825 3748 nostri
851 3688 955 3748 officia
978 3689 1195 3750 eorumbene
1223 3689 1327 3749 nitide

177 3797 334 3864 peragere
354 3772 488 3853 possint.
1108 3783 1122 3796 ¹

264 3849 372 3918 XLll.
409 3859 450 3916 Ut
469 3875 685 3936 unaquaeque
705 3853 784 3915 villa
807 3853 892 3914 intra
914 3875 1081 3931 cameram,
1098 3853 1241 3930 leoteria,
1260 3854 1329 3913 cul-.
1439 3865 1440 3902 ἓ

177 3941 269 4018 citas,
291 3939 476 4022 plumatios,
492 3937 655 4011 batlinias,
675 3937 823 4020 drappos
853 3931 1030 4015 addiscam,
1052 3937 1223 4013 bancales,
1253 3958 1326 3998 vasa

178 4046 285 4101 aerea,
301 4019 468 4106 plumbea,
495 4023 612 4097 semea,
641 4019 760 4103 lignea,
786 4019 944 4099 andedos,
956 4030 1095 4100 catenas,
1116 4018 1323 4103 cramaculos,

184 4202 413 4225 evm—-

211 4287 242 4344 nt
263 4298 307 4337 ins.
329 4295 520 4356 iiiiaqrmcpua.
626 4324 629 4329 ,
803 4281 836 4344 a)
857 4297 893 4331 ms
921 4296 1018 4332 enecas
