2958 4986
177 249 227 326 94
414 265 451 328 a,
468 261 559 326 can.
664 261 922 326 castrensem
1022 267 1085 331 asc.

176 405 362 477 trocinnndi
382 427 448 468 non
467 405 557 474 finnt
596 405 639 470 Et
664 407 853 492 ubicunque
870 407 1003 472 inventu
1023 407 1166 490 inerint,
1188 408 1207 473 d
1226 409 1324 476 iudi-

177 493 269 557 cibus
285 490 403 554 nostris
425 489 605 553 secundum
619 491 727 574 legem
739 513 779 554 ex
800 499 910 554 nostro
928 490 1079 554 mandato
1093 491 1323 560 vindicentur.

175 577 219 642 Et
232 596 300 638 non
319 572 493 636 occidutur
510 571 621 652 hemo,
645 573 709 636 nisi
725 574 799 657 lege
818 573 962 636 iubente.

278 689 330 753 De
340 687 446 772 furtis
459 700 491 752 et
505 689 631 750 iniustis
648 689 826 763 connubiis,
846 699 878 750 et
888 687 991 774 salsis
1016 689 1213 754 testimoniis.
1301 751 1304 758 ,

624 791 658 856 O
666 811 698 856 m
708 811 755 858 ιιι
769 813 792 858 s
805 813 830 857 u
841 813 870 860 s.

259 901 375 968 LXVI.
418 901 499 964 Item
522 909 555 964 et
568 900 655 962 furtu
676 910 711 963 et
731 899 852 966 iniusta
865 901 1040 984 conuulsis,
1057 923 1187 966 necnon
1203 912 1236 967 et
1256 904 1324 967 lul·

176 1011 211 1053 sa
232 984 429 1062 testimonis,
449 984 534 1046 sicut
552 1004 604 1046 sne
630 1004 648 1045 e
667 983 863 1068 rogavirnne,
882 983 1053 1071 prohibete
1070 987 1257 1071 diligenter,
1274 988 1321 1053 si-

176 1081 234 1136 eut
255 1080 288 1134 et
304 1069 358 1132 lex
379 1065 515 1132 Domini
542 1087 602 1152 pro
629 1065 704 1128 'het

551 1173 601 1236 Dc
631 1175 752 1238 honore
770 1188 947 1262 pometum.

618 1279 875 1348 (lustinus.

260 1385 391 1452 LXVII.
432 1386 476 1448 Et
489 1385 553 1449 hoc
572 1407 647 1449 cum
665 1407 782 1470 magno
800 1388 909 1452 studio
936 1386 1178 1452 admonendum
1193 1393 1252 1466 est,
1278 1395 1319 1450 nt

176 1465 239 1536 lilii
256 1469 422 1532 honorent
436 1479 589 1554 parentes
610 1491 703 1541 suos;
725 1469 803 1552 quia
822 1470 890 1554 ipse
905 1471 1065 1535 Dominus
1080 1471 1176 1534 dicits
1197 1468 1318 1532 Hono·

176 1575 216 1618 ra
228 1567 352 1641 putrem
369 1565 458 1614 tuum
476 1565 507 1613 et
523 1565 656 1614 matrem
670 1565 771 1626 tuum,
782 1565 816 1613 ut
834 1555 877 1615 sis
895 1555 1066 1637 longaevus
1081 1573 1178 1638 super
1195 1564 1316 1616 terram

176 1658 272 1720 quam
293 1635 452 1698 Dominus
473 1636 560 1696 Deus
578 1645 650 1696 tuus
667 1633 758 1696 dubit
775 1635 844 1697 tibi.
1212 1659 1215 1662 ·

303 1726 445 1836 De'fide
459 1750 724 1830 Presbyterorum
736 1749 777 1814 ab
791 1748 961 1836 Epitrepis
980 1744 1192 1816 discutienda,

480 1853 1009 1924 Sacranorrsus

260 1964 408 2030 valu.
449 1965 493 2026 tu
507 1961 659 2048 Episcopi
685 1961 861 2047 diligenter
882 1961 1058 2026 discutiunt
1075 1985 1137 2050 per
1157 1986 1231 2030 snas
1261 1985 1316 2048 pa-

143 2115 148 2140 ,
177 2049 305 2115 rochies
320 2047 541 2132 Presbyteros,
553 2068 669 2110 eorum
694 2045 801 2124 Iidem,
814 2046 980 2130 baptisma,
996 2057 1028 2110 et
1039 2049 1210 2110 Missurum
1230 2049 1316 2112 cele·

178 2133 354 2210 bratioues,
368 2141 405 2192 nt
422 2131 521 2193 adem
534 2139 657 2194 rectam
675 2137 819 2208 teneant,
833 2139 865 2190 et
877 2129 1032 2214 baptisma
1049 2131 1246 2194 catholicum
1260 2131 1315 2193 oh-

175 2224 319 2294 servent,
340 2223 374 2276 et
391 2214 561 2276 Missurum
574 2231 687 2296 preces
703 2211 788 2274 bene
806 2211 1001 2296 intelligant,
1017 2223 1050 2276 et
1064 2222 1101 2276 nt
1113 2215 1227 2298 psalmi
1248 2215 1315 2296 dig·

177 2301 219 2361 ιιὸ
240 2297 420 2360 secundum
439 2295 615 2358 divisiones
632 2316 783 2356 versuum
803 2295 1025 2372 modulentur,
1058 2307 1091 2360 et
1119 2296 1314 2360 dominicam

177 2381 357 2444 orationem
374 2379 436 2462 ipsi
449 2379 636 2462 intelligant
648 2387 680 2438 et
692 2377 842 2439 omnibus
853 2377 1044 2460 praedicent
1055 2379 1312 2462 intelligendam,

178 2474 214 2526 ut
230 2463 369 2546 quisque
385 2461 465 2524 scint
477 2460 558 2543 quid
571 2469 661 2544 petat
674 2459 692 2520 l
707 2461 792 2520 Deo:
816 2469 848 2522 et
863 2470 898 2522 ut
914 2461 1030 2522 Gloria
1043 2463 1136 2524 Patri
1148 2483 1223 2524 cum
1243 2484 1312 2524 om·

178 2547 213 2608 ni
229 2546 354 2606 honore
373 2544 459 2626 apud
476 2565 587 2606 omnes
607 2551 771 2616 cantetur3
794 2551 827 2606 et
842 2543 908 2626 ipse
922 2543 1079 2608 Sacerdos
1100 2565 1175 2606 cum
1196 2545 1314 2608 sanctis

178 2629 303 2714 angelis
318 2636 350 2688 et
367 2627 490 2710 populo
507 2625 570 2688 Dei
586 2625 751 2688 communi
776 2647 856 2689 voce
883 2625 1032 2698 Sanctus,
1059 2626 1208 2700 Sanctus,
1235 2628 1316 2690 Sust-

178 2725 246 2774 ctus
281 2711 440 2772 decantet.
487 2709 530 2770 Et
559 2708 750 2773 omnimodis
779 2709 953 2772 dicendum
983 2717 1031 2772 est
1052 2710 1254 2794 Presbyteris
1281 2719 1315 2770 et

177 2793 377 2858 Diaconihus
394 2799 432 2853 ut
452 2812 540 2852 arma
560 2813 626 2853 non
647 2800 789 2874 portent,
805 2791 863 2854 sed
885 2791 985 2876 magis
1004 2791 1171 2858 confident
1195 2793 1231 2856 in
1255 2792 1315 2858 de·

177 2877 328 2960 fensione
344 2873 407 2940 Dei
429 2874 527 2960 quim
552 2873 587 2936 in
612 2874 717 2936 armis.

451 2989 453 3000 ’
503 2989 553 3078 De
569 2989 689 3052 honore
710 2987 872 3052 Ecclesiae
895 2986 968 3050 Dei.

376 3095 619 3170 ansonis
661 3094 1114 3160 Slcsuuorrsus.

467 3176 709 3252 Antonin
762 3196 1006 3240 cusanus.

241 3283 354 3348 LXIX.
396 3285 477 3346 Item
489 3283 613 3369 placuit
638 3281 731 3345 nobis
751 3283 925 3346 admonere
945 3283 1165 3348 reverentiam
1177 3295 1316 3349 vestram
1339 3295 1341 3300 ’

181 3378 219 3430 ut
235 3365 462 3449 unusquisque
486 3375 630 3430 vestrum
649 3366 758 3427 videat
781 3388 840 3450 per
864 3389 954 3428 suam
976 3367 1162 3450 parochiam
1188 3379 1225 3430 ut
1250 3369 1316 3434 Ec-.

181 3453 279 3514 clesia
295 3449 358 3512 Dei
372 3471 468 3511 suum
487 3450 603 3512 habeat
628 3447 798 3528 honorem,
821 3449 917 3511 simul
949 3459 981 3512 et
1007 3451 1317 3514 altariasecundism
1349 3525 1351 3528 ¹
1438 3441 1451 3492 *3

180 3557 271 3597 suam
284 3533 475 3616 dignitatem
489 3541 702 3610 venerentur,
719 3540 751 3592 et
772 3551 838 3593 non
857 3533 898 3594 sit
915 3533 1029 3594 domus
1052 3533 1115 3596 Dei
1144 3543 1178 3594 et
1203 3535 1317 3596 altaria

181 3625 301 3682 sacrata
316 3615 428 3700 pervia
442 3615 588 3694 canibus,
608 3624 643 3676 et
661 3623 698 3684 ut
711 3635 786 3676 vasa
813 3624 933 3676 sacrata
953 3617 1024 3677 Deo
1041 3637 1116 3678 cum
1131 3637 1247 3701 magna
1260 3637 1317 3680 ve·

183 3701 350 3763 neratione
372 3697 565 3775 habeantur,
583 3705 618 3758 et
636 3705 672 3758 ut
693 3697 849 3758 sacrificia
872 3697 1067 3762 sanctificata
1097 3721 1173 3760 cum
1200 3706 1316 3782 magna

182 3782 351 3866 diligentia
367 3781 407 3842 ah
426 3779 472 3844 eis
493 3780 690 3862 colligantur
711 3779 769 3861 qui
794 3779 884 3861 digni
906 3789 992 3859 sunt,
1015 3783 1069 3846 vel
1093 3803 1168 3843 cum
1190 3782 1315 3844 honore

181 3875 365 3942 serventur,
382 3873 414 3925 et
429 3873 467 3925 ut
484 3861 642 3926 secularia
663 3861 792 3944 negotia
817 3863 871 3924 vel
892 3863 1080 3948 vaniloquia
1100 3865 1135 3927 in
1158 3864 1315 3928 Ecclesiis

182 3971 248 4012 non
267 3957 414 4032 agentur,
433 3945 509 4030 quia
527 3947 641 4008 domus
654 3945 717 4006 Dei
738 3945 851 4006 domus
870 3945 1025 4010 orationis
1045 3947 1141 4010 debet
1156 3969 1236 4026 esse,
1249 3967 1314 4009 non

110 4075 111 4082 ι
181 4031 338 4115 spelunca
353 4031 531 4105 latronnm;
555 4037 587 4090 et
603 4035 640 4090 ut
663 4025 805 4088 intentos
825 4027 966 4090 habeant
987 4030 1112 4093 animos
1135 4031 1177 4092 ad
1208 4032 1315 4092 Deum

183 4113 315 4196 quando
336 4111 475 4174 veniunt
490 4112 530 4172 ad
547 4109 717 4171 Missurum
733 4109 900 4188 solemnia,
920 4119 953 4174 et
975 4122 1011 4176 ut
1029 4135 1096 4182 nun
1121 4122 1240 4177 exeant
1255 4133 1315 4174 en·

183 4207 214 4260 te
231 4193 480 4280 completionem
500 4191 738 4258 benedictionis
752 4192 969 4262 sacerdotalis.
1023 4215 1025 4222 ‘
1147 4195 1157 4216 ⁶
