2958 4986
308 347 342 402 e.
363 345 450 404 can.
558 342 696 406 moun
715 327 956 405 rusuconun
1062 347 1125 405 eoo.
1214 325 1284 400 135

24 519 29 554 :
141 497 241 574 alque
259 488 345 554 bene
360 483 515 565 studiosi,
534 496 567 550 et
585 484 688 548 nitide
706 484 816 548 omnia
832 486 898 550 sint
913 485 1100 571 conposita,
1124 486 1286 570 quicquid

22 632 27 639 .
141 573 306 652 dederint,
334 579 368 632 et
387 570 614 654 unusquisque
641 570 731 646 111),
754 569 871 631 habeut
891 571 1081 633 de'annona
1097 580 1203 652 pastos
1228 592 1288 651 per

25 715 28 722 .
141 656 289 752 singulos
308 653 377 716 dics
398 653 438 719 ed
457 673 553 716 suum
572 651 744 716 servitium
764 653 804 714 ad
828 674 972 714 mensam
996 661 1138 716 nostram
1155 653 1287 734 quando

141 739 315 818 servierit,
343 745 376 800 et
401 735 532 818 reliqua
557 737 708 818 dispensa
729 735 879 801 similiter
900 735 934 798 iu
955 736 1106 800 omnibus
1128 734 1214 798 bone
1234 737 1287 814 sit,

142 829 210 882 tam
229 823 348 900 ferina,
369 819 469 906 qnalm
491 829 525 883 et
538 817 717 906 peculium.

226 905 328 970 XXV.
362 906 412 966 De
426 904 573 986 pastione
590 909 698 964 autem
714 897 777 961 kal.
795 899 906 986 septb.
924 901 1071 965 iudicare
1092 900 1231 980 faciant,
1259 901 1286 965 si

144 985 245 1052 fuerit
267 997 418 1048 autnon.
577 1050 580 1054 ,

226 1070 345 1136 XXVI.
378 1067 516 1132 Maiores
534 1089 614 1132 vero
633 1066 771 1149 amplius
790 1067 824 1128 iu
847 1065 1029 1130 ministerio
1049 1090 1114 1131 non
1134 1067 1286 1148 habeant,

144 1153 208 1216 nisi
239 1163 399 1236 quantum
432 1153 467 1214 iu
495 1174 561 1214 rena
593 1149 646 1214 die
678 1150 872 1229 circumire,
906 1160 963 1212 aut
996 1151 1190 1236 praevidere
1226 1171 1287 1238 po·

142 1236 278 1299 tuerint.

226 1318 362 1382 XXVII.
398 1320 497 1382 casae
523 1325 652 1380 nostrae
687 1316 911 1380 indesinenter
936 1315 1009 1378 foca
1039 1325 1071 1377 et
1091 1325 1206 1378 wactas
1233 1315 1289 1376 ha·

143 1401 254 1480 beant,
277 1404 320 1462 ita
341 1411 377 1462 ut
393 1403 500 1466 salvae
523 1402 598 1479 sint,
622 1409 653 1462 et
676 1399 912 1483 quando-missi
930 1399 982 1459 vel
1003 1398 1122 1481 legatio
1146 1400 1186 1460 ad
1203 1400 1290 1482 pala-

144 1488 230 1548 tium
253 1485 390 1548 veniunt
415 1486 469 1548 vel
495 1485 654 1561 redeunt,
685 1485 779 1545 nullo
805 1484 902 1544 modo
927 1481 960 1541 iu
992 1482 1093 1544 curtis
1119 1481 1289 1544 dominicis
1353 1507 1356 1514 ⁴

146 1568 392 1632 mansionaticas
408 1567 589 1651 prendunt,
620 1567 682 1628 nisi
704 1566 888 1649 specialiter
913 1565 1011 1626 iussio
1034 1574 1143 1626 nostra
1161 1575 1217 1626 aut
1234 1587 1290 1627 re-

145 1655 242 1737 ginae
260 1651 371 1729 fuerit,
391 1661 424 1712 et
444 1672 549 1712 eomes
571 1649 611 1711 de
627 1671 686 1710 suo
702 1649 884 1712 ministerio
907 1649 959 1709 vel
986 1647 1135 1710 homines
1163 1648 1214 1710 illi
1231 1647 1289 1730 qui

146 1735 328 1816 antiquitus
350 1733 496 1796 consueti
512 1735 647 1796 fuerunt
666 1734 778 1794 missos
797 1741 852 1792 uut
868 1731 1046 1814 legationes
1065 1725 1209 1808 soniare,
1245 1731 1290 1792 ita

147 1830 180 1881 et
195 1818 290 1878 modo
313 1819 345 1877 in
366 1825 470 1893 antea,
486 1825 519 1878 et
539 1816 785 1898 deprimendis,
804 1825 837 1876 et
853 1813 960 1876 omnia
977 1814 1023 1875 eis
1044 1815 1222 1876 necessaria
1242 1837 1290 1876 so-

147 1903 208 1966 lito
230 1923 319 1961 more
335 1899 461 1974 soniare
483 1899 616 1975 faciant,
637 1899 779 1980 qualiter
794 1897 879 1960 bene
901 1907 935 1959 et
949 1896 1128 1964 honorifice
1147 1898 1189 1960 ad
1204 1898 1290 1981 pula-

147 1985 232 2046 tium
251 1983 379 2059 venire,
404 1982 458 2044 vel
478 1983 586 2044 redire
610 1982 743 2064 possint.

229 2067 380 2128 XXVIII.
415 2066 577 2127 Volumus
599 2073 636 2124 ut
657 2086 717 2148 per
740 2085 842 2126 annes
871 2063 1016 2146 singulos
1039 2063 1124 2124 intra
1147 2063 1291 2146 quadra·

146 2151 268 2235 gesima
290 2147 453 2209 dominica
469 2148 501 2208 in
519 2147 633 2232 palmis
654 2170 737 2230 quae
759 2169 879 2210 osanna
897 2147 1028 2225 dicitur,
1051 2147 1141 2208 iuxta
1162 2145 1290 2206 ordina·

146 2235 271 2296 tionem
292 2231 692 2313 nostram‚ergentu1nde
720 2241 831 2292 nostro
857 2229 1015 2306 laboratu,
1040 2239 1210 2311 postquam
1232 2251 1290 2290 eo·

133 2312 355 2400 'gnoverimus
379 2314 419 2375 de
447 2313 610 2394 praesenti
639 2335 724 2375 anno
751 2323 910 2396 quantum
933 2313 973 2394 sit
1000 2317 1111 2374 ¹nostra
1133 2311 1290 2374 laboratio

148 2401 275 2464 deferre
309 2396 469 2458 studeant.
806 2401 811 2408 '

228 2481 347 2542 XXIX.
380 2481 430 2542 De
451 2479 678 2542 clamatoribus
704 2501 744 2542 ex
765 2479 952 2544 hominihus
977 2478 1092 2540 nostris
1118 2475 1292 2560 unusquis

146 2587 212 2648 que
237 2562 337 2624 iudex
365 2563 575 2646 praevideat,
598 2569 722 2623 utnon
746 2562 788 2624 sit
811 2563 857 2626 eis
880 2584 1011 2626 neeesse
1033 2560 1155 2622 venire'
1169 2561 1209 2622 ad
1231 2583 1291 2624 uos

144 2648 359 2732 proclamare,
381 2655 414 2706 et
430 2645 498 2708 dies
514 2666 596 2726 quos
619 2645 741 2707 servire
759 2646 867 2726 debet,
888 2660 948 2730 pe'r
966 2644 1204 2726 neglegentiam
1221 2665 1289 2710 nou

146 2731 286 2799 dimittat
307 2728 457 2812 perdere,
476 2737 509 2790 et
532 2727 558 2792 si
580 2727 731 2790 hebuerit
747 2751 858 2792 servus
880 2739 990 2792 noster
1016 2729 1197 2789 lorinsecus
1222 2728 1291 2788 ius-

145 2815 233 2876 titias
254 2813 294 2874 ad
313 2811 550 2894 quaerendum,
571 2811 722 2894 magister
741 2812 811 2876 eius
831 2835 905 2875 cum
926 2811 1013 2874 omni
1032 2811 1215 2871 intentione
1237 2809 1292 2870 ‹le-¹

146 2905 251 2958 certet
267 2917 327 2978 pro
343 2894 412 2956 eius
433 2893 566 2971 iustitia,
589 2895 665 2956 etsi
685 2895 797 2977 aliquo
813 2896 885 2957 loco
904 2897 1037 2956 minime
1057 2915 1126 2954 earn
1142 2893 1289 2975 accipere

145 2979 299 3056 valuerit,
320 2987 429 3038 tamen
456 2977 525 3058 ipso
542 2997 636 3038 servo
661 2988 784 3048 nostro,
810 3002 870 3060 pro
892 2979 955 3040 hoc
979 2978 1110 3058 fatigare
1128 2997 1194 3036 non
1213 2996 1290 3058 per-

145 3063 266 3139 mittat,
299 3060 356 3121 sed
379 3059 530 3142 magister
551 3059 621 3120 eius
641 3062 944 3146 persemetipsum,
971 3069 1028 3122 aut
1043 3081 1138 3121 suum
1158 3059 1291 3121 missum

144 3145 210 3208 boc
229 3142 321 3204 nobis
336 3153 450 3204 notum
467 3143 573 3203 facere
596 3143 731 3206 studeat.
788 3143 793 3152 ’

231 3223 356 3290 ΧΧΧ..
375 3225 535 3288 Volumus
559 3225 647 3288 unde
671 3225 793 3288 servire
827 3227 947 3289 debent
975 3225 1014 3284 ad
1038 3246 1117 3308 opus
1144 3233 1291 3286 nostrum

153 3308 304 3374 exomni
327 3307 535 3370 conlaboratu
564 3329 677 3368 eorum
698 3310 866 3370 servitium
888 3329 1056 3392 segregare
1085 3307 1224 3386 saciant,
1258 3317 1291 3368 et

152 3392 242 3456 unde
276 3413 366 3453 carra
397 3391 431 3451 in
455 3389 582 3452 hostem
609 3411 758 3476 earegare
787 3393 907 3454 debent
929 3391 1078 3454 similiter
1109 3400 1292 3472 segregent,

146 3487 217 3622 ltpm
233 3495 292 3557 per
317 3474 428 3536 domos
447 3495 545 3558 quam
568 3483 601 3536 et
621 3495 681 3560 per
701 3485 866 3560 pastores,
896 3484 929 3536 et
952 3474 1056 3536 sciant
1077 3483 1235 3556 quantum
1253 3474 1293 3534 ad

173 3580 211 3620 oc
228 3557 372 3620 mittunt

230 3639 359 3702 XXXI.
393 3643 437 3702 Ut
453 3640 516 3702 hoc
541 3641 631 3723 quod
651 3642 692 3703 ad
715 3640 955 3725 proveridarios
976 3640 1029 3701 vel
1052 3637 1188 3720 genitias
1216 3638 1293 3700 dare

148 3719 282 3799 debent,
304 3722 403 3785 simili
418 3724 514 3785 modo
532 3746 733 3806 unoquoque
748 3747 835 3786 anne
856 3744 1002 3807 separare
1020 3721 1151 3798 faciant,
1172 3731 1205 3782 et
1218 3731 1295 3782 tem-

145 3828 227 3888 pore
247 3815 408 3888 oportuno
428 3805 572 3888 pleniter
591 3809 725 3882 donent,
744 3816 776 3868 et
796 3807 888 3870 nobis
909 3808 1018 3870 dicere
1042 3803 1163 3881 sciant,
1186 3805 1294 3886 quali-

148 3899 201 3950 ter
224 3889 301 3950 inde
320 3889 458 3964 faciunt,
481 3889 538 3950 vel·
555 3891 643 3952 uude
669 3890 747 3952 exit.

169 4025 174 4032 .
232 3970 380 4034 XXXll.
416 3973 459 4032 Ut
477 3973 624 4054 unusqu*
630 3995 710 4054 sque
730 3973 828 4036 iudex
844 3970 1033 4054 praevideat
1056 3969 1221 4051 quomodo
1243 3992 1295 4030 se-

149 4065 293 4201 pebrpem
312 4055 431 4118 bonam
453 4065 486 4138 et
508 4056 601 4142 optin
621 4078 668 4120 em
684 4077 811 4142 semper
827 4051 866 4118 de
891 4063 1068 4138 conparatu
1093 4043 1297 4116 velaliende

161 4163 191 4199 ra
236 4147 278 4202 ul·
471 4149 473 4158 ’

176 4261 385 4276 ψ

189 4320 213 4378 t)
232 4313 312 4369 Ferte
329 4313 437 4384 legend,
457 4311 547 4368 iudex.
