2928 4986
188 289 263 366 366
445 305 480 362 s.
498 301 586 362 cns.
692 301 952 362 castrassent
1053 301 1115 365 sut

185 450 325 518 Parisios
337 445 449 510 babilo
467 443 563 506 simul
579 444 675 526 positi
693 442 880 528 collegistis,
896 463 976 528 quas
996 445 1093 509 etiem
1110 464 1220 512 eoram
1235 443 1336 512 nobis

184 532 310 620 perlegi
326 531 472 592 fecimus.
513 528 557 588 Et
570 524 648 607 quia
668 527 875 612 placuerunt,
895 537 928 590 et
949 526 991 588 ad
1016 528 1050 591 id
1070 539 1207 615 propter
1240 531 1336 614 quod

184 617 342 681 collectae
357 621 434 676 sunt
452 609 651 672 necessariae
666 619 764 694 atque
784 609 916 672 utilesd
937 609 1031 672 nobis
1052 610 1251 693 iudicantur,
1270 615 1335 674 sub

186 698 275 762 omni
291 694 458 760 celeritate
478 691 568 754 robis
589 693 773 754 censuimus
792 691 986 775 dirigendae.
1007 694 1134 758 Idcirco
1154 695 1337 758 admonen-

186 785 228 845 do
243 778 459 864 praecipimus
479 775 629 836 solertiae
648 785 774 838 vestrae
793 784 830 836 ut
849 775 1038 872 priusquam
1059 777 1099 840 de
1125 777 1178 840 bis
1201 777 1333 861 aliquid

184 869 314 926 Domno
331 859 518 944 Apostolico
535 855 698 936 indicetis,
714 858 866 940 diligenti
885 879 962 920 cura
976 859 1089 921 eadem
1107 881 1165 923 vos
1178 883 1335 924 recense·

186 943 369 1021 recuratis,
386 953 418 1004 et
434 963 471 1004 ea
491 961 574 1022 quae
589 941 707 1004 melius
739 949 774 1000 et
796 940 901 1024 aptius
927 941 1089 1024 praesenti
1105 944 1238 1027 negotio
1254 963 1334 1007 con·

185 1030 300 1092 venire
317 1023 521 1098 inveneritis,
543 1043 718 1106 excerpere
740 1033 837 1106 atque
857 1023 1041 1086 describere
1063 1025 1180 1108 illique
1206 1027 1249 1088 ad
1276 1027 1331 1088 le-

187 1113 330 1194 gendum
346 1107 461 1171 offerre
479 1105 647 1177 stualeatis;
669 1105 747 1188 qula
766 1105 865 1182 enim,
888 1113 925 1166 ut
942 1106 1042 1168 nostis
1064 1128 1124 1170 nos
1145 1109 1243 1170 abeo
1271 1132 1330 1192 pe-

186 1195 315 1256 tivimus
341 1189 509 1253 licentiam
535 1198 695 1270 quatenus
722 1187 779 1250 has
809 1187 1020 1250 collectiones
1055 1189 1330 1254 dSacerdotibus

187 1276 306 1340 nostris
329 1273 400 1334 lieri
425 1270 638 1355 permitteret.
678 1271 721 1332 Et
750 1271 825 1332 ideo
854 1291 921 1334 non
954 1269 1076 1351 poterit
1134 1275 1330 1337 raetermitti

187 1361 270 1442 quin
292 1356 322 1420 ei
335 1355 524 1417 ostendatur
540 1352 629 1435 quod
652 1352 808 1436 exipsius
828 1352 1040 1438 permissione
1062 1295 1239 1418 collectum
1268 1369 1329 1420 est.

187 1441 277 1505 illud
290 1449 397 1500 tamen
418 1455 620 1518 summopere
635 1436 836 1519 praevidete,
855 1445 893 1498 ut
914 1455 952 1498 en
971 1435 1023 1496 illi
1042 1437 1083 1500 de
1103 1436 1154 1500 his
1179 1442 1331 1502 ostenda-

185 1526 229 1587 tis
242 1543 325 1605 quae
341 1518 461 1582 rationi
477 1517 517 1580 de
534 1519 729 1600 Imaginibus
743 1518 911 1581 habendae
924 1539 984 1603 per
996 1519 1105 1580 omnia
1115 1523 1330 1601 conveniunt,

188 1616 222 1670 et
242 1603 329 1688 quod
346 1603 414 1684 ipse
435 1600 482 1664 scl
495 1601 545 1662 sui
565 1601 701 1664 reiicere
721 1601 854 1663 minime
870 1601 1010 1664 valeant.
1052 1601 1118 1666 Sed
1137 1613 1171 1666 et
1189 1605 1330 1690 vosipsi

186 1701 252 1752 tam
278 1686 440 1770 patienter
460 1705 497 1744 ac
521 1685 664 1746 modeste
680 1707 754 1745 cum
774 1706 812 1745 co
827 1683 943 1748 dehac
966 1705 1061 1746 causa
1074 1683 1331 1769 disputationem

154 1841 158 1850 ,
187 1769 343 1846 habeatis,
364 1775 401 1827 ut
423 1785 625 1850 summopere
639 1767 785 1830 ‘careatis
814 1789 857 1829 ne
880 1765 976 1830 nimis
1000 1767 1032 1828 ei
1051 1766 1232 1832 resistendo
1252 1793 1332 1832 eum

189 1857 223 1916 ln
252 1852 393 1934 aliquam
416 1849 670 1912 inrevocabilem
698 1849 912 1934 pertinaciam
936 1848 1080 1911 incidere
1108 1853 1331 1936 compellatiss

187 1935 245 2002 sed
258 1932 424 2018 paulatim,
440 1932 548 1994 verbis
565 1932 636 1994 eius
650 1933 743 2015 quusi
757 1933 832 1995 obse
858 1929 976 2008 nendo,
991 1930 1091 2014 magis
1105 1935 1204 2030 gudm
1218 1937 1330 2020 aperte

189 2016 390 2094 resistendo,
414 2014 455 2077 ad
477 2035 660 2076 mensuram
676 2035 760 2098 quae
787 2017 821 2076 iu
834 1954 999 2078 babeudis
1021 2014 1221 2098 imaginibus
1243 2019 1326 2080 reti-

191 2103 300 2164 nenda
315 2108 363 2160 est
384 2117 459 2160 eum
479 2097 641 2160 deducere
662 2098 815 2175 valeatis,
835 2107 869 2160 et
887 2096 962 2158 ideo
975 2096 1084 2178 potius
1104 2099 1232 2162 efficere
1250 2121 1326 2164 con·

189 2182 330 2247 tendatis
350 2189 388 2242 ut
403 2179 569 2264 negotium
583 2180 624 2256 de
670 2202 712 2240 uo
728 2181 835 2264 agitur
855 2180 896 2242 ad
914 2179 1085 2242 meliorem
1104 2183 1202 2264 quim
1215 2185 1327 2266 adpe-

191 2270 294 2328 iorem
312 2273 429 2326 statum
450 2283 526 2324 cum
544 2263 607 2324 Dei
630 2201 792 2324 adiutorio
807 2263 1015 2348 perducatur.
1055 2263 1233 2346 Postquam
1246 2287 1328 2345 vero

191 2351 276 2412 lianc
296 2347 455 2408 rationem
474 2346 513 2406 dc
535 2347 721 2407 earumdem
740 2346 922 2428 imaginum
938 2366 1034 2408 causa
1052 2348 1325 2411 consummaveri-

189 2435 251 2510 tis,
278 2431 304 2492 si
320 2439 427 2489 tamen
446 2427 510 2490 hoc
531 2427 571 2488 ad
598 2427 739 2488 nihilum
757 2429 899 2490 Romana
925 2427 1105 2512 pertinacia
1130 2431 1326 2525 permiserit,

190 2525 228 2576 ut
242 2513 325 2576 ratio
342 2512 429 2572 inter
450 2531 508 2572 vos
529 2507 635 2571 habita
656 2510 766 2594 aliquo
780 2512 868 2572 bono
884 2517 916 2572 et
933 2511 1143 2572 convenienti
1162 2513 1227 2576 fine
1241 2514 1328 2574 clau-

192 2599 306 2674 datur,
332 2603 365 2656 et
389 2593 446 2654 ille
468 2591 560 2654 vobis
580 2592 774 2656 indicaverit
790 2594 879 2676 quud
901 2593 1022 2676 legatos
1040 2615 1114 2656 suos
1133 2595 1174 2656 ob
1190 2595 1329 2657 eandem

190 2701 320 2743 causam
336 2677 371 2736 in
387 2673 557 2737 Graeciam
576 2675 704 2738 mittere
723 2676 815 2756 velit,
835 2675 984 2738 volumus
1002 2683 1041 2736 ut
1059 2697 1134 2738 eum
1151 2677 1331 2760 interrege·

191 2765 232 2826 tis
251 2764 277 2824 si
293 2759 344 2822 illi
360 2759 488 2843 placeat
501 2767 537 2818 ut
554 2757 654 2820 nostri
671 2758 770 2856 legati
791 2758 914 2842 pariter
933 2779 1007 2821 cum
1023 2757 1089 2821 suis
1105 2759 1140 2819 in
1157 2760 1329 2822 Graeciam

191 2853 337 2932 pergant.
385 2843 428 2903 Et
454 2839 481 2902 si
499 2839 562 2902 hoc
589 2841 621 2902 ei
646 2842 762 2904 melrus
786 2841 890 2904 visum
915 2841 1032 2918 fuerit,
1062 2861 1162 2922 seque
1192 2841 1328 2904 omnino

192 2929 277 2990 velle
298 2923 512 3008 responderit,
530 2933 611 2985 tunc
632 2923 781 2986 volumus
796 2933 833 2984 ut
853 2923 913 2986 sub
937 2923 1026 2984 omni
1049 2923 1258 2986 festinatione
1280 2925 1332 2986 lit-

191 3011 271 3072 teris
289 3007 402 3070 vestris
428 3007 558 3075 duobis
581 3006 622 3069 ad
645 3027 703 3069 nos
726 3006 857 3069 directis
878 3027 938 3068 nos
965 3005 1042 3068 iude
1063 3016 1169 3069 certos
1191 3007 1327 3085 faciatis,

193 3095 356 3174 simulque
381 3099 414 3150 et
438 3088 478 3151 de
498 3098 606 3151 vestro
629 3087 773 3150 adventu
800 3089 841 3150 ad
860 3109 937 3159 nos;
965 3099 1002 3150 ut
1027 3110 1067 3156 eo
1095 3097 1240 3173 tempore
1261 3109 1329 3174 quo

193 3199 251 3236 sos
274 3175 315 3236 ad
336 3181 478 3234 nostram
496 3171 651 3234 veneritis
666 3170 892 3256 praesentiam,
915 3171 1128 3254 Halitgarinm
1151 3181 1183 3234 et
1197 3172 1331 3234 Amala—

193 3261 281 3322 rium
303 3255 472 3316 nobiseum
493 3253 677 3316 inveniatis.
728 3256 795 3318 Vos
819 3262 928 3315 autem
949 3275 1024 3316 cum
1044 3255 1172 3316 Domno
1194 3251 1332 3336 Aposto-

195 3343 259 3402 lico
285 3337 486 3402 considerate
503 3336 559 3398 nbi
578 3336 637 3397 ille
658 3337 711 3400 rel
731 3337 863 3419 quando
878 3335 960 3398 velit
977 3345 1014 3398 ut
1030 3336 1081 3398 sui
1097 3359 1134 3399 ac
1154 3335 1264 3398 nostri¹
1280 3336 1331 3397 le-

194 3425 259 3503 gati
278 3423 318 3484 ad
340 3441 436 3482 naves
457 3418 721 3480 conscendendas
737 3439 770 3480 se
788 3418 923 3500 iungere
943 3419 1103 3497 debeant,
1130 3427 1164 3480 et
1184 3419 1246 3480 hoc
1273 3439 1333 3478 no-

193 3507 243 3568 bis
259 3527 319 3589 per
337 3503 566 3587 nosmetipsos,
588 3523 663 3564 cum
681 3503 751 3564 Deo
777 3501 911 3565 volente
934 3500 1105 3580 veneritis,
1134 3500 1332 3564 adnuntiare

193 3588 336 3672 potestis.

340 3751 551 3816 nrrsrom
594 3751 651 3813 an
692 3749 919 3814 tuoruum
958 3749 1000 3811 ιι.
1041 3747 1187 3812 aaran
1268 3823 1270 3832 y

76 3939 83 3954 ,
196 3861 308 3940 Missa
333 3883 400 3957 per
424 3859 652 3932 Hieremiam
678 3873 717 3930 et
747 3859 874 3930 Ionam
911 3859 1112 3954 Episcopos
1135 3881 1220 3934 cum
1245 3863 1336 3934 actis

560 3959 697 4056 synodi
721 3959 951 4031 Parisiensis.

194 4112 417 4226 sanctissimo
439 4185 475 4224 ac
493 4157 767 4224 reverendissimo
781 4159 909 4220 Damno
935 4168 967 4220 et
983 4158 1017 4220 in
1030 4159 1159 4222 Christo
1177 4156 1337 4240 patriEu·

192 4248 304 4330 genio,
328 4267 453 4310 summo
474 4243 626 4308 Pontifici
655 4252 687 4306 et
708 4242 887 4322 universali
909 4244 1027 4326 Papae,
1052 4240 1275 4329 Hludouricus
1303 4251 1337 4304 et
