2952 4988
287 329 422 392 neus.
526 326 670 388 aranu
694 323 933 386 rnsnconun
1038 329 1103 390 atu.
1208 315 1282 388 277

137 477 286 542 homines
306 495 436 538 movere
455 475 638 547 certamen,
661 467 736 530 cirm
752 467 827 531 illae
851 467 947 530 aedas
971 468 1021 530 illi
1042 467 1095 532 die
1115 483 1282 556 noctuque

137 563 339 624 famulentur
365 569 397 619 et
419 556 470 616 illi
497 556 562 616 sint
590 560 806 614 consecratae.
856 551 956 613 Vobis
982 574 1058 635 ergo
1084 559 1283 620 vastantibus

139 666 257 727 easque
273 639 503 704 invadentibus
520 635 749 698 denuntiamus
769 656 810 694 ne
828 634 866 693 ab
885 634 956 712 illo,
978 635 1004 696 si
1020 657 1052 696 se
1069 651 1281 718 commoveat,

138 736 308 790 vastentur
331 733 363 784 et
382 721 610 804 disperdantur
637 719 731 778 cuius
754 717 997 799 percussionem
1014 723 1173 782 montium
1190 725 1284 786 dorsa

137 813 226 872 ferre
251 830 316 868 non
338 812 483 888 possunt.
524 803 589 863 Nos
610 823 689 863 vero
713 800 772 861 ista
795 805 972 881 nec‘agere
992 802 1141 865 volumus
1156 827 1217 867 nee
1237 807 1283 866 fa·

138 914 212 956 cere
235 883 424 952 volentibus
446 885 643 962 consentire,
665 904 706 943 ne
726 904 795 960 nos,
815 882 904 965 quod
925 883 1018 960 absit,
1039 887 1212 967 perdamus
1229 897 1285 949 aut

138 997 171 1038 se
190 960 327 1058 perdere
346 969 532 1032 volentibus
556 966 804 1038 consentiamus.
847 965 1054 1048 Quapropter
1066 971 1283 1053 praecipimus

140 1067 178 1119 ut
195 1057 220 1118 si
241 1055 315 1138 quis
340 1075 380 1114 cx
407 1053 477 1111 iure
498 1048 718 1112 ecclesiastico
739 1047 897 1108 hactenis's
919 1050 1028 1108 nostrii
1049 1049 1099 1116 lar
1122 1052 1198 1130 itate
1222 1054 1284 1116 ali-

140 1139 222 1223 quid
246 1135 408 1222 possedit,
440 1133 467 1194 si
493 1133 550 1192 illa
572 1133 726 1213 deinceps
748 1129 868 1196 halvere
890 1131 1049 1208 voluerit,
1077 1075 1119 1200 aE
1136 1137 1287 1219 proppius

138 1225 315 1306 Episcopos
334 1217 457 1299 veniat,
480 1225 512 1275 et
526 1215 566 1274 ab
584 1215 642 1292 eis,
665 1223 697 1274 et
716 1214 733 1272 a
752 1213 944 1302 praepositis
959 1215 1178 1282 Ecclesiarum
1195 1219 1285 1282 unde

140 1329 207 1368 esse
230 1299 406 1376 ¹videntur,
437 1319 635 1380 quocunque
656 1297 752 1357 modo
772 1297 854 1357 iuste
878 1297 1022 1377 potuerit
1043 1319 1080 1358 ea
1100 1299 1284 1384 impetrare,

139 1396 271 1470 satagat,
294 1395 327 1446 et
344 1381 429 1443 nibil
448 1403 489 1442 ex
514 1381 561 1442 eis
582 1381 678 1440 aliter
698 1378 816 1438 ambiat
835 1388 891 1438 aut
909 1377 1117 1460 concupiscat
1133 1385 1183 1444 vel
1204 1383 1288 1446 acci-1

139 1471 218 1554 piat,
242 1490 282 1528 ne
303 1465 441 1548 cupidus
463 1473 650 1525 sanctarum
668 1483 780 1546 rerum
802 1461 904 1544 ignis,
935 1463 992 1543 qui
1017 1463 1050 1521 in
1074 1465 1121 1526 eis
1142 1475 1200 1544 est,
1230 1488 1285 1527 eos

140 1551 322 1615 favillosius
345 1555 468 1608 exurat.
522 1545 616 1612 Unde
637 1555 670 1606 et
692 1545 726 1604 in
747 1545 846 1606 satoris
868 1544 1058 1606 Canouibus
1080 1547 1198 1629 spiritu
1222 1547 1286 1610 Dei

143 1634 283 1698 conditis
307 1633 473 1692 decretum
493 1627 633 1694 hahetur
651 1629 717 1688 ita:
748 1627 786 1686 Si
806 1629 876 1710 quis
896 1628 1003 1705 oblatu
1018 1627 1150 1690 dederit
1161 1635 1215 1692 uel
1232 1636 1286 1691 uc-

142 1717 263 1800 ceperit
274 1725 405 1798 praeter
422 1711 629 1794 Episcopum,
647 1710 702 1770 nel
715 1731 784 1769 eum
798 1711 855 1790 quii
870 1711 1058 1774 constitutus
1077 1726 1124 1772 est
1138 1715 1232 1776 uli-eo
1244 1711 1290 1774 ad

144 1795 397 1883 dispensandam
422 1793 677 1861 misericordium
694 1793 900 1876 pauperibus,
918 1795 1022 1874 etsqui
1034 1791 1097 1854 dat
1109 1808 1143 1854 ct·
1158 1799 1215 1879 quii
1232 1816 1287 1856 uc-

143 1884 222 1966 cipit
237 1881 404 1939 unuthcmu
420 1877 470 1938 sit.
513 1875 639 1935 Scimus
662 1875 749 1934 enim
769 1873 1053 1935 anathematizatas
1075 1876 1235 1954 bomin-es,
1255 1887 1289 1938 et

144 1967 179 2025 in
205 1959 370 2047 praesenti
391 1957 666 2054 seculo-infames
688 1979 756 2026 esse
779 1979 816 2020 ac
838 1955 997 2038 perditos,
1031 1967 1063 2017 et
1084 1960 1101 2018 al
1125 1961 1287 2023 consortio

144 2047 291 2108 fidelium
316 2043 350 2101 iu
375 2041 524 2101 omnibus
548 2039 673 2122 absque-
696 2061 778 2122 pane
802 2048 833 2100 et
865 2061 948 2120 aqua
978 2039 1048 2102 fieri
1072 2043 1218 2116 alienoss,
1239 2052 1288 2103 ata

144 2151 221 2213 que,
257 2129 283 2192 si
305 2126 424 2207 absque
440 2123 606 2183 Ecclesiae
626 2122 841 2183 satisfactione
863 2119 903 2181 de
924 2121 984 2182 hac
1001 2123 1066 2183 vita
1083 2127 1288 2203 recesserint,

145 2215 287 2293 dregno
305 2208 366 2268 Dei
387 2207 456 2266 fore
477 2215 631 2265 extorres.
673 2209 779 2282 Quam
800 2205 928 2272 foveam
950 2227 1062 2266 cavere
1084 2207 1289 2275 dissimulans

151 2295 206 2359 vel
221 2313 384 2366 recusans,
408 2291 522 2348 nostrat
534 2311 567 2348 se
585 2283 665 2348 sciat
686 2309 746 2370 per
766 2286 872 2347 omnia
895 2308 1004 2348 carere
1025 2290 1193 2364 societate;
1214 2292 1290 2374 quia

153 2398 220 2438 non
239 2377 343 2437 solum
359 2371 415 2453 qui
436 2371 573 2450 faciunt,
594 2371 651 2432 sed
668 2371 724 2453 qui
743 2369 937 2430 facientibus
955 2391 1053 2452 prava
1070 2375 1290 2452 consentiunt,

153 2459 203 2522 rei
225 2467 317 2519 sunt:
347 2455 445 2532 satius
468 2455 554 2514 enim
575 2453 667 2514 nobis
683 2462 731 2514 est
744 2475 881 2536 regnum
896 2475 962 2513 non
979 2453 1098 2516 babere
1112 2465 1291 2537 terrenum,

155 2564 252 2624 quam
275 2548 444 2599 aeternum
461 2537 609 2616 perdere.
663 2537 741 2598 Plus
761 2557 840 2597 vero
865 2557 915 2596 me
945 2536 1043 2596 credo
1067 2559 1160 2620 posse
1185 2544 1318 2606 Deum·

154 2646 215 2709 per
237 2643 377 2696 suorum,
388 2620 502 2691 merita
529 2623 713 2679 sanctorum
734 2619 904 2694 adiuvare,
932 2620 1028 2700 quam
1051 2643 1179 2684 omnem
1203 2624 1292 2683 mili-

154 2707 234 2766 tiam
253 2705 446 2765 seculorum.
489 2703 695 2784 Quapropter
714 2724 825 2762 omnes
848 2703 930 2762 scire
953 2703 1118 2785 cupimus,
1152 2707 1176 2768 si
1196 2698 1294 2790 super

155 2789 207 2856 his
229 2787 348 2868 qaribus
371 2784 511 2844 fruimur
526 2785 620 2850 hobis
640 2785 830 2847 universum
850 2783 1008 2846 muudum
1031 2787 1149 2848 lucrari
1169 2789 1294 2871 potuis-

157 2893 282 2945 semus,
315 2878 453 2929 nostram
476 2876 660 2949 vestrasque
680 2870 801 2929 animas
825 2865 961 2951 'perdere
983 2871 1209 2950 voluissemus,
1232 2893 1295 2932 nec

157 2976 191 3016 se
214 2952 386 3035 praedictis
410 2949 641 3031 cupiditatibus
665 2953 800 3032 perdere
816 2949 1001 3012 volentibus
1022 2955 1186 3016 assentire.
1229 2955 1296 3018 Te-

158 3045 269 3104 stante·
287 3055 427 3116 namque
451 3033 638 3114 evangelica
664 3035 740 3094 tubat
764 3033 936 3095 didicimus
956 3033 1213 3118 nibil‘prod‘esse
1234 3039 1296 3103 lta.

157 3119 245 3179 mini
259 3119 452 3178 universum-
470 3117 627 3176 mundum
648 3116 787 3193 lucrari,
815 3117 839 3177 si
866 3116 992 3181 animae
1018 3139 1094 3178 suae
1118 3117 1296 3184 detrimen-

158 3211 227 3266 tum
244 3201 393 3284 patiatur.
440 3199 483 3258 Et
510 3198 641 3258 iterum:
674 3200 774 3282 Quum
797 3199 886 3260 dudit
909 3201 1298 3262 bomo'commututionem

156 3287 342 3370 proauitae
365 3283 442 3342 suu?
466 3281 508 3340 Et
527 3280 661 3342 iterum:
691 3283 786 3343 Ibunt
810 3283 844 3340 lii
867 3283 900 3340 in
922 3281 1109 3366 supplicium
1132 3287 1298 3368 sempiter-

161 3389 253 3437 num,
278 3367 354 3429 iusti
373 3378 475 3424 autem
493 3366 526 3422 in
544 3365 643 3436 vitum
661 3377 830 3424 aeternum.
1207 3369 1209 3372 ’

159 3475 216 3536 De
239 3474 287 3531 tis
306 3473 365 3555 quii·
384 3491 433 3528 res
458 3468 620 3529 Ecclesiae
641 3473 660 3530 ὶι
682 3471 886 3554 Principibus
905 3483 1034 3553 potants
1063 3485 1099 3532 ut
1124 3477 1219 3535 irritu
1241 3477 1299 3535 liu-

243 3555 377 3616 bcuntuu
391 3573 472 3685 puae
493 3553 647 3624 obtinent,
671 3566 701 3612 et
726 3556 789 3635 ipsi
806 3555 1023 3612 communione
1038 3557 1217 3636 priventur.

417 3633 443 3686 X
470 3633 647 3690 CONClLIO
670 3633 940 3695 ARVERNENSL
968 3635 1004 3690 K.
1025 3635 1078 3688 lll.

244 3705 300 3766 IV.
343 3704 410 3780 Qui
432 3705 586 3765 reicolam
610 3706 776 3768 Ecclesiae
803 3715 919 3786 petunt
940 3706 958 3764 a
981 3705 1140 3787 Regibus,
1175 3717 1206 3768 et
1225 3707 1304 3782 bon-

161 3787 284 3848 rendae
302 3785 487 3856 cupiditatis
508 3787 650 3868 impulsu
674 3788 840 3870 egentium
862 3788 1070 3851 substantiam
1090 3791 1240 3872 rapiunt,
1264 3793 1306 3850 ir-

162 3871 225 3934 rita'
238 3867 420 3935 habeantur
440 3891 522 3950 quae
544 3871 702 3947 obtinent,
730 3881 763 3931 et
780 3872 796 3929 b
816 3870 1045 3936 commuuione
1067 3871 1232 3935 Ecclesiae
1252 3897 1307 3938 eu·

163 3953 215 4012 ius
233 3953 420 4012 facultatem
440 3953 569 4012 auferre
591 3954 747 4035 cupiunt,
768 3954 995 4022 excludantur.

169 4057 212 4127 Ut
234 4061 258 4117 ii
279 4059 333 4140 (pti
352 4077 403 4117 rcs
425 4046 592 4128 Ecclesiae
613 4059 791 4130 1'nvadunt.,
814 4072 962 4143 uastant,
995 4062 1051 4121 uel
1077 4061 1251 4146 diripiunt,
1281 4066 1309 4123 si

186 4140 330 4201 monente
345 4137 505 4222 Episcopo
523 4161 586 4200 nou
601 4163 633 4200 se
649 4145 862 4212 correxerint,
881 4147 1097 4220 communione
1108 4135 1287 4227 priventur.

358 4222 434 4275 'EX
456 4221 637 4283 concute
662 4221 935 4286 ARVEnNuNst,
965 4225 1000 4282 n.
1020 4226 1099 4288 XIV„

250 4291 291 4354 V.
344 4292 378 4353 Si
406 4294 479 4376 quis
515 4294 741 4376 cuiuscunque
773 4288 968 4356 munuscula
996 4293 1162 4360 Ecclesiae
1193 4300 1312 4363 sanctis
