2958 4986
297 334 440 395 aena
536 333 683 392 aucun
702 333 941 393 raaucoaun
1045 335 1107 394 soe.
1207 314 1278 392 189

136 475 315 561 scripsisti,
344 477 453 538 utrdm
472 474 590 538 habere
615 477 773 555 debeant,
802 501 841 540 an
862 499 939 540 non.
982 475 1110 539 Deinde
1127 476 1277 539 volumus

136 571 178 622 ut
203 561 229 621 si
251 560 306 620 ilIe
327 559 425 628 homo
442 580 536 622 servo
557 570 612 620 aut
632 562 769 622 ancillae
793 563 935 624 chartam
957 561 990 620 in
1015 581 1072 621 sua
1095 561 1279 643 praesentia

135 643 275 719 fecerit,
306 651 338 702 et
362 643 418 704 ille
439 642 492 704 vet
515 643 571 708 illa
596 643 653 724 qni
679 643 822 704 chartam
849 643 1006 706 libertatis
1032 639 1152 704 habere
1182 642 1279 705 debet

135 735 325 810 praesentes
344 727 485 800 fuerint,
520 727 588 806 ipsa
612 726 721 787 charta
746 727 869 790 stabilis
891 733 1087 812 permaneat.
1130 725 1196 786 Sed
1219 725 1279 808 qui

136 818 213 892 post
228 809 402 870 discessum
423 807 618 870 domini'sui
638 818 726 874 ortus
740 811 851 888 fuerit,
873 811 909 870 in
925 808 1057 872 servitio
1080 819 1279 890 permaneat.

136 895 184 954 Et
203 891 278 952 illae
296 890 424 953 chartae
447 913 531 974 quae
552 892 570 952 d
590 891 784 974 quibusdam
806 893 946 955 dominis
961 892 1013 954 his
1032 892 1135 952 factae
1153 890 1279 952 fuerint

137 974 201 1058 qni
224 975 366 1035 necdum
388 975 454 1036 uati
478 995 546 1036 esse
564 985 760 1050 noscuntur,
795 977 853 1038 sed
874 985 946 1060 post
971 995 1085 1036 eorum
1103 973 1278 1035 discessum

136 1057 210 1118 nati
224 1057 359 1136 fuerint,
380 1058 511 1119 nullum
529 1057 698 1120 obtineant
711 1057 872 1138 effectum,
895 1081 956 1122 nec
971 1078 1030 1143 per
1045 1055 1173 1119 easdem
1188 1057 1278 1118 char-

136 1150 188 1203 tas
212 1140 308 1202 liberi
329 1161 398 1203 esse
423 1140 562 1204 valeant.
605 1205 608 1214 ¹
1223 1151 1229 1160 “

273 1268 551 1418 ὈΑΡΙᾞΠΒΔΒΕ
580 1313 801 1378 SEPTIMUM
826 1314 929 1380 ANNI
953 1318 1128 1381 DCCCIII.

138 1431 306 1544 captl,
326 1482 439 1565 primis
459 1483 499 1542 de
519 1481 628 1540 hanno
642 1481 761 1541 Domni
778 1481 982 1565 imperatoris
1004 1493 1037 1545 et
1049 1483 1163 1568 Regis,
1179 1507 1278 1570 quem

136 1587 201 1648 per
220 1567 426 1649 semetipsum
450 1573 623 1626 consuetus
649 1573 697 1624 est
721 1565 878 1640 bannire,
908 1565 941 1626 id
971 1575 1039 1644 est,
1069 1567 1110 1628 de
1136 1571 1277 1631 mundo-

137 1651 257 1731 burgio
285 1649 523 1726 Ecclesiam,
555 1647 743 1724 viduarum,
770 1646 1008 1729 orphanorum,
1039 1651 1135 1712 etde
1169 1653 1277 1715 minias

137 1739 311 1814 potentum
328 1751 557 1814 personarum,
577 1737 673 1812 atque
691 1738 723 1790 et
738 1728 778 1790 de
792 1729 961 1792 exercitali
978 1732 1100 1814 placito
1116 1734 1277 1813 instituto,

138 1825 177 1874 ut
209 1815 244 1874 hi
272 1816 330 1898 qui
357 1815 417 1874 ista
446 1811 649 1897 irruperint,
679 1811 824 1874 bannum
854 1812 1053 1880 dominicum
1082 1818 1277 1881 omnimodis

138 1901 346 1981 componant.

222 2007 265 2067 II.
307 2007 357 2066 De
373 2002 505 2066 decimis
524 2011 557 2064 et
573 2002 686 2082 nonis,
708 2010 804 2083 atque
821 2003 944 2066 iustitia
957 2004 1177 2068 Ecclesiarum
1194 2009 1275 2087 Dei,

138 2096 177 2147 ut
189 2087 343 2151 studeatis
362 2087 439 2148 dare
455 2095 488 2148 et
510 2086 617 2146 facere
637 2085 721 2146 sieut
741 2084 795 2146 lex
811 2096 874 2148 est..

223 2193 287 2271 III.
330 2192 395 2273 Qui
414 2191 611 2254 heneficium
632 2192 753 2252 Domni
775 2191 982 2277 Imperatoris
1003 2205 1036 2256 et
1056 2196 1276 2260 Ecclesiarnm

132 2277 198 2340 Dei
221 2277 335 2354 habet,
354 2275 438 2336 nihil
455 2275 575 2336 exinde
593 2273 688 2335 ducat
706 2275 739 2334 in
761 2295 850 2338 suem
867 2276 1098 2358 hereditatem,
1120 2289 1156 2340 ut
1171 2281 1276 2364 ipsum

131 2361 331 2424 beneficium
352 2359 545 2420 destruatur.

225 2468 281 2530 IV.
323 2463 440 2528 Nullus
452 2463 550 2524 homo
564 2463 697 2526 alterius
713 2464 878 2528 Clericum
894 2477 950 2529 aut
962 2467 1127 2532 hominem
1141 2471 1276 2555 recipiat

137 2551 174 2612 in
193 2573 250 2611 sua
266 2557 432 2632 potestate.

221 2654 262 2716 V.
303 2657 346 2716 Ut
360 2653 470 2714 nullus
487 2652 646 2716 latronem
662 2654 778 2716 habeat
793 2655 826 2717 in
842 2679 899 2718 sua
913 2665 1090 2741 potestate,
1105 2683 1166 2722 nec
1181 2662 1275 2722 celet.

221 2766 279 2829 VI.
321 2766 365 2826 Ut
390 2762 501 2823 nullus
522 2782 556 2823 se
573 2773 756 2847 praesumat
771 2765 959 2846 periurare,
980 2777 1035 2828 aut
1048 2769 1164 2832 falsum
1184 2769 1275 2831 testi-

135 2848 285 2910 monium
306 2847 424 2909 dicere.

222 2954 299 3018 VII.
342 2956 385 3015 Ut
406 2952 517 3018 nullus
544 2963 655 3017 contra
675 2961 801 3036 rectum
821 2953 979 3018 iudicium
999 2958 1116 3021 audeat
1132 2927 1275 3023 iudicare

124 3039 326 3123 ·quicquam.
399 3047 402 3056 “

224 3145 318 3210 VIII.
348 3146 403 3204 ,Ut
426 3142 537 3203 nullus
557 3152 740 3227 praesumat
760 3164 878 3208 nocere
894 3168 969 3209 eum
993 3147 1051 3230 qui
1074 3157 1200 3211 rectum
1213 3149 1277 3212 Im-

136 3229 296 3316 peratoris
317 3227 446 3288 dixerit.
794 3255 797 3264 Δ

226 3335 282 3399 [Χ.
325 3337 368 3396 Ut
380 3334 490 3395 nullus
509 3341 691 3417 praesumat
707 3331 806 3392 alium
820 3331 889 3394 sine
906 3333 978 3418 lege
999 3336 1199 3422 opprimere,
1222 3339 1276 3402 vel

137 3420 266 3502 aliquid
283 3418 360 3478 mali
382 3437 487 3500 agere.

222 3529 262 3590 X.
304 3523 421 3586 Nullus
439 3523 537 3584 homo
556 3531 741 3606 praesumat
761 3522 856 3583 aliter
879 3522 1040 3604 vendere,
1071 3538 1127 3588 aut
1145 3549 1275 3607 emere,

137 3609 194 3672 vel
213 3628 417 3684 mensurare,
432 3605 494 3668 nisi
508 3605 592 3667 sicut
609 3607 754 3666 Domnus
772 3605 954 3688 Imperator
968 3609 1155 3672 mandatum
1168 3611 1275 3672 habet.

107 3757 111 3766 .
222 3714 283 3777 XI.
326 3717 368 3774 Ut
382 3713 467 3775 diem
481 3713 683 3774 dominicum
696 3733 770 3774 cum
787 3715 875 3774 omni
890 3714 1061 3796 diligentia
1078 3719 1276 3798 custodiatis,

137 3797 222 3860 sicut
239 3799 293 3860 Iex
313 3807 378 3872 est,
402 3797 456 3858 rel
473 3796 556 3856 sicut
567 3797 712 3858 Domnus
732 3797 912 3881 Imperator
929 3799 1115 3861 mandatum
1128 3803 1233 3863 habet.

220 3904 296 3967 XII.
338 3904 456 3966 Nullus
476 3903 665 3964 fidelitatem
694 3925 791 3987 quam
818 3905 1005 3986 promissam
1026 3905 1123 3968 habet
1148 3909 1276 3970 Domno

137 3989 331 4085 Imperatori
350 3987 513 4069 infrangat
526 4010 534 4056 i
558 3995 612 4047 aut
637 3987 694 4069 qui
722 3988 892 4048 infractam
914 3985 1030 4067 habet,
1053 4011 1118 4050 non
1137 4012 1276 4054 consen-

136 4083 237 4133 tratur
250 4087 311 4133 e1.'
992 4139 996 4152 ,
1259 4141 1260 4148 ἵ

223 4179 314 4238 ΧΙΙΙ.
355 4179 502 4241 Necnon
522 4177 618 4239 etiam
631 4179 669 4240 de
686 4179 753 4242 istis
768 4181 871 4254 causis
888 4181 1050 4278 paganicis
1068 4153 1275 4269 quodaliqui

138 4263 331 4340 observant,
354 4272 390 4324 ut
405 4262 516 4339 nuilus
534 4261 651 4342 faeiat,
675 4283 735 4326 nee
757 4274 938 4328 consentiat
955 4265 1098 4328 facienti.
