2952 4988
287 343 323 400 a,
343 341 433 400 cna.
539 338 677 398 nnouu
696 335 935 418 nnanconuu
1041 329 1105 394 aaa.
1162 333 1164 336 ·
1221 314 1294 390 279

158 481 214 545 De
237 481 287 543 bis
309 495 388 567 eptae
406 482 448 560 ¹ab
469 481 720 544 antecessoribus
744 465 864 542 nostris
890 479 977 540 circa
1003 476 1120 540 cultam
1148 475 1295 540 divinum

297 578 415 626 statuta
434 561 585 646 suerunt,
607 575 642 624 ut
654 583 779 647 semper
795 563 930 624 inlibata
943 573 1159 646 permaneant.

239 673 313 734 XII.
353 673 580 755 Quaecunque
597 672 616 734 b
632 671 822 756 parentibus
843 669 963 734 nostris
979 668 1114 735 diversis
1138 676 1214 730 sunt
1231 677 1297 730 sta-

156 763 225 817 tuta
246 757 463 839 temporibus,
486 776 620 818 manere
642 753 798 818 inviolata
816 763 914 836 atque
936 754 1125 837 incorrupta
1138 751 1228 813 circa
1245 760 1308 814 sa-⁸⁷

157 848 339 900 croeanctas
366 837 528 901 Ecclesiae
557 837 784 921 praecipimus.
833 837 925 900 Nihil
952 837 1051 919 igitur
1077 833 1297 917 aprivilegiis
1395 907 1396 912 ἵ

147 921 349 999 inmutetur,
366 922 580 1004 omnibusque
599 921 656 1004 qui
670 921 828 983 Ecclesiis
843 919 990 982 serviunt
1003 919 1099 981 tuitio
1113 917 1296 988 defecatum

139 1003 235 1086 ‘quia
267 1005 467 1086 temporibus
500 1003 618 1065 nostris
652 1003 727 1065 addi
761 1004 870 1088 potius
902 1003 1108 1066 reverentiae
1138 999 1297 1085 cupimus,

156 1087 255 1170 qutun
276 1109 316 1148 ex
339 1087 391 1150 his
409 1085 591 1172 quaeolim
613 1085 767 1170 praestita
787 1095 864 1148 sunt
882 1085 1056 1148 immutari.
1153 1119 1156 1126 ·

159 1194 305 1278 Qualiter
331 1196 407 1256 baec
433 1205 552 1256 statuta
572 1191 733 1254 servanda
753 1195 837 1264 sint,·
870 1205 902 1255 et
921 1193 1027 1254 debis
1048 1193 1103 1276 qui
1123 1191 1199 1252 baec
1220 1211 1299 1254 con·

241 1290 395 1350 temnunt,
418 1280 486 1339 sive
508 1276 652 1354 Clericus,
673 1277 744 1337 sive
761 1277 882 1350 Laicis,
901 1274 982 1362 quid
994 1274 1150 1356 agendum
1166 1277 1217 1337 sit.

217 1383 308 1444 Xlll.
348 1386 412 1446 Has
434 1405 545 1447 omnes
565 1382 825 1446 Constitutiones
850 1381 1094 1462 ecclesiasticas,
1113 1403 1192 1464 quas
1210 1405 1299 1446 snm-

155 1467 267 1526 matim
298 1466 508 1550 breviterque
537 1467 806 1551 perstrinximus,
841 1467 927 1534 sicut
951 1465 1082 1550 plenius
1109 1465 1144 1526 in
1174 1487 1300 1529 canone

158 1549 389 1628 continentur,
423 1571 554 1611 manere
575 1551 715 1634 perenn-i
744 1549 916 1612 stabilitate
943 1549 1114 1613 sancimus.
1166 1549 1200 1612 Si
1225 1550 1299 1632 quis

72 1694 75 1700 ,
160 1651 237 1714 ergo
256 1631 404 1696 Clericus
426 1643 481 1694 aut
501 1633 604 1694 laicus
622 1633 739 1694 harum
756 1635 961 1696 sanctionum
982 1633 1137 1695 obediens
1153 1653 1222 1694 esse
1244 1654 1301 1695 no-

144 1712 281 1790 ·.,luerit‚
313 1714 340 1776 si
365 1716 513 1778 Clericus
539 1715 658 1794 fuerit,
692 1715 1024 1781 excommunicationi
1045 1715 1219 1778 subiaceat.
1265 1715 1301 1777 Si

159 1817 239 1860 vero
261 1796 362 1860 laicus
383 1799 483 1860 fuerit
505 1807 537 1859 et
551 1798 748 1862 honestioris
768 1799 833 1862 loci
849 1821 1006 1884 persona,
1026 1798 1233 1861 medietatem
1249 1801 1300 1860 fa·

160 1869 319 1941 cultatum
341 1903 472 1943 suarum
496 1881 637 1960 amittat,
664 1881 732 1942 fisci
755 1883 880 1945 viribus
901 1884 1115 1966 profuturam.
1163 1880 1198 1942 Si
1222 1885 1306 1965 vero,

97 1998 101 2001 -
158 1961 293 2024 minoris
313 1964 378 2025 loci
393 1986 533 2046 persona
554 1972 614 2045 est,
632 1963 802 2028 amissione
823 1987 935 2029 rerum
948 1986 1078 2029 suarum
1096 1967 1249 2029 multatus
1265 1965 1300 2048 in
1348 2020 1353 2026 .

161 2044 263 2106 exilio
286 2045 471 2132 deputetur.

324 2210 592 2276 carmoniae
614 2213 823 2294 Qunnrnu
843 2175 1015 2276 iaceam
1035 2211 1146 2274 num.

202 2328 269 2406 (De
284 2327 486 2391 ordinatione
504 2330 718 2393 ecclesiastica
736 2343 768 2393 et
780 2331 1008 2395 restauratione
1022 2329 1259 2410 Ecclesiarum.)

152 2579 154 2584 .
202 2477 227 2537 Ῑ·
262 2447 331 2564 De
357 2502 562 2566 ordinatione
589 2503 805 2568 ecclesiastiea
831 2514 865 2567 et
886 2504 1121 2567 restauratione
1141 2501 1308 2568 Ecclesia·-

93 2659 95 2664 ,
161 2605 235 2646 rum
248 2585 321 2666 Dei,
339 2607 451 2650 omnes
467 2589 664 2672 generaliter
682 2587 822 2652 habeant
836 2588 956 2674 bonam
970 2587 1217 2673 providentiam.

473 2699 474 2702 ’
569 2696 636 2770 (De
651 2692 903 2782 paceteneuda.)

224 2797 285 2940 tll.
326 2799 370 2860 Ut
387 2820 501 2885 pacem
520 2807 553 2862 et
576 2801 784 2866 concordiam
805 2795 1006 2864 habeant'ad
1028 2798 1170 2862 invicem
1189 2798 1301 2865 fideles

163 2901 222 2941 nos
237 2902 277 2942 ri.
872 2887 882 2908 ‘

463 3010 470 3038 ,r
556 2968 623 3044 (De
645 2988 752 3030 marca
765 2966 910 3052 finium.)
978 3001 980 3006 ,

245 3067 305 3149 ΙΙΙ.Ι
344 3069 516 3148 Quomodo
538 3073 668 3135 marcha
688 3083 797 3136 nostra
818 3072 859 3135 sit
876 3071 1041 3152 ordinata,
1077 3081 1109 3135 et
1133 3093 1216 3154 quae
1242 3093 1302 3169 per

162 3171 196 3212 se
212 3151 365 3214 fecerunt
376 3153 569 3240 confiniales
584 3156 686 3218 nostri
700 3156 885 3243 specialiter
895 3155 965 3218 istis
979 3155 1162 3242 praeteritis
1176 3177 1281 3219 anuis.
1332 3189 1348 3234 a

535 3264 602 3340 (De
623 3263 742 3347 placito
763 3260 931 3341 condicto.)

246 3367 302 3429 lV.
344 3368 394 3430 De
410 3365 531 3450 placito
553 3369 705 3432 condicto
722 3369 763 3430 ad
777 3366 941 3428 marcham
962 3387 1094 3432 necesse
1114 3378 1162 3429 est
1183 3378 1219 3429 ut
1238 3390 1305 3430 om-

147 3449 306 3522 nimodis
332 3471 373 3513 ex
394 3449 484 3512 omni
503 3459 606 3534 parte,
628 3453 713 3516 sicat
730 3451 915 3516 ordinatum
932 3449 1049 3532 fuerit,
1076 3451 1303 3537 uuusquisque

164 3533 346 3596 conveniat.

220 3730 231 3735 -
591 3601 865 3725 ,inefag'ieasn

247 3745 288 3806 V.
327 3746 378 3806 De
399 3745 467 3808 illis
490 3745 678 3810 hominibus
706 3769 773 3810 nou
798 3747 997 3836 recipiendis
1023 3741 1303 3812 lucrationibus

165 3825 289 3971 lobwise
308 3827 367 3910 qui
389 3829 541 3893 Seniores
561 3853 636 3894 suos
657 3831 791 3916 fugiunt
815 3841 876 3915 pro
903 3831 1020 3912 damna
1044 3850 1128 3914 qnae
1155 3830 1202 3893 eis
1220 3833 1304 3894 facta

190 3931 207 3969 a
232 3930 299 3972 en.

535 3995 596 4087 (De
614 3997 727 4080 pravis
747 3995 934 4074 lodicibus.)

248 4101 305 4164 Vl.
326 4101 395 4162 'De
411 4099 519 4183 pravis
537 4103 716 4183 Iudicibus‚
735 4101 918 4180 advocatis,
941 4102 1183 4180 Vicedominis,
1204 4102 1302 4167 Vico-

165 4179 223 4326 lriis
233 4227 253 4327 ,1
257 4182 494 4276 pontenariis,
525 4187 577 4252 vel
602 4186 738 4272 reliquis
762 4183 935 4252 actoribus
954 4186 1120 4250 malevolis
1151 4206 1216 4248 non
1245 4188 1304 4248 ha-
1334 4271 1335 4274 Ἴ

190 4287 229 4327 en
255 4287 291 4328 is.
309 4283 329 4300 ·
