2920 4972
212 298 261 372 86
435 315 473 375 Α.
496 311 585 371 cttn.
687 307 948 374 csrtsutsttts
1048 312 1112 378 tts.

471 453 522 517 De
540 451 640 539 salsis
664 453 842 518 nominibus
870 453 1068 518 Sanctorum.

624 561 935 626 Errtcorrc

294 669 377 732 XLI.
419 670 502 734 Item
524 668 558 731 in
577 669 702 747 eodem,
724 677 761 730 ut
781 667 863 730 falsa
879 667 1010 730 nomina
1036 669 1215 759 Martyrum
1233 677 1267 733 et
1295 669 1353 734 in·

213 763 320 824 certae
340 754 533 816 Sanctorum
547 751 722 817 memoriae
744 771 812 814 uon
832 760 1043 814 venerentur.

233 861 336 924 Cone.
357 856 458 921 Afric.
483 879 554 922 ean.
577 857 627 923 50.
671 859 754 920 Item
777 857 902 942 placuit
925 865 963 920 nt
982 857 1096 921 altaria
1123 881 1207 944 qnae
1230 856 1355 944 passim

293 963 355 1026 per
369 963 461 1024 agros
481 951 514 1005 et
528 961 588 1025 per
598 940 667 1004 vias
684 950 848 1024 tamquam
867 940 1041 1003 memoriae
1060 941 1239 1028 Martyrum
1258 963 1354 1004 cona

294 1024 472 1102 tituuntur,
492 1023 526 1085 iu
550 1023 670 1107 quibus
683 1023 812 1086 nullum
829 1045 947 1120 corpus
972 1032 1028 1086 aut
1049 1025 1210 1108 reliquiae
1231 1027 1354 1107 Marty-

293 1128 368 1170 rum
389 1106 537 1170 conditae
561 1107 751 1190 probantur,
776 1107 816 1167 ab
835 1100 1004 1190 Episcopis
1031 1106 1090 1190 qui
1115 1108 1197 1171 locis
1226 1107 1353 1170 eisdem

294 1199 463 1274 praesunt,
481 1187 508 1252 si
527 1187 596 1250 fieri
621 1198 736 1274 potest,
762 1197 961 1251 evertantur.
1004 1188 1039 1251 Si
1067 1200 1175 1253 antem
1201 1189 1265 1252 hoe
1287 1209 1352 1272 per

296 1272 455 1334 tumultus
468 1273 641 1356 populares
663 1293 729 1333 non
747 1271 877 1350 sinitur,
898 1271 1012 1354 plebes
1027 1281 1133 1334 tamen
1151 1273 1353 1335 admouean-

294 1363 351 1416 tnr
370 1353 484 1415 ncilla
501 1355 573 1416 loca
589 1355 817 1438 frequentent;
838 1361 876 1414 nt
893 1353 952 1436 qui
980 1355 1068 1418 recte
1091 1355 1232 1440 sapiunt,
1256 1354 1352 1415 nnlla‘i

296 1435 343 1500 ihi
369 1437 599 1518 superstitione
623 1435 768 1500 devincti
793 1444 977 1498 teneantur.
1018 1439 1062 1500 Et
1091 1438 1225 1500 omniuo
1255 1437 1351 1498 nulla

224 1519 233 1544 ·’
295 1517 452 1582 memoria
465 1519 643 1606 Martyrum
662 1519 874 1603 probabiliter
897 1529 1095 1603 acceptetur,
1113 1520 1176 1582 nisi
1199 1519 1255 1581 uhi
1279 1541 1352 1581 cor-

295 1624 357 1686 pus
371 1609 426 1662 aut
439 1601 566 1684 aliquae
582 1601 741 1686 reliquiae
759 1611 847 1681 sunt,
869 1609 924 1663 aut
946 1601 1037 1688 origo
1062 1603 1200 1666 alieuius
1220 1602 1350 1664 habita·

296 1683 407 1762 tionis,
424 1684 479 1747 vel
497 1684 719 1766 possessionis,
738 1685 791 1748 vel
823 1684 991 1770 passionis,
1012 1685 1198 1750 fidelIssimi
1221 1684 1350 1768 origine

295 1766 446 1828 traditur.
486 1768 567 1829 Nam
588 1789 672 1850 quae
685 1767 882 1852 persomnia
897 1777 930 1830 et
946 1789 1006 1850 per
1034 1769 1147 1831 inanes
1172 1767 1265 1850 qnasi
1292 1788 1352 1829 re—

235 1849 238 1854 ’
295 1848 474 1912 velationes
490 1851 711 1933 quorumlihet
725 1851 906 1929 hominum,
931 1851 1120 1938 ubicunque
1148 1849 1356 1914 constituun-

297 1941 353 1996 tur
371 1931 494 2012 ultaria,
516 1930 702 1997 omnimodo
718 1934 946 2018 reprobentur.

542 2041 593 2104 De
616 2041 761 2104 uxoreis
789 2043 862 2108 uiro
880 2039 1023 2105 dimisso.

667 2150 697 2212 0
715 2171 737 2212 a
753 2171 773 2212 n
789 2172 831 2212 rs
848 2171 870 2212 u
884 2170 908 2212 s.
926 2201 930 2208 .

295 2254 396 2318 XLlI.
437 2255 520 2318 ltem
540 2254 575 2316 in
591 2255 718 2333 eodem,
732 2264 769 2316 ut
784 2276 846 2318 nec
867 2254 986 2318 uxori
1008 2254 1078 2317 siro
1099 2251 1228 2318 dimissa
1247 2251 1351 2312 alium

215 2337 351 2422 accipiat
369 2335 488 2418 virum,
511 2337 644 2402 virente
671 2339 745 2403 viro
760 2359 832 2418 suo,
851 2359 913 2402 nec
941 2337 993 2401 vir
1015 2337 1111 2399 aliam
1139 2334 1275 2420 accipiat
1296 2335 1363 2399 ri-.

215 2429 314 2485 rente
330 2441 432 2484 uxore
451 2421 571 2505 priore.

236 2525 452 2590 ConcAfrie.
472 2549 543 2589 ean.
566 2529 618 2608 69.
659 2527 788 2592 Placuit
806 2539 842 2590 nt
864 2528 1044 2591 seeundum
1073 2525 1294 2612 evangelicam
1317 2534 1352 2587 et
1457 2555 1458 2581 t

297 2609 505 2692 apostolicam
522 2597 725 2696 disciplinam
746 2613 854 2710 neque
874 2611 1024 2674 dimissus
1042 2611 1081 2672 ab
1100 2630 1214 2688 uxore,
1241 2628 1351 2690 neque

299 2691 429 2755 dimissa
448 2693 604 2772 lmarito,
621 2693 715 2756 alteri
735 2704 971 2778 coniungaturt
992 2695 1049 2758 sed
1065 2691 1109 2753 ita
1125 2698 1287 2769 maneant,
1295 2698 1351 2750 aut

295 2774 425 2838 sibimet
437 2776 703 2840 reconcilientur.
743 2777 842 2858 Quod
862 2777 890 2840 si
913 2776 1178 2860 contempserint,
1206 2773 1248 2834 ad
1268 2793 1354 2856 poe·
1454 2767 1456 2844 ζ

297 2856 469 2918 nitentium
497 2859 696 2942 redigantur.
737 2861 777 2923 ln
807 2881 873 2945 qua
898 2880 995 2924 cansa
1017 2859 1124 2944 legem
1148 2855 1351 2942 imperialem

295 2941 470 3026 petendam
487 2942 695 3027 promulgari.

431 3046 481 3108 De
494 3045 660 3111 lodicibus
679 3049 700 3109 t
719 3047 971 3134 Metropolitum
985 3047 1140 3132 prolatis.

624 3153 934 3216 Errscorra

295 3259 411 3322 XLIII.
451 3259 579 3322 ltemin
600 3260 727 3342 aedem,
751 3269 789 3324 nt
802 3259 962 3346 prohatii
987 3255 1241 3343 Metropolitum
1259 3257 1352 3324 iudi-

214 3363 268 3406 ces
286 3362 354 3404 uon
373 3353 578 3428 spernantur.

236 3451 337 3512 Cone.
364 3447 466 3513 Afric.
491 3469 562 3513 can.
588 3451 639 3533 89.
681 3447 710 3512 A
738 3447 902 3513 iudicibus
934 3457 1043 3513 autem
1063 3472 1146 3536 quos
1168 3449 1352 3513 communis

296 3553 473 3595 consensus
505 3534 653 3616 elegerit,
684 3553 751 3594 non
775 3534 873 3595 liceat
896 3555 1085 3616 provocare.
1126 3535 1169 3596 Et
1198 3533 1346 3615 quisquis

295 3614 448 3698 probatus
467 3616 568 3678 fuerit
583 3637 643 3701 per
657 3615 893 3680 contumaciam
908 3617 997 3678 nolle
1013 3617 1234 3700 obtemperare
1261 3615 1350 3677 iudi-

212 3767 215 3772 ,
294 3697 398 3776 cibus,
422 3699 497 3761 ciam
517 3697 580 3762 hoc
604 3698 727 3783 primae
751 3699 836 3762 sedis
859 3698 1022 3796 Episcopo
1038 3700 1139 3762 fuerit
1163 3695 1348 3782 probatum,

293 3781 349 3925 sipt
373 3781 495 3844 litteras
516 3791 553 3843 ut
567 3781 679 3846 nullus
691 3781 723 3846 ei
738 3791 957 3845 communicet
976 3782 1223 3868 Episcopornm,
1244 3780 1351 3844 donec

294 3883 315 3926 o
338 3869 504 3952 temperet

457 3971 510 4034 De
533 3973 734 4036 uenatione
757 3972 865 4054 vilium
882 3991 1103 4058 personarum.

295 4161 409 4226 XLIV.
450 4159 532 4222 Item
553 4158 588 4220 in
607 4078 917 4226 eoieiirifriudi'o'
937 4159 1090 4245 capitula,
1112 4167 1149 4222 ut
1173 4157 1256 4222 viles
1275 4177 1351 4252 per·

212 4266 313 4326 sonae
327 4257 393 4308 nost
411 4235 551 4310 habeant
565 4249 754 4329 potestatem
773 4244 959 4312 accusanti.
1000 4244 1086 4327 Etsi
1107 4242 1141 4309 in
1159 4242 1264 4330 primo
1285 4259 1351 4308 crs·
