2920 4972
202 272 254 351 48
403 295 440 360 A,
459 294 549 354 ciue

280 521 385 601 gradu
397 519 491 580 oeiin
504 522 599 581 tertio
613 533 744 606 etquar-

281 619 313 666 to
323 665 339 686 ‚‚
347 604 507 666 coniuncti
545 617 742 688 separentur.

199 711 229 774 3.
264 710 303 771 Si
321 731 407 773 uxor
434 712 501 771 sine
513 711 581 773 viri
598 713 648 772 sui
672 733 744 774 con-

285 815 378 855 sensu
392 793 500 856 uelata
521 807 580 866 est,
604 808 745 878 repetere

284 878 373 937 illam
388 879 442 938 uir
465 889 591 963 potest,
608 879 637 938 si
655 879 744 961 uelit.

199 987 231 1064 4.
263 987 419 1066 Priuigno
448 985 561 1058 libera,
587 988 616 1046 si
643 986 663 1045 ie
690 987 744 1046 ui-

283 1071 364 1130 trico
381 1083 494 1129 eontra
515 1085 602 1128 suam
624 1082 655 1130 et
668 1090 743 1130 suo-

284 1172 355 1212 rum
373 1151 569 1212 voluntatem
593 1153 666 1212 viro
688 1149 745 1212 da·

284 1247 317 1294 ta
337 1246 395 1305 est,
409 1247 526 1319 potest,
544 1235 601 1296 illo
619 1234 744 1307 relicte,

283 1317 377 1376 alteri
395 1318 521 1379 nubere.

203 1425 233 1490 5.
267 1425 317 1486 De
336 1425 521 1504 coniugibus
545 1446 679 1508 quorum
698 1426 748 1487 oi-

285 1521 335 1570 ter
347 1509 475 1573 servilis
488 1522 534 1569 est
544 1507 745 1571 conditionis.

203 1622 234 1686 6.
267 1621 317 1685 De
352 1623 493 1685 vassallo
529 1623 597 1707 qui,
634 1625 747 1685 relicta

285 1727 402 1778 uxore,
432 1723 526 1790 quom
545 1709 580 1766 in
615 1707 746 1768 alterius

289 1787 443 1872 beneficio
471 1787 623 1862 duxerat,
652 1787 748 1851 alteri

285 1873 374 1957 apud
392 1873 548 1934 seniorem
565 1895 656 1934 suum
668 1893 746 1936 con·

289 1957 440 2036 iungitur.

211 2109 238 2171 7.
274 2087 311 2148 Si
326 2087 396 2172 quis
411 2107 558 2160 uxorem,
579 2109 672 2170 quam
683 2089 750 2150 uir·

200 2178 203 2186 ’
286 2191 327 2250 go
357 2171 465 2244 duxit,
495 2184 676 2254 corruptam
698 2171 749 2230 in·

289 2256 438 2325 veniens,
472 2253 605 2314 alteram
638 2252 746 2324 ducat,

291 2349 321 2394 et
354 2333 412 2395 lu‘ic
440 2337 514 2395 item
545 2337 585 2396 ob
617 2333 749 2396 eandem

292 2437 419 2478 causam
454 2416 586 2490 relicti,
623 2419 749 2480 tertiam

198 2519 201 2526 ·
294 2502 438 2583 accipiat.

211 2607 240 2670 8.
273 2607 323 2666 De
344 2627 379 2666 eo
401 2607 487 2666 cuius
508 2627 595 2668 uxor
610 2627 680 2667 cum
699 2607 751 2690 ip-

293 2691 358 2748 sius
373 2687 483 2769 fratre
498 2692 660 2750 moechata
674 2701 730 2748 est.

653 288 911 354 CAPITULARIA

97 502 102 513 .
199 458 228 498 α.
265 435 364 523 Quid
393 441 427 499 in
449 438 544 498 tertio
571 435 754 523 affinitatis¹

1014 299 1077 359 7⁵7.

798 459 843 498 ιι.
862 435 905 498 Ut
934 459 1061 524 quoquo
1091 443 1187 507 modo
1222 448 1346 511 mulier

873 515 982 581 uelum
1015 523 1125 606 sponte
1165 529 1364 613 acceperz't,'

875 625 939 664 non
957 603 1107 667 dimittat.

799 730 845 772 12.
859 709 909 770 De
942 733 978 772 eo
1007 715 1064 796 qui
1079 715 1262 799 filiastrum
1288 725 1348 783 vel

854 815 863 828 ·
866 789 1045 878 filiastram
1058 813 1130 860 ante
1137 799 1346 888 'Episcopum
1389 805 1391 810 ’

877 879 1023 939 tenuerit.
1307 916 1310 920 ·

799 981 844 1042 ιδ.
858 980 896 1041 Si
908 985 978 1068 quis
993 988 1156 1068 coniugem
1164 989 1342 1066 dimiserit,

876 1080 907 1127 et
940 1074 1166 1133 monasterium
1212 1077 1348 1155 ingredi

876 1164 930 1210 aut
944 1152 1048 1219 velari
1060 1159 1254 1238 permiserit.

802 1251 848 1334 ¹4·
864 1257 913 1318 De
929 1259 987 1322 illo
1013 1264 1069 1347 qui
1093 1285 1162 1324 cum
1182 1277 1284 1326 matre
1312 1273 1346 1328 et'

868 1339 950 1424 filia
970 1346 1148 1406 moechatus
1177 1359 1234 1408 est.

801 1445 847 1510 ιδ.
859 1449 907 1507 De
920 1471 956 1511 eo
970 1453 1027 1536 qui
1038 1475 1108 1514 cum
1117 1475 1180 1515 una
1189 1475 1342 1518 sororum

877 1535 1069 1608 moechatus,
1090 1537 1223 1600 alteram
1235 1540 1271 1599 in
1280 1561 1344 1602 ux-

878 1637 965 1676 orem
982 1618 1089 1681 duxit.

800 1720 844 1784 16.
858 1723 896 1784 Si
920 1727 1087 1806 coniugum
1112 1726 1195 1788 alter
1222 1729 1265 1788 sit
1294 1730 1345 1790 le·

875 1829 1003 1894 prosus,
1022 1822 1126 1892 potest
1149 1809 1243 1882 aiter,
1272 1832 1346 1872 cum

880 1891 967 1952 illius
983 1911 1148 1966 consensu,
1163 1891 1257 1952 aliud
1276 1895 1345 1955 ini-

881 1993 915 2034 re
934 1974 1121 2054 coniugium.
1264 1976 1269 1983 ’

804 2101 849 2161 ¹7·
865 2079 999 2162 Quando
1033 2102 1119 2142 uxor
1149 2095 1242 2162 negat
1282 2085 1345 2145 sibi

871 2161 976 2244 fuisse
1002 2184 1072 2223 cum
1105 2167 1219 2226 marito
1252 2185 1344 2226 com-

880 2245 1043 2318 mercium,
1059 2258 1090 2306 et
1115 2250 1246 2307 maritus
1261 2267 1343 2310 con-

881 2331 930 2389 tria
963 2329 1044 2388 uisse
1071 2327 1223 2414 affirmat.

803 2437 848 2500 18.
864 2438 927 2521 Qui
943 2450 1078 2520 propter
1099 2439 1283 2514 inimicitias
1309 2440 1344 2496 in

881 2519 976 2580 uliam
1009 2521 1167 2598 regionem
1204 2515 1345 2580 'dimissi

882 2622 984 2663 uxore
1008 2601 1118 2684 fugit,
1148 2603 1244 2663 aliam
1280 2623 1345 2663 non

883 2687 988 2745 ducat.

211 2817 241 2880 9.
276 2797 326 2856 De
341 2816 377 2855 eo
391 2796 447 2876 qui
454 2795 473 2853 a
486 2795 675 2874 Presbytero
692 2817 754 2856 uon
807 2814 853 2874 ¹9·
867 2793 916 2852 De
939 2794 1077 2854 incestis,

296 2879 452 2963 baptizato
468 2877 642 2961 baptizatus
656 2892 711 2940 est.

803 2897 852 2937 ιο.
866 2877 914 2935 De
930 2876 1148 2938 ecelesiasticis
1170 2877 1261 2937 uiris.

218 3007 264 3047 ιο.
278 2987 327 3046 De
335 2999 426 3070 patre
443 2985 499 3070 qui
500 2981 576 3068 filii
595 2987 644 3044 sui
657 3007 754 3069 spon·
804 3004 854 3044 21.
866 2985 914 3043 De
930 2985 1129 3060 Presbyteris
1144 2999 1175 3046 et
1197 2985 1345 3056 Clericis,

295 3091 362 3127 sam
391 3069 561 3166 oppressit,
591 3081 621 3128 et
641 3069 753 3151 posted

287 3149 385 3232 filius
403 3174 504 3237 ipsam
525 3152 655 3235 aceepit.

886 3079 920 3126 ut
936 3089 989 3127 eos
1002 3067 1255 3130 Archidiaconus
1273 3087 1348 3129 con-

885 3161 977 3210 uocet
994 3149 1039 3210 ad
1055 3149 1222 3228 synodum.

319 3266 480 3328 Istcmmtr
501 3285 726 3328 suensscmert
748 3267 910 3328 Cfflwtt
940 3285 978 3326 ET
1000 3287 1107 3328 EORUM
1130 3287 1257 3328 umus·

258 3367 355 3454 Quod
366 3373 510 3452 coniuges
525 3374 559 3430 in
584 3385 696 3454 quarto
720 3371 997 3450 consanguinitatis
1029 3371 1133 3450 gradu
1166 3394 1230 3432 non
1254 3393 1349 3456 sepa-

317 3485 320 3500 ι
339 3467 448 3514 rentur
454 3479 466 3523 ;
493 3457 526 3514 ἰη
544 3457 637 3516 tertio
654 3468 769 3526 autem,
790 3455 845 3514 vel
861 3475 903 3514 ese
927 3455 1021 3515 tertio
1052 3467 1083 3514 et
1108 3467 1222 3538 quarto
1251 3455 1350 3515 mixti

340 3549 535 3620 separentur.

298 3620 322 3679 Ι.
353 3620 399 3681 ’θί
426 3620 460 3678 in
481 3629 594 3701 quarta
615 3620 770 3702 progenie
791 3619 913 3702 reperti
936 3619 1061 3680 fuerint
1079 3619 1259 3698 coniuncti,
1282 3642 1349 3681 non

216 3723 407 3784 separamus
450 3703 487 3762 In
501 3704 595 3763 tertia
612 3703 689 3765 verb
711 3703 737 3763 si
759 3701 880 3786 reperti
903 3703 1038 3780 fuerint,
1065 3713 1266 3788 separentur.
1308 3705 1351 3764 Et

217 3785 346 3866 eosqui
369 3805 454 3846 unus
477 3785 510 3844 in
529 3796 654 3868 quarta,
671 3785 753 3846 alius
770 3785 804 3844 in
821 3786 918 3846 tertia
937 3785 997 3847 sibi
1014 3785 1190 3876 pertinent,
1216 3796 1249 3850 et
1274 3807 1351 3848 con-

217 3866 320 3928 iuncti
341 3869 566 3947 inveniuntur,
589 3889 779 3952 separamus.

260 3983 357 4068 Quod
370 3988 403 4045 in
423 3987 516 4046 tertio
535 3983 705 4070 affim'tatis
719 3985 835 4066 gradu,
852 3987 907 4046 vel
923 3989 956 4048 in
978 3989 1071 4048 tertio
1093 4001 1124 4049 et
1139 4000 1252 4072 quarto
1273 4007 1350 4047 con-

343 4069 443 4128 iuncti
459 4080 653 4153 separentur.
1198 4077 1200 4087 ’

300 4145 342 4220 ΙΙ.
383 4151 417 4210 Si
447 4151 512 4212 duo
538 4151 572 4210 in
601 4150 696 4211 tertio
719 4151 792 4211 loco
814 4151 874 4212 sibi
898 4152 1078 4234 pertinent,
1100 4153 1167 4215 sive
1194 4152 1256 4229 vir,
1281 4151 1350 4213 sive

218 4231 350 4313 femina,
372 4242 427 4296 aut
445 4255 529 4296 unus
548 4234 582 4294 in
612 4234 709 4298 tertio
741 4243 772 4298 et
801 4236 883 4298 alter
909 4236 943 4298 in
972 4247 1102 4322 quart05
1129 4257 1196 4299 uno
1213 4243 1350 4312 mortuo,
