2958 4986
280 344 413 402 acan.
521 293 937 402 neonusamcouun
1024 337 1086 409 rot.
1231 318 1301 392 121

165 485 343 552 venerandi
360 485 425 548 sint
439 485 502 568 qui·
518 507 558 548 ex
575 484 764 548 auctoritate
782 484 969 570 passionum
989 493 1045 546 aut
1074 481 1161 547 vitae
1183 486 1301 546 merito

80 612 86 619 -
164 570 262 634 electi
278 576 363 630 sunt.
411 620 413 626 .

422 651 471 712 De
492 652 657 724 arboribus
681 665 712 712 et
734 653 814 712 lucis
836 649 1047 712 destruendis.

246 755 334 820 XLI.
376 760 425 820 De
444 759 612 844 arboribus
634 769 666 821 et
686 759 769 820 lucis
790 757 996 824 destruendis
1013 758 1170 822 canonica
1192 759 1304 821 obser-

166 852 262 906 vetur
280 842 463 904 auctoritas.

354 924 397 987 Ut
419 927 512 993 electi
541 928 666 1010 utrique
686 922 809 986 iudices
830 946 893 985 non
915 938 1116 1011 spernuntur.

175 1054 178 1058 ·
243 1029 347 1094 XLII.
388 1034 432 1093 Ut
447 1031 544 1094 electi
563 1032 687 1096 iudices
711 1031 751 1094 dc
781 1013 928 1114 utrisque
950 1031 1096 1117 partibus
1123 1053 1190 1094 non
1217 1053 1304 1116 sper·

164 1125 294 1182 namur·
343 1199 386 1282 Ut
410 1199 543 1282 parvuli
563 1197 609 1260 od
628 1210 824 1260 sacramento
854 1218 919 1258 non
945 1199 1121 1259 trahantur.

246 1305 348 1368 XLII.
389 1307 438 1367 De
470 1328 585 1368 eorum
613 1305 747 1368 testibus
778 1304 935 1367 canonica
964 1305 1006 1367 sit
1026 1305 1218 1367 observatio.
1260 1305 1305 1378 Et

160 1389 292 1488 pprvuli
308 1410 374 1449 non
397 1388 568 1450 trahantur
584 1390 626 1452 ad
643 1391 891 1466 sacramentum,
906 1389 991 1451 sicut
1008 1387 1232 1472 Guntbadingi
1253 1389 1304 1450 fa·
1398 1387 1402 1404 '

161 1483 266 1537 euml·
312 1553 400 1624 Utin
416 1553 564 1621 velandis
585 1557 763 1639 virginibus
778 1576 914 1617 canones
934 1557 1151 1618 observentur.

245 1661 365 1724 XLIV.
405 1665 455 1722 De
477 1661 671 1746 virginibus,
694 1687 759 1746 quo
787 1672 932 1746 tempore
964 1663 1123 1742 velandae
1148 1663 1223 1742 sint,
1247 1665 1303 1728 vel

161 1743 281 1826 quibus
300 1745 523 1808 occasionibus
538 1759 573 1827 g)
593 1758 666 1810 ante
686 1769 788 1808 annos
807 1746 926 1830 uiginti
946 1745 1111 1828 quinque;
1134 1747 1161 1809 si
1180 1759 1304 1811 'neces-

159 1829 238 1889 sitas
255 1828 432 1910 compellit,
450 1849 487 1889 ea
505 1841 705 1911 quaerantur
721 1851 804 1913 quae
824 1828 859 1888 in
872 1835 998 1891 canone
1020 1830 1139 1912 scripta
1162 1841 1248 1892 sunt.

158 1943 346 2016 Abbatissoe
355 1965 434 2028 quoe
447 1945 596 2009 cunonicb
606 1947 662 2008 nel
671 1946 861 2026 regulariter
869 1965 933 2006 non
943 1947 1071 2018 vivunt,
1085 1945 1303 2030 deponendae.

243 2049 343 2113 XLV.
385 2055 435 2114 De
453 2053 629 2118 Abbatissis
649 2076 732 2137 quac
748 2054 904 2118 canonici
932 2053 986 2115 vel
1013 2051 1210 2136 regulariter
1235 2075 1303 2115 non

159 2130 290 2276 irirnnti
303 2133 457 2221 Episcopi
477 2139 658 2221 requIrant,
677 2147 709 2200 et
730 2139 812 2222 Regi
833 2135 1040 2218 adnuntient²
1061 2145 1097 2197 ut
1118 2136 1158 2197 ab
1177 2135 1304 2198 honore

157 2235 275 2298 priven
291 2237 340 2287 nr.

207 2299 250 2360 Ur
263 2301 437 2363 oblationes
460 2323 540 2385 quae
560 2293 594 2365 in
608 2303 754 2366 Ecclesia
761 2303 868 2389 fiunt,
889 2303 1053 2387 dispenset
1073 2303 1262 2388 Episcopus.

245 2405 362 2470 XLVI.
403 2413 453 2472 De
480 2411 698 2474 oblationibus
725 2433 809 2496 quae
834 2414 869 2474 in
896 2411 1045 2474 Ecclesia
1078 2411 1132 2473 vel
1163 2409 1197 2470 in
1227 2417 1309 2496 usos,

123 2551 127 2557 ,
159 2509 350 2588 pauperum·
362 2495 588 2590 conferuntur,
606 2495 763 2557 canonica
791 2497 989 2590 observetur·
1012 2515 1145 2591 norma;
1176 2502 1209 2555 et
1236 2483 1304 2591 n‘dp

161 2571 202 2640 ab
227 2573 299 2648 alus
318 2575 550 2659 dispensentur
566 2579 629 2640 nisi
646 2578 699 2640 cui
722 2579 901 2664 Episcopus
920 2579 1131 2642 ordinaverit.
1298 2571 1307 2594 l

267 2687 310 2750 Ut
330 2690 517 2770 Presbyteri
545 2707 617 2755 ante
638 2717 738 2770 gnnos
758 2696 890 2775 triginta
908 2715 973 2756 non
997 2692 1196 2757 ordinentur.

245 2793 379 2859 XLVII.
419 2800 685 2886 DePresbyteris
708 2811 783 2864 ante
817 2800 1018 2864 tricesimum
1046 2799 1158 2862 aetatis
1181 2817 1303 2860 annum

77 2897 85 2907 ³
115 2915 117 2918 -
160 2899 230 2951 non
243 2878 454 2952 ordinandis.

306 2961 348 3021 Ut
359 2977 434 3048 post
445 2967 619 3028 Missurum
638 2969 793 3029 solemnia
807 2989 878 3053 pote
895 2970 1033 3030 invicem
1049 2965 1153 3028 detur.
1176 3040 1178 3047 Α

246 3064 397 3131 XLVIII.
439 3075 481 3152 [It
498 3083 571 3157 post
598 3075 747 3136 confecta
773 3095 861 3136 sacra
884 3073 1046 3159 mysteria,
1075 3073 1110 3132 iu
1132 3071 1306 3132 Missurum

160 3149 329 3212 solemniis
355 3175 467 3216 omncs
488 3157 685 3239 generaliter
698 3179 812 3241 pacem
832 3157 873 3218 ad
891 3157 1035 3222 invicem
1056 3155 1243 3240 praebeant.

333 3255 520 3332 Utnomina
547 3273 830 3340 auscultationem
850 3293 914 3334 non
937 3273 1120 3333 recitentur.

183 3454 211 3516 ff
246 3372 364 3436 XLIX.
406 3377 459 3438 De
478 3397 546 3444 non
573 3378 750 3442 recitandis
772 3377 957 3440 nominibus
982 3386 1157 3460 antequam
1183 3373 1304 3437 oblatio

162 3479 182 3519 ο
208 3468 327 3518 eratus.

248 3537 347 3624 Qubd
363 3561 426 3602 non
446 3543 480 3602 in
504 3545 604 3606 tribus
621 3544 742 3606 tantrlm
755 3546 870 3626 linguis
892 3540 1032 3606 orandus
1051 3545 1094 3602 sit
1112 3545 1217 3605 Deus.

245 3622 286 3683 Lr
324 3626 367 3684 Ut
388 3625 499 3688 nullus
523 3627 634 3689 credat
652 3629 742 3710 qnbd
763 3626 895 3690 nonnisi
911 3627 946 3686 in
960 3624 1063 3686 tribus
1083 3624 1304 3768 lingpisDeus

162 3706 307 3768 orandus
331 3706 385 3780 sit3
408 3708 485 3790 quia
501 3710 535 3770 in
558 3710 647 3772 omni
667 3711 781 3796 lingua
798 3713 888 3774 Deus
905 3709 1067 3788 adoratur,
1084 3718 1118 3770 et

163 3788 309 3868 auditur,
325 3790 353 3852 si
371 3790 455 3854 iusta
476 3793 619 3876 petierit.

1162 3729 1235 3769 omo
1250 3729 1306 3770 61·

290 3905 335 3968 Ut
350 3905 504 3991 Episcopi
519 3920 550 3968 et
571 3909 757 3986 Presbyteri
779 3917 913 3972 canones
938 3927 1003 3974 non
1024 3909 1179 3986 ignorent.
1265 3975 1268 3983 ἲ

244 4011 297 4074 LI.
329 4015 383 4108 'Ut
411 4014 497 4075 nulli
521 4014 758 4112 Episcoporum
781 4024 815 4080 et
840 4015 1052 4101 sacerdotum
1071 4012 1170 4080 liceat
1197 4035 1304 4084 sacros

162 4113 304 4162 canones
327 4115 488 4180 ignorare.
1143 4144 1146 4154 ‹
1206 4152 1207 4156 ,

175 4229 428 4248 m

129 4316 135 4358 .’
199 4306 238 4367 g)
257 4299 291 4353 al.
311 4319 357 4355 nn.
378 4302 613 4371 occupationibus.
