2928 4986
201 208 275 284 318
463 225 606 284 ncne.
712 224 970 286 csrrrotttnn
1065 231 1127 290 su.

200 371 287 433 tibus
303 368 422 432 serviet
442 369 553 452 paucis
572 367 696 430 diebus.
738 371 801 432 Res
818 391 913 448 vero,
940 369 967 432 si
991 392 1071 452 quas
1092 370 1207 452 hebet,
1229 393 1362 454 paren·

202 449 288 515 tibus
311 451 376 513 suis
397 455 463 529 (aut
483 451 592 512 amicis
613 457 644 531 g)
666 453 881 516 commendet.
930 454 1071 536 Expleto
1090 461 1200 515 eutem
1224 457 1359 538 proba·
1444 460 1445 463 ’

201 536 300 598 tionis
320 556 395 596 suae
414 554 512 612 enno,
535 535 716 596 secundum
732 536 821 618 quod
836 537 951 620 regula
965 537 1124 620 praecipit
1141 538 1220 598 inde
1239 539 1360 598 faciat.

201 622 273 702 lpse
301 639 380 680 vero
411 637 472 678 nec
496 616 687 694 tondentur,
716 639 777 680 nec
802 621 995 681 vestimentu
1023 619 1160 702 pristine
1182 621 1358 698 immutet,

200 701 391 788 priusquam
406 699 624 762 obedientium
641 700 805 783 promittat
826 703 867 781 t).

314 807 364 868 De
382 807 560 884 Monunio,
582 807 664 892 quid
680 820 752 888 agat
766 821 841 892 post
849 807 974 890 factam
987 809 1232 893 professionem.

289 913 432 979 XXXV.
476 917 519 975 Ut
536 914 727 992 Monachus,
754 915 956 999 professione
976 917 1076 995 facte,
1101 917 1207 980 tribus
1231 917 1355 980 diebus

205 996 335 1066 cuculle
358 1007 549 1082 coopertum
566 996 683 1058 haheat
704 1007 810 1082 caput.

289 1107 338 1166 De
359 1125 482 1190 puero,
512 1117 546 1164 ut
560 1117 654 1188 pater
670 1117 700 1164 et
723 1117 825 1164 mater·
838 1127 908 1165 eum
928 1103 974 1166 ad
989 1107 1090 1168 altare
1109 1106 1263 1190 offerant.

290 1209 451 1276 XXXVI.
495 1213 538 1270 Ut
561 1231 699 1294 puerum
713 1220 806 1296 pater
825 1220 880 1270 unt
894 1219 996 1272 mater
1010 1221 1154 1296 tempore
1171 1214 1354 1276 oblationis

206 1297 397 1377 (secundum
418 1293 564 1376 regulam
584 1296 605 1372 ι)
628 1293 764 1355 offerant
778 1295 829 1370 (ad
844 1295 944 1356 altare
964 1295 1004 1374 t),
1028 1306 1060 1357 et
1077 1297 1272 1393 petitionem
1290 1320 1352 1380 pro

207 1405 246 1444 eo
266 1401 374 1443 corum
393 1377 483 1438 laicis
502 1377 637 1438 testibus
657 1378 789 1452 fociant,
804 1399 901 1457 quum
917 1387 1061 1459 tempore
1081 1381 1287 1464 intelligibili
1301 1401 1353 1442 re*

208 1465 317 1550 gulam
337 1462 506 1524 observare
531 1460 725 1542 promiserit,
747 1460 816 1542 ipse
833 1481 917 1542 puer
932 1462 1110 1523 confirmet.

332 1573 388 1634 De
412 1567 587 1652 infantibus
610 1569 738 1640 oblatis,
764 1581 798 1626 nt
814 1588 942 1629 carnem
961 1590 1024 1630 non
1044 1567 1221 1630 comedumt.

290 1675 470 1742 XXXVII.
513 1677 555 1736 Ut
569 1676 709 1740 infantes
724 1676 824 1740 oblati
846 1693 986 1758 carnem,
1010 1698 1076 1738 nou
1099 1677 1162 1738 nisi
1182 1679 1280 1738 causet
1304 1677 1352 1736 in·
1443 1711 1444 1714 =

209 1761 379 1838 firmitatis,
400 1757 607 1820 manducent.

410 1871 466 1932 De
480 1866 644 1950 fratribus
668 1879 744 1952 post
766 1880 891 1930 sextam
910 1863 1148 1930 dormientibus.

293 1972 493 2054 XXXVIII.
535 1976 578 2034 Ut
597 1975 729 2056 qnando
748 1973 863 2038 fratres
883 1984 954 2058 post
971 1974 1093 2038 sextam
1108 1972 1294 2051 dormiunt,
1325 1972 1350 2032 si

212 2060 285 2144 quis
316 2079 430 2121 eorum
460 2056 605 2122 voluerit
625 2058 754 2140 legere,
792 2059 826 2118 in
852 2055 1000 2120 Ecclesia
1031 2065 1087 2118 eut
1113 2057 1147 2116 in
1171 2058 1260 2118 lecto
1293 2077 1352 2117 suo

212 2146 243 2206 le
267 2151 306 2203 nt.
403 2201 406 2208 ,

246 2166 303 2310 gDe
316 2247 488 2330 fratribus,
511 2257 660 2329 utusque
680 2267 794 2308 nonum
811 2247 845 2306 in
863 2244 1114 2329 Quadragesimu
1129 2229 1312 2329 operentur.

294 2351 456 2420 XXXIX.
500 2351 595 2412 Utin
615 2353 867 2436 Quadrngesima
889 2371 991 2434 usque
1009 2351 1050 2412 ad
1073 2371 1191 2411 nonam
1210 2371 1353 2435 operen-

211 2451 267 2501 tur
290 2440 421 2515 fratres,
453 2444 614 2518 quatenus
637 2435 734 2498 Missa
755 2435 916 2499 celebrate
937 2441 1081 2521 tempore
1104 2455 1250 2518 congruo
1274 2433 1352 2495 refi-

212 2523 309 2586 ciant.

211 2629 268 2693 De
288 2627 336 2686 Iris
356 2622 519 2707 fratribus
551 2624 607 2707 qui
628 2623 768 2707 quolibet
797 2616 891 2685 modo
900 2667 912 2696 ,
943 2636 1048 2685 tamen
1071 2626 1215 2704 graviter
1243 2625 1352 2685 delin-

729 2719 839 2788 quunt.

294 2814 360 2877 XL.
402 2814 445 2873 Ut
465 2809 588 2888 (domus
604 2813 766 2890 semotnl)
792 2811 844 2873 his
857 2813 914 2895 qui
933 2815 1058 2897 fugere,
1081 2823 1136 2874 eut
1153 2813 1272 2896 pugnis
1292 2815 1352 2875 ba-

213 2897 335 2962 culisve
358 2893 445 2956 inter
470 2917 503 2956 se
525 2897 691 2956 voluerint
711 2894 906 2978 confligere,
933 2908 988 2958 eut
1016 2897 1134 2982 quibus
1161 2899 1195 2957 in
1222 2897 1351 2980 integro

213 2985 315 3044 sectae
334 2988 411 3042 sunt
424 2978 590 3060 regulares
611 2977 820 3060 disciplinae,
848 2977 1005 3040 habeatur
1025 2979 1210 3041 huiusmodi
1231 2983 1296 3062 que
1315 2981 1350 3040 in

211 3065 328 3148 hyeme
347 3061 430 3144 ignis
450 3059 551 3144 possit
566 3061 712 3137 accendi,
733 3069 765 3122 et
779 3060 896 3122 atrium
916 3061 1007 3123 iuxtrl
1025 3061 1066 3124 sit
1086 3063 1200 3145 inquo
1219 3063 1352 3126 valeant

213 3147 302 3230 quod
316 3145 362 3206 eis
377 3143 571 3226 iniungitur,
594 3141 731 3227 operari.
997 3151 999 3154 ’

234 3256 283 3314 De
305 3273 341 3314 eo
362 3252 469 3335 quiin
492 3249 663 3332 refectorio
688 3249 879 3330 negligenter
898 3270 1006 3313 coram
1020 3247 1183 3332 fratribus
1204 3253 1332 3336 aliquid

692 3335 874 3394 excesserit.

255 3425 260 3434 ¹
294 3439 377 3503 XLI.
404 3443 462 3526 ,Ut
482 3439 509 3502 si
530 3439 603 3523 quis
625 3439 831 3522 negligenter
853 3439 995 3502 sonitum
1019 3439 1155 3519 feeerit,
1182 3448 1238 3500 aut
1259 3440 1350 3500 eliud

210 3525 293 3610 quid
306 3523 482 3586 excesserit
501 3523 536 3584 in
551 3523 737 3602 refectorio,
762 3543 836 3584 mox
855 3525 873 3584 ὰ
892 3523 1005 3586 Priore
1025 3523 1154 3585 veniam
1171 3532 1259 3607 petet
1276 3529 1328 3602 m).

212 3646 440 3660 mm

244 3703 284 3821 g)
301 3699 409 3751 Desunt
425 3698 455 3750 in
473 3696 507 3749 nl.
529 3714 590 3751 mss.
837 3696 878 3763 in)
896 3697 929 3748 el.
959 3713 1006 3750 ms.
1032 3699 1125 3752 addit:
1155 3713 1187 3752 et·
1208 3712 1349 3756 annuente

264 3770 338 3834 Jal.
357 3787 404 3821 ms.
422 3769 522 3822 addin
541 3767 574 3820 id
595 3780 633 3820 est
657 3785 755 3821 secun-
890 3768 986 3821 Priore
1003 3781 1108 3837 surgat.
1143 3771 1277 3822 Servetur
1304 3783 1346 3822 ta·
1445 3779 1446 3782 ’

298 3838 360 3892 dum
390 3841 513 3909 regulam
548 3840 641 3892 sancti
668 3841 755 3892 Bene·
890 3855 952 3890 men
967 3839 1088 3892 silentio.
1111 3840 1150 3890 Et
1168 3839 1229 3892 dum
1248 3844 1349 3911 egressi
1445 3835 1446 3856 ²

297 3908 368 3962 dicti
391 3909 589 3980 professionem
613 3911 644 3962 in
669 3910 756 3964 eccle·
879 3907 1004 3990 fuerint,
1024 3911 1131 3979 expleta
1149 3913 1288 3972 oratione,
1301 3929 1349 3964 os·
1445 3909 1446 3922 ¹

296 3983 340 4032 sio
348 3979 454 4052 sociat.
891 3995 967 4028 nram
982 3991 1069 4048 petet,
1089 3993 1116 4032 et
1132 3980 1284 4038 secundum,
1294 4001 1347 4032 mn-

248 4054 283 4118 i)
301 4052 408 4104 Desunt
426 4050 455 4102 in
473 4048 508 4100 sl.
526 4065 587 4100 mss.
893 4046 956 4100 dum
990 4049 1086 4122 culpae
1120 4049 1225 4106 iudicio
1255 4053 1348 4105 subin-

246 4123 286 4188 k)
305 4122 412 4174 Desunt
427 4121 457 4172 in
475 4119 509 4170 al.
528 4135 589 4173 mss.
892 4130 962 4172 ccat.

247 4193 280 4258 l)
304 4190 338 4242 al.
357 4207 404 4246 ms.
423 4207 529 4244 carcer.
