2928 4986
210 239 285 316 344
435 261 472 322 n.
493 258 582 318 cas.
686 257 944 318 consumma
1051 261 1119 324 ssa

468 402 517 462 De
538 399 702 488 beneficiis
722 401 891 464 dominicis
910 401 1093 464 destncctis.

296 511 352 574 xl.
393 511 441 572 De
461 509 629 572 beneficiis
653 509 790 586 nostris,
819 531 902 606 qnae
928 508 1093 604 destructa
1111 509 1371 579 inveniuntur.

212 593 275 658 boc
294 591 467 678 impleatur
487 593 576 678 quod
594 613 700 676 nuper
723 593 742 654 a
764 591 857 654 nobis
876 601 1091 654 constitutum
1109 603 1172 655 est.

274 712 325 772 De
332 708 424 792 salso
445 723 570 772 moneto
587 722 618 770 ct
637 707 677 770 de
697 707 771 770 aliis
789 707 928 770 &versis
952 712 1055 770 causis
1070 709 1319 794 prohibendis.

295 817 368 878 ΧΠ.
410 817 459 878 De
488 837 571 876 nova
596 821 745 891 monete,
767 822 800 874 et
822 813 863 876 de
889 813 970 876 falsa
991 823 1142 893 moneta,
1173 819 1284 880 etde
1308 819 1370 881 dis-

212 908 310 987 pecta
337 899 517 960 litterarum
542 905 724 960 neruorum
750 905 783 958 et
807 895 848 958 de
874 897 1055 960 latronibus
1081 902 1295 962 coercendis
1321 907 1369 965 vel

212 981 407 1072 puniendis,
431 989 465 1044 et
483 981 523 1044 de
541 979 636 1042 faidis
658 978 828 1062 pacandis,
850 979 890 1042 de
916 979 1100 1042 homicidiis
1146 983 1369 1062 rohibendis,

213 1067 255 1130 de
274 1063 428 1150 periuriis
454 1071 488 1126 et
508 1063 595 1125 falsis
617 1063 752 1124 testibus
774 1063 1034 1146 compescendis,
1058 1063 1098 1124 da
1121 1003 1175 1127 bis
1210 1069 1368 1130 omnibus

212 1150 266 1212 vel
289 1147 424 1228 caeteris
447 1145 499 1208 bis
522 1145 683 1210 similibus
703 1144 767 1206 boc
783 1144 874 1228 qnod
894 1146 989 1206 modo
1009 1145 1277 1230 constituimus,
1304 1175 1368 1214 om·

214 1233 310 1296 nibus
323 1229 537 1294 adnuntietur
550 1238 584 1291 et
601 1228 636 1290 in
653 1229 801 1290 futurum
820 1229 1018 1291 observetur.

403 1347 459 1412 De
484 1345 657 1409 lllissoruns
680 1344 1167 1410 dominicorum‘observntionc.

295 1451 389 1518 Xlll.
429 1453 498 1516 Hoc
521 1453 670 1516 volumus
691 1460 727 1511 ut
747 1449 834 1512 Missi
859 1451 961 1512 nostri
982 1451 1174 1532 observent,
1205 1465 1249 1516 nt
1271 1457 1366 1538 qnie-

213 1538 296 1625 quid
311 1537 350 1600 de
366 1535 417 1598 his
439 1535 542 1599 causis
563 1535 615 1598 vel
634 1533 729 1598 simul
754 1534 806 1594 vel
830 1533 1021 1616 singillatim
1039 1537 1225 1600 emendare
1251 1549 1366 1621 potue-

213 1623 300 1700 rint,
321 1618 513 1694 emendent,
529 1627 562 1680 et
578 1640 615 1682 ea
635 1638 718 1700 qnae
738 1616 999 1695 emendaverint,
1025 1618 1211 1701 diligenter
1233 1621 1364 1705 scriptis

214 1711 339 1769 notent.
367 1702 409 1763 Et
424 1701 486 1764 boc
500 1701 546 1763 sic
560 1721 715 1784 peragere
730 1709 863 1776 curent,
883 1700 1038 1782 quatinus
1052 1700 1134 1763 inste
1152 1704 1364 1784 reprehendi

214 1791 233 1852 b
257 1806 422 1871 quoquam
449 1783 638 1846 nullatenus
666 1783 797 1866 possint.
838 1783 881 1844 Et
905 1803 988 1864 quae
1012 1785 1119 1846 lacere
1150 1787 1292 1850 debent
1315 1797 1363 1848 ant

213 1877 365 1957 possunt,
391 1865 579 1929 nullatenus
600 1865 873 1950 praetermittant3
899 1865 995 1926 immo
1015 1876 1149 1928 caveant
1175 1891 1247 1947 ne,
1275 1871 1362 1953 quod

215 1953 315 2029 absit,
338 1958 395 2012 aut
417 1949 517 2032 gratie
537 1949 699 2026 alicuius,
724 1958 780 2010 aut
802 1947 937 2010 honoris
958 1958 1014 2010 ant
1035 1949 1164 2012 timoris
1192 1953 1273 2016 sive
1300 1953 1363 2013 odii

215 2038 329 2114 causi,
346 2031 431 2096 illud
451 2033 540 2114 quod
556 2053 650 2116 agere
670 2032 792 2095 debent
812 2031 970 2092 omittant.
999 2033 1041 2092 Et
1061 2037 1280 2116 summopere
1305 2047 1364 2096 sta-

216 2121 314 2182 deant
334 2125 371 2177 ut
391 2115 454 2180 hoc
469 2116 558 2198 quod
580 2137 640 2198 per
663 2136 697 2177 se
717 2115 846 2178 efficere
869 2136 935 2175 non
951 2125 1101 2198 possunt,
1126 2117 1232 2180 nohis
1249 2129 1363 2180 notum

214 2203 345 2264 iaciant.
387 2199 431 2260 Et
453 2197 645 2260 omnimodis
671 2198 882 2282 praevideant
902 2206 939 2257 ut
960 2219 1020 2280 per
1040 2197 1172 2279 singula
1194 2203 1362 2286 capitula,

121 2301 128 2320 ⁶
215 2295 280 2347 tam
296 2281 403 2346 verbis
422 2301 519 2364 quam
541 2281 690 2364 scriptis,
712 2280 752 2342 de
770 2281 920 2342 omnibus
943 2301 1027 2362 qnae
1050 2281 1121 2342 illic
1140 2286 1362 2369 peregerint,

217 2367 310 2430 nobis
327 2365 486 2428 rationem
500 2365 636 2427 reddere
653 2364 792 2426 valeant.

380 2481 430 2544 De
447 2480 575 2563 placitis
597 2482 617 2540 ὰ
637 2480 746 2542 liberis
765 2479 943 2541 bominibus
963 2479 1188 2542 observandis.

297 2587 389 2651 xlv.
429 2587 480 2648 De
497 2585 625 2670 placitis
644 2585 807 2668 siquidem
835 2605 917 2668 quos
944 2585 1040 2647 liberi
1069 2585 1226 2651 homines
1247 2592 1360 2654 obser-

178 2675 181 2684 '
214 2670 444 2747 varedebent‚
473 2669 661 2730 constitutio
681 2668 837 2752 genitoris
861 2669 963 2728 nostri
988 2669 1116 2752 penitas
1148 2671 1359 2738 observanda

215 2763 311 2834 atque
328 2752 469 2814 tenenda
486 2761 553 2829 est,
578 2761 615 2812 nt
632 2751 786 2813 videlicet
800 2749 833 2810 in
851 2771 937 2810 anno
953 2753 1015 2812 tria
1030 2752 1241 2816 solummodo
1264 2781 1359 2841 gene·

213 2837 294 2900 ralia
307 2834 425 2920 placita
439 2834 627 2912 observent,
648 2843 680 2896 et
692 2835 803 2894 nullus
817 2855 871 2894 eos
888 2834 1025 2917 amplius
1039 2835 1158 2916 placita
1178 2839 1357 2902 observare

214 2918 405 3002 compellat;
427 2918 489 2980 nisi
510 2917 593 2978 forte
614 2917 755 3000 quilibet
769 2925 825 2976 aut
847 2925 1015 2978 accusatus
1037 2918 1152 2994 fuerit,
1176 2931 1237 2982 aut
1258 2925 1358 2985 alium

214 3001 433 3078 accusaverit,
454 3009 511 3062 aut
530 2999 570 3060 ad
587 2999 808 3060 testimoninm
828 2999 1068 3080 perhibendum
1088 3011 1223 3066 vocatus
1245 3007 1356 3068 fuerit.

212 3085 264 3146 Ad
281 3094 408 3146 caetera
426 3105 504 3145 vero
523 3103 606 3165 quae
623 3081 812 3143 Centenarii
836 3091 952 3142 tenent
969 3104 1034 3156 non
1059 3083 1142 3145 alius
1161 3087 1284 3150 venire
1306 3091 1356 3150 in-

211 3168 344 3246 beatur,
363 3165 424 3228 nisi
441 3167 499 3248 qui
522 3175 578 3225 aut
600 3165 726 3246 litigat,
748 3173 813 3224 aut
834 3163 979 3242 indicat,
1004 3174 1061 3225 aut
1080 3167 1289 3232 testificatur.

411 3285 466 3346 De
483 3281 590 3343 debito
606 3279 651 3342 ad
667 3302 745 3365 opas
760 3279 951 3342 dominicum
965 3281 1152 3344 rewadiato.

292 3388 354 3450 XV
405 3390 448 3448 Ut
464 3387 503 3448 de
525 3387 635 3449 debito
658 3386 748 3468 qnod
762 3387 803 3447 ad
819 3407 899 3470 opus
917 3397 1062 3448 nostrum
1076 3389 1176 3451 fuerit
1193 3394 1355 3456 rewadia-

210 3481 279 3532 tum
294 3471 367 3535 talis
386 3470 603 3532 consideratio
621 3469 695 3544 liat,
713 3477 749 3528 ut
769 3469 868 3552 isqui
885 3469 1075 3551 ignoranter
1088 3475 1261 3554 peccavit,
1285 3499 1352 3538 non

209 3564 314 3616 totum
337 3554 517 3616 secundum
537 3553 643 3636 legem
669 3573 863 3635 componere
887 3562 1040 3635 cogatur,
1066 3555 1123 3615 sed
1145 3555 1237 3616 iuxta
1261 3560 1352 3640 quod

208 3636 362 3720 possibile
389 3636 493 3697 visum
522 3635 632 3696 fucrit.
674 3637 703 3696 ls
732 3657 809 3698 vero
832 3635 889 3717 qui
914 3645 1038 3696 tantum
1064 3637 1146 3696 malai
1177 3641 1351 3705 voluntate

208 3719 377 3806 peccavit,
396 3727 495 3779 totam
510 3719 591 3802 legis
606 3717 874 3802 compositionem
891 3728 1024 3802 cogatur
1038 3721 1220 3782 exsolvere.

248 3839 304 3900 De
322 3837 371 3896 lais
390 3837 446 3919 qni
465 3834 510 3897 ad
530 3819 686 3921 palatium
704 3835 774 3976 veit
782 3836 816 3894 in
840 3836 960 3896 hostem
980 3848 1135 3919 pergant,
1159 3839 1209 3898 vel
1229 3839 1306 3901 inde

713 3938 747 3978 re
773 3930 854 3977 eant.

288 4027 374 4088 XVl.
417 4029 459 4088 Ut
475 4025 585 4086 nullus
603 4021 643 4084 ad
657 4024 813 4107 palatium
832 4023 883 4084 vel
910 4024 943 4083 in
961 4023 1087 4085 hostem
1104 4046 1265 4108 pergens,
1292 4031 1346 4092 vel

208 4111 247 4172 de
264 4110 382 4191 palatio
401 4109 453 4172 vel
474 4107 626 4169 de'hoste
646 4107 793 4186 rediens,
816 4106 990 4186 tributum,
1008 4107 1095 4190 quod
1112 4120 1270 4172 trasturas
1287 4134 1346 4177 vo-

207 4202 304 4269 cant,
317 4194 445 4255 solvere
469 4199 611 4274 cogatur.
1281 4189 1286 4194 “
