2952 4988
57 368 62 378 »
159 335 235 414 228
392 355 429 416 a
447 353 536 414 cun.
639 351 898 413 cartruuaau
1003 349 1069 414 su.

241 496 316 562 XV.
359 499 408 561 De
430 494 636 558 ordinatione
654 493 905 574 ecclesiastica,·
922 503 956 556 et
982 481 1087 555 officio
1110 491 1251 570 Missae,
1277 497 1314 553 et

24 639 31 652 .
157 583 230 648 Reii
257 581 319 644 uiis
333 581 549 656 Sanctorum,
572 587 606 640 et
624 577 786 640 Oratoriis
809 577 989 640 villaribus.

274 665 331 728 vl.
372 665 422 726 De
441 659 596 724 altaribus
616 681 683 721 non
703 661 950 739 consecrandis,
974 653 1035 721 ni'si
1053 656 1202 743 lapideis.

239 745 348 812 xvh.
389 747 439 807 De
454 743 701 806 confirmatione
722 764 799 805 oum
817 741 999 806 chrismate.

239 828 360 894 XVIII.
399 827 510 889 Deba
534 825 639 888 tiemo.

174 947 188 964 ι
238 911 327 975 XIX.
368 911 418 970 De
433 848 555 972 Pascha
572 917 605 970 et
619 907 673 968 die
687 906 851 972 dominico
866 915 898 971 et
906 905 1046 992 reliquis
1061 903 1308 970 festivitatibus·

239 993 309 1056 XX.
350 993 400 1054 De
421 991 554 1054 ieiuniis
570 999 603 1052 et
620 990 881 1073 quadragesima,
902 991 957 1055 vel
973 989 1113 1052 letaniis.
1338 985 1344 1002 ‘

237 1077 325 1138 XXL
369 1075 411 1134 Ut
427 1073 620 1136 festivitates
634 1073 799 1156 preclarae
818 1095 884 1136 non
903 1071 966 1135 nisi
983 1073 1018 1134 in
1039 1071 1225 1136 civitatibus
1247 1078 1308 1131 aut

158 1163 192 1223 in
216 1156 656 1305 viqiqqqubquislpeneapitur.

343 1285 350 1300 .
424 1261 441 1300 e
485 1260 523 1300 oc
540 1261 560 1300 o
596 1258 658 1299 cro.

239 1323 361 1385 xxm.
404 1323 446 1382 Ut
466 1338 578 1383 omnes
594 1319 706 1382 fideles
719 1319 981 1400 communicent,
998 1319 1085 1384 etad
1100 1308 1210 1382 Missas
1228 1338 1305 1404 per·

157 1413 332 1492 expectent
352 1404 483 1464 finalem
498 1403 772 1486 deprecationem.
1253 1471 1259 1479 ι

237 1491 287 1566 De
313 1485 533 1569 Presbyteris,
554 1485 728 1564 Diaconis‚
751 1495 784 1546 et
800 1479 939 1568 reliquis
958 1507 1000 1547 ex
1023 1477 1123 1546 ciero.
1164 1483 1221 1546 Ex
1242 1481 1303 1545 de·—

156 1577 251 1635 crctta
275 1581 306 1628 ct
326 1589 445 1630 canone
463 1569 565 1629 sancti
583 1566 744 1646 Syluertri
758 1581 790 1629 ct
807 1568 983 1634 LXXXIV.
1002 1567 1244 1652 Episcoporum.

239 1651 332 1714 Fecit
357 1649 417 1712 hoa
439 1651 556 1734 gradus
587 1651 622 1712 in
647 1650 769 1732 gremio
798 1651 942 1734 Synodi,
977 1649 1101 1712 utnon
1128 1649 1304 1732 Presbyter

157 1731 311 1800 adversus
320 1733 438 1816 Episeo
463 1754 533 1810 um,
550 1755 615 1796 uon
626 1733 792 1796 Diacouus
804 1733 958 1796 adversus
970 1723 1218 1816 Presbyterum,
1233 1751 1302 1795 non

157 1817 385 1894 subdiaconus
416 1755 569 1878 adversius
598 1813 802 1894 Diaconum,
843 1837 909 1878 non
942 1816 1110 1878 Exul-cista
1147 1813 1304 1876 adversus

156 1901 357 1984 Acotytum,
387 1919 453 1958 non
474 1899 592 1960 Lector
615 1897 768 1962 adversus
791 1898 1019 1977 Exorcistam,
1053 1919 1121 1958 uon
1141 1895 1303 1957 Ostiariua

157 1981 311 2045 adversus
329 1979 502 2042 Lectorem
525 1981 581 2042 det
607 1982 846 2044 accusationem
867 1981 1020 2062 aliquam.
1063 1981 1106 2040 Et
1125 2000 1192 2040 non
1211 1979 1305 2039 dam-.
1420 2049 1424 2058 ¹

157 2065 288 2128 nubitur
300 2063 435 2126 Praesul
456 2062 525 2125 sine
544 2063 748 2146 septuaginta
762 2063 887 2126 duobus
906 2063 1060 2134 testibus;
1084 2081 1192 2144 neque
1206 2062 1304 2122 Prae·

122 2219 125 2224 Δ
157 2149 368 2211 sul'summus
392 2145 410 2208 d
431 2165 595 2228 quoquam
621 2145 838 2224 iudicabitur,
867 2146 1023 2228 quoniam
1048 2146 1205 2228 scriptum
1232 2151 1303 2204 est:

157 2231 231 2293 Non
246 2243 293 2289 est
310 2229 486 2311 discipulus
509 2249 605 2312 super
620 2231 813 2308 magistrum.
856 2229 1028 2313 Presbyter
1041 2237 1165 2304 autem,
1188 2223 1249 2286 nisi
1264 2224 1301 2284 in

157 2311 371 2396 quadraginta
391 2320 532 2392 quatuor
552 2305 761 2388 testimoniis,
790 2325 855 2372 nou
878 2311 1093 2372 damnabitur.
1133 2307 1299 2370 Diaconus

159 2405 268 2456 autem
283 2395 316 2455 in
334 2393 466 2454 cardine
480 2393 674 2454 constitutus
690 2393 778 2454 urbis
791 2395 929 2470 Romae,
951 2395 1015 2456 nisi
1029 2391 1163 2476 triginta
1179 2401 1304 2472 septem

157 2477 314 2554 testibus,
337 2497 402 2537 nou
418 2475 698 2537 condemnabitur.
741 2475 985 2555 Subdiaoouus,
1007 2477 1180 2559 Acolytus,
1195 2474 1305 2534 Exor-

159 2561 254 2638 cista,
276 2561 410 2635 Lector,
432 2557 517 2635 nisi,
540 2557 626 2619 sieut
646 2559 803 2642 scriptum
826 2569 891 2636 est,
914 2557 948 2617 in
969 2569 1091 2642 septem
1108 2554 1304 2618 testimoniis

160 2643 244 2704 filios
264 2640 420 2702 habentes
447 2649 480 2702 et
506 2661 660 2719 uxorem,
682 2649 715 2703 et
732 2641 866 2702 omninb
885 2639 1051 2706 Christum
1068 2638 1304 2725 praedicantes.

162 2726 217 2788 Sic
232 2725 327 2785 datur
345 2723 479 2806 mystica
494 2722 621 2784 veritas.

343 2931 681 2997 CAPITULARE
722 2932 849 2996 ANNI
888 2929 1123 2998 DCCCVII.

166 3123 241 3196 Iste
267 3117 457 3213 Capitulus
493 3096 564 3186 fuit
597 3114 771 3283 damshqn
802 3138 897 3188 anno
931 3117 1087 3212 septimo
1119 3117 1166 3188 ad
1190 3112 1307 3212 Aquis

649 3235 695 3306 pa
747 3237 835 3284 rum.

165 3395 480 3474 Memoratorium
506 3395 666 3486 qualiter
699 3395 977 3486 ordinavimus,
1010 3401 1168 3491 propter
1182 3395 1308 3488 furuis

217 3499 407 3593 inopium,
434 3507 475 3566 ut
503 3496 549 3564 de
569 3496 679 3662 aurp,
687 3493 882 3661 {aquariae
899 3523 1025 3569 omuea
1047 3495 1256 3567 exercitare

678 3619 697 3661 e
722 3607 821 3664 eunt.

171 3801 281 3884 CaP·I·
325 3765 371 3880 In
385 3818 496 3902 primis
508 3817 697 3900 quicunque
711 3816 995 3882 beneficiahahere
1008 3823 1179 3900 ridentur,
1197 3841 1309 3883 omnes

114 3909 121 3922 ⁸
172 3908 208 3967 in
232 3905 359 3967 hostem
379 3899 524 3962 veniant.

254 4038 297 4099 It.
340 4026 535 4110 Quicunque
549 4029 765 4092 libermansos
774 4029 921 4114 quinque
933 4033 972 4096 de
982 4035 1177 4117 proprietate
1188 4037 1310 4100 habere

172 4119 318 4192 videtur,
339 4113 490 4176 ,similiter
510 4113 542 4172 in
564 4109 691 4173 hostem
706 4113 825 4174 veniat.
867 4117 910 4178 Et
935 4119 992 4197 qui
1017 4128 1158 4199 quatuor
1182 4141 1310 4182 mansos

172 4202 293 4276 habet,
304 4195 456 4260 similiter
473 4195 578 4256 faciat.
601 4195 666 4271 Qui
682 4203 748 4256 tres
761 4196 880 4262 habere
896 4189 1040 4276 videtur,
1063 4201 1213 4262 similiter
1226 4213 1310 4285 agat.
1365 4233 1369 4242 ·

173 4281 371 4360 Ubicunque
399 4276 657 4362 auteminventi
681 4277 804 4341 fuerint
829 4281 893 4343 duo
917 4303 1056 4364 quorum
1082 4284 1309 4369 unusquisque
