2920 4972
186 263 209 331 2
364 271 400 327 A.
425 267 513 324 CllR.
569 287 576 300 ·
627 267 882 326 caaltulaala
1012 267 1074 325 500.

184 437 258 482 rum
278 411 339 476 sibi
363 409 508 472 omnium
523 407 718 493 populorum
731 406 866 492 provida
883 406 1053 471 sollicitius
1076 418 1183 472 mente
1208 418 1319 472 tracta·

185 521 233 579 re,
248 507 281 560 et
296 514 353 579 pro
365 492 476 578 quiete
496 513 609 552 eorum
626 511 841 573 quaecunque
860 490 942 552 iuste
959 491 998 568 b),
1020 499 1096 551 sunt
1118 492 1319 554 observanda

186 581 290 645 indita
302 581 334 640 in
344 575 447 638 titulis
459 574 690 636 constitutione
700 572 922 635 conscribere:
942 573 1059 655 quibus
1071 586 1229 657 quantum
1244 577 1318 672 plus

184 657 441 744 fueritiustitiae
465 666 562 738 atque
585 655 778 738 integritatis
807 656 1004 738 impensum,
1035 665 1162 720 tantum
1185 680 1321 740 pronius

185 765 274 809 amor
294 740 479 806 devotionis
496 738 665 804 incumbit.
707 737 849 820 Ideoque
864 757 923 818 per
935 738 1020 799 hano
1033 742 1217 822 generalem
1242 763 1322 802 auc·

186 829 350 904 toritatem
376 820 614 907 praecipientes
627 819 776 882 iubemus
798 830 834 882 ut
852 819 886 880 iu
902 821 1052 884 omnibus
1067 825 1169 886 causis
1195 823 1321 904 antiqui

185 911 578 982 iurisformachervetnr,
595 903 891 966 etnnllaseutcntia
909 903 1089 986 dquolibet
1101 905 1320 968 iudicumvim

185 991 344 1058 firmitatis
359 988 514 1064 obtineat,
529 1008 612 1070 quae
627 986 759 1048 modum
776 986 858 1068 legis
869 994 965 1067 atque
986 987 1157 1070 aequitatis
1180 987 1319 1050 excedit

270 1075 315 1138 ll.
357 1071 397 1134 In
410 1079 581 1154 pareutum
595 1090 672 1152 ergo
682 1068 937 1132 successionibus
950 1069 1107 1151 quicquid
1126 1071 1253 1152 legibus
1266 1069 1325 1132 de··

186 1158 332 1226 cernitur
347 1153 549 1227 observetur,
565 1151 714 1212 omuibus
730 1162 842 1214 contra
861 1151 1055 1235 impetraadr
1073 1153 1200 1238 aliquid
1214 1149 1320 1214 lacenss

185 1246 230 1308 tia
246 1241 418 1319 derogata:
441 1233 567 1316 quaesi
586 1234 736 1318 quolibet
749 1235 866 1297 ordine
881 1235 1047 1318 impetrata
1067 1237 1169 1300 fucrit
1190 1236 1245 1298 vel
1263 1233 1322 1296 ob-

186 1321 318 1401 tenta,d
342 1317 504 1380 iudicibus
527 1315 713 1400 repudiata,
735 1317 842 1379 inanis
855 1317 1013 1380 habeatnr
1027 1328 1061 1382 et
1078 1341 1189 1382 vacua.

271 1403 328 1466 111.
349 1399 385 1464 si
402 1399 476 1484 quis
498 1400 532 1460 iu
551 1400 662 1482 aliquo
676 1399 813 1461 crimine
832 1400 933 1463 tuerit
953 1411 1132 1480 accusatus,
1153 1422 1219 1464 uon
1242 1423 1323 1463 con-

188 1491 360 1556 demnetur
376 1483 507 1568 penitus
527 1482 700 1543 inauditus.
742 1482 807 1543 Sed
822 1505 849 1544 aa
865 1481 899 1543 ia
921 1482 1058 1547 erimine
1088 1493 1269 1562 accusatur,
1291 1493 1325 1546 et

186 1573 296 1637 habita
310 1565 509 1632 discussione
524 1561 626 1627 fuerit
640 1566 771 1628 fortasse
790 1567 977 1645 convictus,
1005 1589 1065 1653 pro
1088 1565 1184 1638 modo
1212 1567 1324 1628 crimi-

188 1657 238 1721 uis
253 1648 459 1734 [sonnatium
478 1647 617 1731 excipiat
635 1646 769 1708 ultionis
788 1647 832 1728 d).

271 1731 328 1801 lV.
371 1733 462 1793 Inter
486 1731 645 1793 Romanos
668 1729 796 1813 negotia
820 1752 1003 1795 caussarum
1026 1733 1177 1797 Romanis
1198 1730 1324 1818 legibus

191 1815 409 1909 praecipimus
427 1812 606 1879 terminari.

269 1902 311 1967 V.
352 1897 387 1960 Si
409 1895 483 1978 quis
498 1894 719 1957 auctoritatem
733 1905 873 1960 nostram
883 1897 1073 1982 subreptitie
1090 1906 1204 1962 contra
1217 1897 1322 1981 legem

191 1981 342 2056 elicuerit
364 1978 510 2041 fallendo
523 1977 731 2061 Principem,
754 1999 820 2040 non
836 1981 968 2043 valebit.

272 2065 333 2128 vt.
374 2061 410 2124 Si
426 2061 526 2122 iudex
540 2061 682 2142 aliquem
692 2070 803 2122 contra
820 2061 926 2146 legem
939 2061 1057 2125 iniuste
1067 2061 1278 2142 damnaverit,
1288 2061 1322 2123 in

192 2152 294 2216 nostri
306 2144 449 2219 absentia
460 2143 499 2203 ab
513 2143 680 2226 Episcopis
693 2145 877 2226 castigetur,
890 2154 926 2205 ut
943 2146 1032 2227 quod
1050 2168 1187 2230 perpere
1204 2146 1325 2208 iudica·

190 2235 248 2316 sit,
256 2229 406 2296 versatim
423 2226 538 2287 melius
558 2225 753 2288 discussione
769 2226 877 2288 habita
891 2229 1063 2290 emendare
1080 2237 1245 2312 procuret.

168 2313 171 2318 ’
274 2313 350 2379 Vll.
370 2309 488 2374 Nullus
503 2309 791 2390 perauctoritatem
805 2318 946 2372 nostram
959 2311 1198 2372 matrimonium
1210 2311 1326 2372 viduae

193 2398 249 2466 vel
262 2393 391 2484 puellae
409 2391 479 2455 sine
493 2391 633 2472 ipsarum
654 2393 821 2454 voluntate
834 2401 1015 2474 praesumat
1032 2404 1200 2478 expeteres
1220 2413 1328 2476 neque

192 2503 254 2571 per
271 2475 491 2560 suggestiones
504 2482 534 2546 e)
552 2475 757 2558 subreptitias
778 2477 946 2559 rapiantur
964 2475 1094 2540 iniuste.

276 2561 370 2628 Vlll.
391 2556 658 2620 sanctimoniales
691 2557 802 2619 nullus
830 2558 891 2621 sibi
922 2558 956 2620 in
986 2556 1190 2645 coniugium
1212 2559 1329 2622 audeat

231 2665 326 2712 crare.

168 2721 169 2726 ¹
193 2670 229 2722 ω
277 2727 332 2793 ΙΧ.
354 2723 398 2786 Ut
416 2722 622 2784 auctoritates
636 2743 712 2786 cum
725 2722 846 2786 iustitia
862 2732 894 2785 et
905 2723 976 2807 lege
991 2731 1194 2808 competente
1208 2723 1242 2788 iu
1266 2745 1332 2785 orn·

197 2816 292 2878 nibus
306 2807 446 2870 habeant
464 2805 661 2884 stabilemf)
679 2805 871 2885 firmitatem,
886 2828 948 2870 uec
969 2808 1243 2892 subsequentibus
1252 2827 1331 2870 auc-

197 2891 381 2962 toritatibus
402 2897 515 2950 contra
532 2889 639 2971 legem
660 2889 778 2952 elicitis
794 2899 982 2952 vacuentur.
1265 2885 1267 2888 ’

278 2978 319 3040 X.
340 2976 382 3034 Ut
392 2971 569 3033 oblationes
579 2972 809 3035 defunctorum
819 2973 974 3036 Ecclesiis
983 2973 1151 3056 deputatae
1165 2973 1330 3034 nullorum

198 3056 481 3144 competitionibus
501 3053 689 3116 auferantur
701 3056 860 3139 praesenti
881 3056 1110 3118 constitutione
1125 3062 1330 3136 praestamus.

282 3139 338 3204 x1.
359 3136 504 3219 Agraria,
523 3135 699 3218 pascuaria,
715 3137 770 3202 vel
795 3137 933 3200 decimas
957 3157 1139 3220 porcorum,
1163 3136 1329 3198 Ecclesiae

200 3245 261 3312 pro
278 3219 355 3280 fidei
371 3227 497 3280 nostrae
519 3219 690 3282 devotione
707 3219 927 3291 concedimus,
943 3220 985 3278 ita
1001 3228 1037 3278 ut
1053 3227 1142 3278 actor
1161 3229 1218 3278 aut
1246 3217 1333 3282 deci·

202 3308 305 3370 uiator
319 3301 353 3361 ia
368 3301 464 3362 rebus
481 3301 645 3364 Ecclesiae
662 3303 773 3364 nullus
793 3301 941 3371 accedat;
967 3299 1132 3362 Ecclesiae
1160 3301 1213 3362 vel
1233 3299 1332 3361 cleri-

203 3390 250 3454 cis
267 3383 391 3447 nullam
405 3383 572 3464 requirant
588 3395 718 3467 agentes
741 3381 863 3467 publici
890 3381 1103 3457 functionem,
1126 3382 1183 3464 qui
1206 3381 1258 3445 ari
1281 3381 1334 3444 rel

206 3465 362 3560 genitoris
380 3468 447 3542 (aut
465 3466 608 3547 germani
624 3467 723 3528 nostri
734 3472 766 3546 g)
783 3465 1016 3527 immunitatem
1035 3473 1233 3526 mernerunt.

219 3583 223 3592 ·
289 3548 364 3612 Xll.
385 3547 846 3630 QuaecunqueEcclesiaevel
858 3545 1254 3630 clerieisantquibuslibet
1266 3567 1337 3628 per-

208 3634 297 3700 sonis
318 3654 336 3692 a
353 3628 510 3714 gloriosae
533 3631 703 3692 memoriae
718 3629 870 3714 praefatis
883 3627 1085 3713 principibus
1098 3627 1337 3694 munificentiae

210 3716 355 3802 largitate
372 3709 499 3776 conlata
515 3723 609 3794 sunt,
629 3712 717 3775 omni
732 3711 880 3775 firmitate
896 3712 1087 3796 perdurent.

217 3831 451 3855 ‚„.‚..........

248 3884 283 3956 b)
299 3879 335 3934 al.
354 3893 402 3930 ms.
426 3877 508 3926 iusta.
835 3874 869 3944 e)
885 3873 921 3930 al.
928 3891 992 3929 mss.
1009 3880 1210 3948 suggessionis5
1227 3866 1338 3950 sugges*-

248 3973 263 4010 c
299 3949 336 4004 ul.
352 3965 401 4001 ms.
420 3962 528 3998 norma.
888 3943 987 4002 rionis.
1054 3969 1057 3977 ,

300 4020 338 4078 sl.
355 4035 405 4074 πυ.
421 4015 586 4070 sententiam
599 4022 755 4064 vomantur
827 4014 872 4090 s)
892 4014 929 4071 al.
946 4033 996 4074 nes.
1013 4030 1145 4069 maneant
1166 4017 1270 4070 stabili.

302 4087 433 4160 excipiat.
477 4086 560 4138 Forte
587 4082 753 4151 legendum,
835 4084 872 4158 g)
888 4085 996 4141 Desunt
1012 4086 1042 4141 iu
1058 4105 1113 4142 uno
1129 4103 1180 4146 ms.

186 4175 187 4178 ’
253 4195 258 4202 ·
301 4159 464 4216 seutentiam
481 4170 563 4231 quam
580 4165 755 4210 meretum·

303 4231 400 4303 cipiet·
