2928 4986
148 241 223 318 392
379 258 523 316 aona.
631 232 1074 324 carraccetenses..

143 391 302 486 ligatlorie
323 395 409 462 sitas
432 399 542 476 solui,
562 398 712 484 ampliori
727 391 846 466 itinere
865 401 1042 465 coelestem
1067 397 1203 490 patriam
1228 419 1293 485 pe·-

144 491 214 546 tere
231 488 308 546 sant
325 481 444 559 conati,
470 481 504 548 in
529 482 703 548 domiciliis
725 485 899 548 reverendi
916 483 1047 546 habitus
1071 489 1105 550 et
1123 483 1209 548 vitae
1222 505 1293 546 mo-

145 563 287 630 nasticae
301 561 364 628 reli
389 573 519 630 uerunt.
545 565 611 628 Sed
628 563 824 630 laudabilius
841 565 877 628 lsi
893 567 1007 635 Patres
1023 564 1190 628 Ecclesiae
1209 587 1299 629 aoe-⁴

143 647 275 712 toritats
296 668 355 712 sna
366 585 491 732 dignae
513 647 664 732 petitioni
685 649 833 726 fratrum,
852 670 933 732 qnos
956 649 991 709 in
1014 668 1091 710 suae
1118 647 1295 748 religionis

144 731 268 796 virtuto
295 725 438 794 diximus
455 731 680 815 permansisse,
705 731 785 815 qnia
809 731 857 794 sic
884 731 987 794 nostri
1011 751 1160 792 assensus
1187 732 1293 796 iussio

142 813 261 893 iuerat,
280 821 465 876 annuentes
477 812 716 886 rationabiliter
729 823 764 878 et
786 811 942 878 canonice
968 811 1206 878 satisfecerunt.
1246 817 1295 878 Et

144 897 188 960 ob
207 895 424 982 suggestionis
452 895 611 976 notitiam,
638 904 677 958 nt
708 905 837 960 nostrae
870 896 1068 981 panderetur
1097 895 1293 962 celsitudini

145 977 290 1064 qualiter
305 977 358 1042 vel
383 999 451 1061 qno
472 978 589 1042 ordine
615 987 680 1042 mm
704 978 948 1042 devotissimum
968 979 1091 1042 factam
1112 977 1152 1040 ab
1174 980 1294 1045 iisdem

145 1058 396 1148 religiosissimis
415 1059 494 1124 viris
515 1061 558 1124 sit
577 1061 788 1141 celebratum,
810 1062 889 1125 duas
908 1082 1008 1145 super
1026 1059 1091 1122 hoe
1115 1061 1194 1124 inde
1217 1064 1293 1148 pari

146 1142 266 1210 tenore
294 1142 553 1228 conscriptiones
579 1144 742 1222 fecerunt,
767 1165 887 1228 easque
907 1143 1056 1206 manibus
1078 1144 1296 1210 firmaverunt

144 1225 298 1323 propriis,
318 1235 356 1290 nt
370 1225 473 1290 altera
492 1247 605 1290 earnm
620 1227 654 1288 in
668 1225 802 1292 archivo
818 1227 919 1311 ipsius
946 1226 1133 1290 monasterii
1158 1228 1200 1292 ob
1221 1251 1295 1292 me·

146 1309 283 1374 moriam
300 1317 335 1374 et
347 1308 554 1374 stabilitatem
573 1308 655 1372 inibi
677 1307 776 1372 huius
798 1309 922 1372 ordinis
941 1331 1001 1393 per
1015 1310 1126 1370 futura
1146 1320 1296 1394 tempora

144 1402 348 1466 terrassiam
368 1393 504 1456 alteram
521 1401 648 1456 noemae
670 1391 887 1474 magnitudini
911 1392 1114 1471 direxerunt,
1141 1403 1179 1456 ut
1201 1395 1298 1473 illam

142 1475 300 1572 palatinis
315 1474 445 1540 scriniis
463 1473 650 1539 iuberemus
672 1474 821 1551 recondi,
842 1474 885 1538 ob
907 1473 1144 1538 monimentum
1171 1477 1297 1541 rideli-

147 1567 201 1634 cct
225 1567 258 1626 ct
270 1558 362 1624 istius
388 1565 479 1621 recte
493 1557 571 1620 iacti
590 1566 781 1643 perpetuam
800 1557 994 1620 firmitatem.
1035 1557 1100 1620 Sed
1112 1580 1188 1622 cum
1204 1561 1296 1624 idem

146 1641 337 1720 Ordo,1leo
359 1649 538 1720 anunente,
551 1649 710 1724 quantum
724 1640 882 1703 divinitus
896 1640 1001 1704 videri
1019 1639 1165 1722 dabatur,
1181 1643 1217 1704 in
1233 1665 1296 1706 eo-

147 1723 224 1788 dem
243 1723 317 1788 looo
333 1723 477 1789 feliciter
493 1722 674 1802 incederet,
691 1722 845 1808 antiquus
866 1723 980 1787 salutis
1002 1722 1162 1787 hnmanae
1179 1725 1295 1788 inimi-

148 1828 206 1871 cus
218 1807 375 1894 quosdam
395 1803 457 1868 ini
481 1804 524 1868 eis
538 1805 692 1870 iratribus
707 1827 765 1868 sua
790 1827 910 1888 organa
933 1805 1088 1886 efficiens,
1106 1805 1188 1870 adeo
1209 1807 1294 1872 insi-

148 1889 276 1954 diarum
297 1909 430 1954 sumum
462 1886 542 1952 ariis
563 1888 748 1974 exagitavit,
773 1897 811 1952 nt
828 1889 1067 1972 conspiratione
1082 1897 1116 1952 et
1137 1890 1290 1954 coniura-

146 1970 238 2036 tione
252 1971 336 2036 taen
353 1980 386 2038 et
406 1969 609 2056 propositum
632 1969 847 2034 monasticum
866 1969 1073 2054 abnegarent,
1098 1980 1132 2034 et
1156 1973 1226 2038 sine
1247 1973 1306 2036 li..

146 2051 256 2122 centia
274 2055 326 2118 sni
345 2051 491 2132 Abbatis,
517 2073 632 2118 eornm
650 2053 748 2138 legati
772 2053 937 2137 dignitatis
956 2063 1083 2116 nostrae
1101 2054 1293 2119 dominatio-

150 2157 226 2202 nem
244 2135 386 2218 adirent,
407 2145 440 2200 et
455 2135 639 2200 molestiam
663 2157 762 2220 super
784 2135 846 2200 hac
871 2135 997 2200 ratione
1019 2145 1131 2200 eontra
1152 2137 1289 2202 canoni·

148 2241 220 2286 cam
240 2226 274 2284 et
289 2219 447 2306 propositi
466 2218 517 2282 sni
537 2217 787 2298 institutionem,
806 2217 990 2282 serenitatis
1014 2228 1139 2284 nostrae
1156 2221 1289 2286 auribus

148 2301 272 2366 inferre
316 2309 549 2378 assumerent,
565 2301 739 2368 offerentes
756 2301 849 2364 nobis
862 2309 986 2362 tomum
1006 2300 1041 2362 in
1055 2303 1293 2366 accusationem

148 2393 182 2447 et
200 2324 433 2468 blaspflcmism
448 2383 684 2468 Episcopornm
696 2383 753 2466 qni
768 2405 802 2446 se
826 2384 866 2446 de
880 2383 1048 2467 apostasia,
1071 2384 1105 2446 in
1126 2407 1191 2468 qna
1213 2407 1294 2448 rer-

149 2465 317 2547 rebamur,
329 2475 465 2550 paterna
484 2465 706 2530 sollieitudine
728 2475 837 2530 nostra
857 2465 1049 2528 auctoritate
1069 2479 1293 2545 correxerant,

150 2557 184 2612 et
204 2547 245 2612 ad
265 2549 467 2646 propositum
485 2550 575 2633 qnod
591 2547 822 2612 abdicaverant
843 2548 952 2610 redire
972 2547 1151 2634 suaserant,
1172 2551 1298 2614 adden·

110 2669 114 2676 .
149 2631 309 2696 teretium
325 2653 359 2692 ιιι
378 2631 491 2696 eadem
513 2630 671 2696 schedula
694 2631 758 2693 alia
777 2653 861 2714 quae
882 2630 980 2714 digna
1002 2653 1068 2696 non
1091 2641 1168 2694 sunt
1188 2633 1295 2716 impe-

148 2711 285 2778 rialibns
296 2713 551 2798 nostrisscriptis
560 2712 722 2778 interseri.
733 2714 836 2776 Porro
847 2723 954 2774 nostra
964 2713 1231 2789 solertia‚anditis
1241 2737 1295 2778 eo-

149 2819 224 2860 rum
238 2796 463 2880 querimoniis,
476 2818 574 2879 supra
585 2804 761 2858 memorato
774 2795 957 2860 venerabili
971 2797 1040 2860 viro
1046 2796 1205 2860 Hilduiuo
1218 2820 1295 2860 ιιοι-

149 2889 199 2942 tra
213 2879 306 2944 iussit
319 2879 491 2942 clementia
504 2878 683 2944 nteosdem
694 2877 883 2964 Episcopus,
896 2889 1007 2942 contra
1020 2899 1101 2960 qnos
1114 2881 1294 2962 quereban-

149 2973 215 3040 tur,
229 2983 359 3024 necnon
374 2971 408 3023 et
420 2962 502 3026 alios
516 2962 556 3024 ab
569 2960 773 3024 accusatione
788 2961 960 3038 immunes,
975 2961 1117 3024 iussione
1129 2973 1237 3026 nostra
1251 2962 1293 3024 ad

148 3047 255 3128 ipsum
267 3045 378 3108 venire
391 3045 560 3110 mandaret
573 3044 812 3106 monasterium.
834 3045 876 3108 Et
910 3041 963 3108 uia
976 3044 1016 3105 ad
1026 3053 1167 3106 nostram
1182 3044 1295 3107 notiti-

148 3149 201 3190 am
214 3126 275 3210 ipsi
296 3127 411 3190 iratres
431 3149 507 3212 suos
527 3127 643 3190 misere
659 3125 828 3205 clamores,
845 3066 934 3188 udde
955 3125 1038 3188 nihil
1057 3127 1245 3210 ambiguum
1262 3137 1294 3190 et

147 3211 219 3273 sine
241 3208 345 3272 iustae
366 3210 566 3276 delinitionis
588 3209 720 3272 decreto
737 3209 788 3274 ias
808 3209 849 3270 ad
869 3209 1057 3286 abscedere,
1075 3206 1290 3292 complurium

146 3293 384 3390 Episcoporum
405 3291 556 3376 diligenti
576 3291 725 3356 examine
754 3313 824 3364 rem
848 3289 1039 3354 reventilari
1072 3301 1104 3352 et
1130 3292 1286 3356 canonice

148 3373 282 3440 delinire
303 3383 336 3438 et
356 3375 520 3459 consopiri
541 3373 780 3459 praecepimns;
804 3393 871 3436 non
892 3373 983 3456 qnasi
1004 3373 1044 3434 de
1064 3377 1208 3456 praelata
1228 3396 1292 3436 me-

147 3467 347 3524 moratorum
367 3467 494 3542 patrum
514 3456 695 3534 sententia,
716 3478 799 3539 quae
821 3455 1036 3520 excellentiae
1057 3467 1186 3520 nostrae
1206 3457 1290 3518 bene

148 3561 209 3626 par
230 3539 337 3602 omnia
359 3541 509 3604 manebat
529 3541 669 3624 cognita,
681 3539 735 3608 vel
758 3541 791 3600 in
814 3535 924 3622 aliquo
945 3537 1153 3612 haesitantem
1176 3539 1234 3602 sed
1255 3549 1290 3602 ut

147 3622 251 3684 maior
269 3622 411 3686 Domino
431 3625 503 3686 Deo
524 3633 635 3688 nostro
657 3623 698 3684 de
718 3622 909 3704 proculcato
929 3619 1034 3699 hoste,
1055 3621 1112 3704 qui
1135 3622 1198 3684 iam
1218 3621 1288 3684 dic-

148 3717 199 3786 tos
219 3703 417 3768 excitaverat
436 3708 568 3788 iratres,
597 3705 781 3786 triumphus
811 3703 914 3781 lieret,
943 3713 975 3764 et
1003 3701 1037 3764 in
1072 3705 1187 3768 eodem
1215 3705 1289 3766 loco

149 3787 301 3867 firmiori,
332 3788 410 3871 qnia
431 3789 565 3866 iterata,
594 3787 804 3871 stipulatione
826 3785 912 3848 idern
935 3785 1016 3848 ordo
1037 3786 1291 3864 confirmaretur.

148 3871 192 3934 Et
211 3871 366 3966 quoniam
386 3894 485 3955 super
504 3869 652 3934 Pastores
672 3870 838 3934 Ecclesiae
860 3868 1009 3951 dignitati
1037 3879 1164 3932 nostrae
1186 3870 1291 3953 impe·

148 3953 244 4030 riola,
275 3975 492 4037 quaecunque
515 3951 723 4037 ingerebatur
744 3950 930 4028 accusatio,
969 3973 1034 4013 non
1056 3951 1126 4018 sine
1148 3958 1238 4014 cerlo
1259 3963 1292 4015 et

148 4035 333 4098 rationabili
355 4036 584 4100 obliteraretur
605 4032 739 4115 iudicio,
761 4036 819 4118 qui
842 4035 882 4096 ud
904 4035 1089 4112 condictum
1110 4041 1238 4116 tempus
1259 4045 1293 4098 et

150 4118 236 4180 diem
258 4119 299 4182 ad
319 4119 572 4204 suprascriptum
593 4140 712 4201 venere
733 4107 975 4194 monasterium,
1007 4126 1041 4188 et
1061 4117 1138 4198 ipsis
1158 4137 1292 4182 accusa·

150 4201 287 4280 toribus,
307 4218 382 4266 cum
403 4203 524 4288 scripto
545 4204 634 4289 qnod
656 4202 854 4270 clementiae
872 4209 998 4264 nostrae
1020 4199 1216 4280 obtulerant,
1234 4220 1292 4272 „cn-
