<?xml version="1.0" encoding="UTF-8"?>
<!DOCTYPE html PUBLIC "-//W3C//DTD XHTML 1.0 Transitional//EN"
    "http://www.w3.org/TR/xhtml1/DTD/xhtml1-transitional.dtd">
<html xmlns="http://www.w3.org/1999/xhtml" xml:lang="en" lang="en">
 <head>
  <title>
</title>
<meta http-equiv="Content-Type" content="text/html;charset=utf-8" />
  <meta name='ocr-system' content='tesseract 3.04.00' />
  <meta name='ocr-capabilities' content='ocr_page ocr_carea ocr_par ocr_line ocrx_word'/>
</head>
<body>
  <div class='ocr_page' id='page_1' title='image "./corpusiurisgerm05visigoog_0017.png"; bbox 0 0 2920 4972; ppageno 0'>
   <div class='ocr_carea' id='block_1_1' title="bbox 211 299 1078 376">
    <p class='ocr_par' dir='ltr' id='par_1_1' title="bbox 211 299 1078 376">
     <span class='ocr_line' id='line_1_1' title="bbox 211 299 1078 376; baseline 0.007 -7"><span class='ocrx_word' id='word_1_1' title='bbox 211 299 238 376; x_wconf 84' lang='grc'><strong>4</strong></span> <span class='ocrx_word' id='word_1_2' title='bbox 407 311 441 370; x_wconf 81' lang='lat' dir='ltr'><strong>n.</strong></span> <span class='ocrx_word' id='word_1_3' title='bbox 462 311 551 368; x_wconf 82' lang='lat' dir='ltr'><strong>can.</strong></span> <span class='ocrx_word' id='word_1_4' title='bbox 659 309 917 372; x_wconf 76' lang='lat' dir='ltr'><strong>cannensem</strong></span> <span class='ocrx_word' id='word_1_5' title='bbox 1018 317 1078 375; x_wconf 78' lang='lat'><strong>585.</strong></span> 
     </span>
    </p>
   </div>
   <div class='ocr_carea' id='block_1_2' title="bbox 154 445 1408 4347">
    <p class='ocr_par' dir='ltr' id='par_1_2' title="bbox 154 445 1408 3022">
     <span class='ocr_line' id='line_1_2' title="bbox 209 445 1350 547; baseline -0.003 -23"><span class='ocrx_word' id='word_1_6' title='bbox 209 459 385 547; x_wconf 84' lang='lat' dir='ltr'><strong>praecipua</strong></span> <span class='ocrx_word' id='word_1_7' title='bbox 396 453 569 518; x_wconf 87' lang='lat' dir='ltr'>cumomni</span> <span class='ocrx_word' id='word_1_8' title='bbox 584 453 752 518; x_wconf 89' lang='lat' dir='ltr'><strong>honestate</strong></span> <span class='ocrx_word' id='word_1_9' title='bbox 769 456 953 518; x_wconf 81' lang='lat' dir='ltr'><strong>studuerint</strong></span> <span class='ocrx_word' id='word_1_10' title='bbox 966 455 1088 535; x_wconf 84' lang='lat' dir='ltr'><strong>vivere,</strong></span> <span class='ocrx_word' id='word_1_11' title='bbox 1108 459 1235 537; x_wconf 89' lang='lat' dir='ltr'><strong>melius,</strong></span> <span class='ocrx_word' id='word_1_12' title='bbox 1252 445 1350 522; x_wconf 84' lang='lat' dir='ltr'><strong>curic-</strong></span> 
     </span>
     <span class='ocr_line' id='line_1_3' title="bbox 209 536 1350 619; baseline -0.003 -12"><span class='ocrx_word' id='word_1_13' title='bbox 209 557 244 606; x_wconf 90' lang='lat' dir='ltr'><strong>ta</strong></span> <span class='ocrx_word' id='word_1_14' title='bbox 274 562 385 606; x_wconf 89' lang='lat' dir='ltr'><strong>rerum</strong></span> <span class='ocrx_word' id='word_1_15' title='bbox 412 536 605 599; x_wconf 86' lang='lat' dir='ltr'><strong>adversitate</strong></span> <span class='ocrx_word' id='word_1_16' title='bbox 634 548 775 619; x_wconf 83' lang='lat' dir='ltr'><strong>remota,</strong></span> <span class='ocrx_word' id='word_1_17' title='bbox 803 540 936 601; x_wconf 89' lang='lat' dir='ltr'><strong>coelesti</strong></span> <span class='ocrx_word' id='word_1_18' title='bbox 964 540 1126 602; x_wconf 87' lang='lat' dir='ltr'><strong>beneficio</strong></span> <span class='ocrx_word' id='word_1_19' title='bbox 1148 544 1350 604; x_wconf 88' lang='lat' dir='ltr'><strong>concedatur</strong></span> 
     </span>
     <span class='ocr_line' id='line_1_4' title="bbox 209 622 1352 706; baseline -0.002 -18"><span class='ocrx_word' id='word_1_20' title='bbox 209 622 429 706; x_wconf 84' lang='lat' dir='ltr'><strong>tranquillitas</strong></span> <span class='ocrx_word' id='word_1_21' title='bbox 448 629 640 701; x_wconf 81' lang='lat' dir='ltr'><strong>&#39;temporum</strong></span> <span class='ocrx_word' id='word_1_22' title='bbox 672 629 703 680; x_wconf 89' lang='lat' dir='ltr'><strong>ct</strong></span> <span class='ocrx_word' id='word_1_23' title='bbox 725 643 868 705; x_wconf 86' lang='lat' dir='ltr'><strong>congrua</strong></span> <span class='ocrx_word' id='word_1_24' title='bbox 896 623 1030 684; x_wconf 88' lang='lat' dir='ltr'><strong>salvatio</strong></span> <span class='ocrx_word' id='word_1_25' title='bbox 1061 627 1268 706; x_wconf 88' lang='lat' dir='ltr'><strong>populorum.</strong></span> <span class='ocrx_word' id='word_1_26' title='bbox 1308 627 1352 686; x_wconf 88' lang='lat' dir='ltr'><strong>Et</strong></span> 
     </span>
     <span class='ocr_line' id='line_1_5' title="bbox 211 701 1351 788; baseline -0.001 -19"><span class='ocrx_word' id='word_1_27' title='bbox 211 711 292 770; x_wconf 88' lang='lat' dir='ltr'><strong>licet</strong></span> <span class='ocrx_word' id='word_1_28' title='bbox 312 706 432 785; x_wconf 85' lang='lat' dir='ltr'><strong>absque</strong></span> <span class='ocrx_word' id='word_1_29' title='bbox 450 711 559 763; x_wconf 89' lang='lat' dir='ltr'><strong>nostra</strong></span> <span class='ocrx_word' id='word_1_30' title='bbox 575 701 798 766; x_wconf 78' lang='lat' dir='ltr'>admonitione</span> <span class='ocrx_word' id='word_1_31' title='bbox 818 705 927 766; x_wconf 90' lang='lat' dir='ltr'><strong>advos</strong></span> <span class='ocrx_word' id='word_1_32' title='bbox 944 705 1127 787; x_wconf 77' lang='lat' dir='ltr'><strong>specialiter</strong></span> <span class='ocrx_word' id='word_1_33' title='bbox 1141 708 1351 788; x_wconf 89' lang='lat' dir='ltr'><strong>praedicandi</strong></span> 
     </span>
     <span class='ocr_line' id='line_1_6' title="bbox 210 787 1349 871; baseline -0.002 -18"><span class='ocrx_word' id='word_1_34' title='bbox 210 811 306 854; x_wconf 86' lang='lat' dir='ltr'><strong>causa</strong></span> <span class='ocrx_word' id='word_1_35' title='bbox 322 787 495 871; x_wconf 81' lang='lat' dir='ltr'><strong>pertineat,</strong></span> <span class='ocrx_word' id='word_1_36' title='bbox 518 793 656 846; x_wconf 88' lang='lat' dir='ltr'><strong>attamen</strong></span> <span class='ocrx_word' id='word_1_37' title='bbox 678 787 880 869; x_wconf 91' lang='lat' dir='ltr'><strong>reliquorum</strong></span> <span class='ocrx_word' id='word_1_38' title='bbox 893 789 1032 868; x_wconf 89' lang='lat' dir='ltr'><strong>peccatis</strong></span> <span class='ocrx_word' id='word_1_39' title='bbox 1048 811 1104 850; x_wconf 86' lang='lat' dir='ltr'><strong>vos</strong></span> <span class='ocrx_word' id='word_1_40' title='bbox 1123 789 1256 850; x_wconf 89' lang='lat' dir='ltr'><strong>omnino</strong></span> <span class='ocrx_word' id='word_1_41' title='bbox 1277 812 1349 851; x_wconf 90' lang='lat' dir='ltr'><strong>cre·</strong></span> 
     </span>
     <span class='ocr_line' id='line_1_7' title="bbox 209 866 1351 954; baseline 0.001 -22"><span class='ocrx_word' id='word_1_42' title='bbox 209 874 316 937; x_wconf 88' lang='lat' dir='ltr'><strong>dimus</strong></span> <span class='ocrx_word' id='word_1_43' title='bbox 335 891 403 932; x_wconf 90' lang='lat' dir='ltr'><strong>esse</strong></span> <span class='ocrx_word' id='word_1_44' title='bbox 424 866 598 950; x_wconf 86' lang='lat' dir='ltr'><strong>participes</strong></span> <span class='ocrx_word' id='word_1_45' title='bbox 621 867 648 927; x_wconf 91' lang='lat' dir='ltr'><strong>si</strong></span> <span class='ocrx_word' id='word_1_46' title='bbox 670 868 811 930; x_wconf 79' lang='lat' dir='ltr'><strong>filiorum</strong></span> <span class='ocrx_word' id='word_1_47' title='bbox 823 879 1003 932; x_wconf 87' lang='lat' dir='ltr'><strong>vestrorum</strong></span> <span class='ocrx_word' id='word_1_48' title='bbox 1016 873 1125 954; x_wconf 90' lang='lat' dir='ltr'><strong>culpas</strong></span> <span class='ocrx_word' id='word_1_49' title='bbox 1139 893 1205 934; x_wconf 92' lang='lat' dir='ltr'><strong>non</strong></span> <span class='ocrx_word' id='word_1_50' title='bbox 1224 873 1351 934; x_wconf 83' lang='lat' dir='ltr'><strong>assidua</strong></span> 
     </span>
     <span class='ocr_line' id='line_1_8' title="bbox 211 949 1349 1038; baseline 0.001 -21"><span class='ocrx_word' id='word_1_51' title='bbox 211 953 437 1038; x_wconf 89' lang='lat' dir='ltr'><strong>obiurgatione</strong></span> <span class='ocrx_word' id='word_1_52' title='bbox 457 949 628 1031; x_wconf 76' lang='lat' dir='ltr'><strong>corrigitis,</strong></span> <span class='ocrx_word' id='word_1_53' title='bbox 644 951 702 1011; x_wconf 88' lang='lat' dir='ltr'><strong>sed</strong></span> <span class='ocrx_word' id='word_1_54' title='bbox 718 953 850 1014; x_wconf 91' lang='lat' dir='ltr'><strong>silentio</strong></span> <span class='ocrx_word' id='word_1_55' title='bbox 867 953 1058 1035; x_wconf 89' lang='lat' dir='ltr'><strong>praeteritis.</strong></span> <span class='ocrx_word' id='word_1_56' title='bbox 1099 956 1180 1016; x_wconf 86' lang='lat' dir='ltr'><strong>Nam</strong></span> <span class='ocrx_word' id='word_1_57' title='bbox 1199 977 1260 1016; x_wconf 89' lang='lat' dir='ltr'><strong>nec</strong></span> <span class='ocrx_word' id='word_1_58' title='bbox 1278 977 1349 1032; x_wconf 84' lang='lat' dir='ltr'><strong>nos,</strong></span> 
     </span>
     <span class='ocr_line' id='line_1_9' title="bbox 209 1033 1349 1122; baseline -0.001 -23"><span class='ocrx_word' id='word_1_59' title='bbox 209 1038 328 1122; x_wconf 90' lang='lat' dir='ltr'><strong>quibus</strong></span> <span class='ocrx_word' id='word_1_60' title='bbox 343 1033 531 1096; x_wconf 82' lang='lat' dir='ltr'><strong>facultatem</strong></span> <span class='ocrx_word' id='word_1_61' title='bbox 546 1034 705 1116; x_wconf 89' lang='lat' dir='ltr'><strong>regnandi</strong></span> <span class='ocrx_word' id='word_1_62' title='bbox 721 1035 856 1118; x_wconf 89' lang='lat' dir='ltr'><strong>superni</strong></span> <span class='ocrx_word' id='word_1_63' title='bbox 875 1037 971 1118; x_wconf 89' lang='lat' dir='ltr'><strong>Regis</strong></span> <span class='ocrx_word' id='word_1_64' title='bbox 992 1037 1151 1099; x_wconf 86' lang='lat' dir='ltr'><strong>commisit</strong></span> <span class='ocrx_word' id='word_1_65' title='bbox 1165 1039 1349 1115; x_wconf 86' lang='lat' dir='ltr'><strong>auctoritas,</strong></span> 
     </span>
     <span class='ocr_line' id='line_1_10' title="bbox 209 1116 1350 1204; baseline -0.004 -21"><span class='ocrx_word' id='word_1_66' title='bbox 209 1124 291 1184; x_wconf 90' lang='lat' dir='ltr'><strong>iram</strong></span> <span class='ocrx_word' id='word_1_67' title='bbox 307 1119 377 1181; x_wconf 90' lang='lat' dir='ltr'><strong>eius</strong></span> <span class='ocrx_word' id='word_1_68' title='bbox 399 1116 536 1178; x_wconf 83' lang='lat' dir='ltr'><strong>evadere</strong></span> <span class='ocrx_word' id='word_1_69' title='bbox 555 1138 723 1199; x_wconf 90' lang='lat' dir='ltr'><strong>possumus</strong></span> <span class='ocrx_word' id='word_1_70' title='bbox 736 1119 763 1180; x_wconf 92' lang='lat' dir='ltr'><strong>si</strong></span> <span class='ocrx_word' id='word_1_71' title='bbox 785 1119 824 1180; x_wconf 91' lang='lat' dir='ltr'><strong>de</strong></span> <span class='ocrx_word' id='word_1_72' title='bbox 841 1119 988 1179; x_wconf 86' lang='lat' dir='ltr'><strong>subiecto</strong></span> <span class='ocrx_word' id='word_1_73' title='bbox 1006 1121 1127 1204; x_wconf 91' lang='lat' dir='ltr'><strong>populo</strong></span> <span class='ocrx_word' id='word_1_74' title='bbox 1151 1119 1350 1182; x_wconf 81' lang='lat' dir='ltr'><strong>sollicitudi-</strong></span> 
     </span>
     <span class='ocr_line' id='line_1_11' title="bbox 209 1199 1350 1285; baseline -0.001 -21"><span class='ocrx_word' id='word_1_75' title='bbox 209 1227 286 1268; x_wconf 89' lang='lat' dir='ltr'><strong>nem</strong></span> <span class='ocrx_word' id='word_1_76' title='bbox 312 1222 377 1260; x_wconf 92' lang='lat' dir='ltr'><strong>non</strong></span> <span class='ocrx_word' id='word_1_77' title='bbox 393 1199 560 1260; x_wconf 74' lang='lat' dir='ltr'><strong>habemas.</strong></span> <span class='ocrx_word' id='word_1_78' title='bbox 603 1200 728 1262; x_wconf 88' lang='lat' dir='ltr'><strong>Idcirco</strong></span> <span class='ocrx_word' id='word_1_79' title='bbox 750 1201 846 1262; x_wconf 90' lang='lat' dir='ltr'><strong>huius</strong></span> <span class='ocrx_word' id='word_1_80' title='bbox 864 1202 986 1263; x_wconf 79' lang='lat' dir='ltr'><strong>decreti</strong></span> <span class='ocrx_word' id='word_1_81' title='bbox 1009 1225 1045 1264; x_wconf 94' lang='lat' dir='ltr'><strong>ae</strong></span> <span class='ocrx_word' id='word_1_82' title='bbox 1072 1203 1272 1264; x_wconf 86' lang='lat' dir='ltr'><strong>definitionis</strong></span> <span class='ocrx_word' id='word_1_83' title='bbox 1292 1223 1350 1285; x_wconf 89' lang='lat' dir='ltr'><strong>ge·</strong></span> 
     </span>
     <span class='ocr_line' id='line_1_12' title="bbox 209 1281 1350 1365; baseline -0.005 -15"><span class='ocrx_word' id='word_1_84' title='bbox 209 1285 331 1350; x_wconf 91' lang='lat' dir='ltr'><strong>neralis</strong></span> <span class='ocrx_word' id='word_1_85' title='bbox 348 1283 461 1365; x_wconf 82' lang='lat' dir='ltr'><strong>vigore</strong></span> <span class='ocrx_word' id='word_1_86' title='bbox 485 1281 688 1344; x_wconf 89' lang='lat' dir='ltr'><strong>decernimus</strong></span> <span class='ocrx_word' id='word_1_87' title='bbox 709 1293 745 1344; x_wconf 90' lang='lat' dir='ltr'><strong>nt</strong></span> <span class='ocrx_word' id='word_1_88' title='bbox 761 1285 795 1343; x_wconf 93' lang='lat' dir='ltr'><strong>in</strong></span> <span class='ocrx_word' id='word_1_89' title='bbox 816 1284 965 1346; x_wconf 88' lang='lat' dir='ltr'><strong>omnibus</strong></span> <span class='ocrx_word' id='word_1_90' title='bbox 982 1285 1095 1347; x_wconf 91' lang='lat' dir='ltr'><strong>diebus</strong></span> <span class='ocrx_word' id='word_1_91' title='bbox 1118 1286 1299 1363; x_wconf 84' lang='lat' dir='ltr'><strong>dominicis,</strong></span> <span class='ocrx_word' id='word_1_92' title='bbox 1314 1285 1350 1344; x_wconf 93' lang='lat' dir='ltr'><strong>in</strong></span> 
     </span>
     <span class='ocr_line' id='line_1_13' title="bbox 209 1367 1348 1454; baseline -0.004 -23"><span class='ocrx_word' id='word_1_93' title='bbox 209 1371 327 1454; x_wconf 90' lang='lat' dir='ltr'><strong>quibus</strong></span> <span class='ocrx_word' id='word_1_94' title='bbox 348 1374 476 1427; x_wconf 89' lang='lat' dir='ltr'><strong>sanctae</strong></span> <span class='ocrx_word' id='word_1_95' title='bbox 499 1367 746 1444; x_wconf 79' lang='lat' dir='ltr'><strong>resurrectionis</strong></span> <span class='ocrx_word' id='word_1_96' title='bbox 771 1367 960 1449; x_wconf 79' lang='lat' dir='ltr'><strong>mysterium</strong></span> <span class='ocrx_word' id='word_1_97' title='bbox 990 1390 1200 1446; x_wconf 72' lang='lat' dir='ltr'><strong>veneramur,</strong></span> <span class='ocrx_word' id='word_1_98' title='bbox 1234 1369 1288 1431; x_wconf 87' lang='lat' dir='ltr'><strong>vel</strong></span> <span class='ocrx_word' id='word_1_99' title='bbox 1314 1369 1348 1427; x_wconf 91' lang='lat' dir='ltr'><strong>in</strong></span> 
     </span>
     <span class='ocr_line' id='line_1_14' title="bbox 208 1447 1408 1536; baseline 0.003 -23"><span class='ocrx_word' id='word_1_100' title='bbox 208 1453 458 1536; x_wconf 89' lang='lat' dir='ltr'><strong>quibuscunque</strong></span> <span class='ocrx_word' id='word_1_101' title='bbox 479 1447 616 1528; x_wconf 88' lang='lat' dir='ltr'><strong>reliquis</strong></span> <span class='ocrx_word' id='word_1_102' title='bbox 632 1448 892 1526; x_wconf 75' lang='lat' dir='ltr'><strong>solennitatibus,</strong></span> <span class='ocrx_word' id='word_1_103' title='bbox 915 1452 1045 1530; x_wconf 87' lang='lat' dir='ltr'><strong>quando</strong></span> <span class='ocrx_word' id='word_1_104' title='bbox 1065 1473 1105 1512; x_wconf 83' lang='lat' dir='ltr'><strong>ex</strong></span> <span class='ocrx_word' id='word_1_105' title='bbox 1126 1473 1215 1513; x_wconf 89' lang='lat' dir='ltr'><strong>more</strong></span> <span class='ocrx_word' id='word_1_106' title='bbox 1234 1451 1275 1513; x_wconf 90' lang='lat' dir='ltr'><strong>ad</strong></span> <span class='ocrx_word' id='word_1_107' title='bbox 1290 1471 1351 1514; x_wconf 82' lang='lat' dir='ltr'><strong>ve·</strong></span> <span class='ocrx_word' id='word_1_108' title='bbox 1404 1509 1408 1516; x_wconf 93' lang='lat'>.</span> 
     </span>
     <span class='ocr_line' id='line_1_15' title="bbox 210 1530 1351 1615; baseline -0.004 -17"><span class='ocrx_word' id='word_1_109' title='bbox 210 1532 356 1598; x_wconf 82' lang='lat' dir='ltr'><strong>uerenda</strong></span> <span class='ocrx_word' id='word_1_110' title='bbox 376 1530 573 1613; x_wconf 88' lang='lat' dir='ltr'><strong>templorum</strong></span> <span class='ocrx_word' id='word_1_111' title='bbox 594 1531 723 1590; x_wconf 87' lang='lat' dir='ltr'><strong>oracula</strong></span> <span class='ocrx_word' id='word_1_112' title='bbox 740 1533 912 1594; x_wconf 86' lang='lat' dir='ltr'><strong>universae</strong></span> <span class='ocrx_word' id='word_1_113' title='bbox 930 1533 1034 1615; x_wconf 89' lang='lat' dir='ltr'><strong>plebis</strong></span> <span class='ocrx_word' id='word_1_114' title='bbox 1049 1534 1235 1596; x_wconf 89' lang='lat' dir='ltr'><strong>coniunctio</strong></span> <span class='ocrx_word' id='word_1_115' title='bbox 1255 1533 1351 1596; x_wconf 81' lang='lat' dir='ltr'><strong>devo·</strong></span> 
     </span>
     <span class='ocr_line' id='line_1_16' title="bbox 209 1613 1350 1700; baseline -0.004 -20"><span class='ocrx_word' id='word_1_116' title='bbox 209 1617 310 1680; x_wconf 90' lang='lat' dir='ltr'><strong>tionis</strong></span> <span class='ocrx_word' id='word_1_117' title='bbox 349 1621 563 1696; x_wconf 86' lang='lat' dir='ltr'><strong>congregatur</strong></span> <span class='ocrx_word' id='word_1_118' title='bbox 591 1613 714 1688; x_wconf 89' lang='lat' dir='ltr'><strong>studio,</strong></span> <span class='ocrx_word' id='word_1_119' title='bbox 736 1625 866 1696; x_wconf 87' lang='lat' dir='ltr'><strong>praeter</strong></span> <span class='ocrx_word' id='word_1_120' title='bbox 895 1615 1019 1677; x_wconf 83' lang='lat' dir='ltr'><strong>victum</strong></span> <span class='ocrx_word' id='word_1_121' title='bbox 1044 1639 1141 1700; x_wconf 88' lang='lat' dir='ltr'><strong>quem</strong></span> <span class='ocrx_word' id='word_1_122' title='bbox 1164 1614 1350 1699; x_wconf 85' lang='lat' dir='ltr'><strong>praeparari</strong></span> 
     </span>
     <span class='ocr_line' id='line_1_17' title="bbox 209 1694 1351 1780; baseline -0.004 -16"><span class='ocrx_word' id='word_1_123' title='bbox 209 1697 376 1775; x_wconf 86' lang='lat' dir='ltr'><strong>convenit,</strong></span> <span class='ocrx_word' id='word_1_124' title='bbox 390 1697 429 1757; x_wconf 87' lang='lat' dir='ltr'><strong>ab</strong></span> <span class='ocrx_word' id='word_1_125' title='bbox 444 1694 532 1757; x_wconf 90' lang='lat' dir='ltr'><strong>omni</strong></span> <span class='ocrx_word' id='word_1_126' title='bbox 556 1695 717 1776; x_wconf 88' lang='lat' dir='ltr'><strong>corporali</strong></span> <span class='ocrx_word' id='word_1_127' title='bbox 738 1717 836 1780; x_wconf 90' lang='lat' dir='ltr'><strong>opere</strong></span> <span class='ocrx_word' id='word_1_128' title='bbox 852 1700 1085 1780; x_wconf 85' lang='lat' dir='ltr'><strong>suspendatur,</strong></span> <span class='ocrx_word' id='word_1_129' title='bbox 1107 1720 1168 1762; x_wconf 89' lang='lat' dir='ltr'><strong>nec</strong></span> <span class='ocrx_word' id='word_1_130' title='bbox 1187 1699 1255 1759; x_wconf 89' lang='lat' dir='ltr'><strong>ulla</strong></span> <span class='ocrx_word' id='word_1_131' title='bbox 1277 1721 1351 1760; x_wconf 88' lang='lat' dir='ltr'><strong>cau·</strong></span> 
     </span>
     <span class='ocr_line' id='line_1_18' title="bbox 154 1776 1351 1865; baseline -0.001 -22"><span class='ocrx_word' id='word_1_132' title='bbox 154 1808 177 1843; x_wconf 53' lang='grc' dir='ltr'>μ</span> <span class='ocrx_word' id='word_1_133' title='bbox 209 1804 319 1849; x_wconf 88' lang='lat' dir='ltr'><strong>sarum</strong></span> <span class='ocrx_word' id='word_1_134' title='bbox 333 1779 509 1865; x_wconf 88' lang='lat' dir='ltr'><strong>praecipue</strong></span> <span class='ocrx_word' id='word_1_135' title='bbox 525 1776 629 1858; x_wconf 87' lang='lat' dir='ltr'><strong>iurgia</strong></span> <span class='ocrx_word' id='word_1_136' title='bbox 647 1789 847 1840; x_wconf 85' lang='lat' dir='ltr'><strong>moveantur.</strong></span> <span class='ocrx_word' id='word_1_137' title='bbox 889 1782 955 1844; x_wconf 91' lang='lat' dir='ltr'><strong>Sed</strong></span> <span class='ocrx_word' id='word_1_138' title='bbox 976 1803 1050 1859; x_wconf 84' lang='lat' dir='ltr'><strong>vos,</strong></span> <span class='ocrx_word' id='word_1_139' title='bbox 1073 1781 1241 1865; x_wconf 88' lang='lat' dir='ltr'><strong>apostolici</strong></span> <span class='ocrx_word' id='word_1_140' title='bbox 1259 1784 1351 1844; x_wconf 88' lang='lat' dir='ltr'><strong>Pon·</strong></span> 
     </span>
     <span class='ocr_line' id='line_1_19' title="bbox 209 1861 1350 1945; baseline -0.004 -17"><span class='ocrx_word' id='word_1_141' title='bbox 209 1867 331 1943; x_wconf 86' lang='lat' dir='ltr'><strong>tifices,</strong></span> <span class='ocrx_word' id='word_1_142' title='bbox 354 1864 527 1945; x_wconf 90' lang='lat' dir='ltr'><strong>iungentes</strong></span> <span class='ocrx_word' id='word_1_143' title='bbox 541 1861 709 1924; x_wconf 88' lang='lat' dir='ltr'><strong>vobiscum</strong></span> <span class='ocrx_word' id='word_1_144' title='bbox 726 1865 973 1926; x_wconf 86' lang='lat' dir='ltr'><strong>consacerdotes</strong></span> <span class='ocrx_word' id='word_1_145' title='bbox 987 1875 1109 1928; x_wconf 87' lang='lat' dir='ltr'><strong>vestros</strong></span> <span class='ocrx_word' id='word_1_146' title='bbox 1131 1874 1164 1926; x_wconf 93' lang='lat' dir='ltr'><strong>et</strong></span> <span class='ocrx_word' id='word_1_147' title='bbox 1186 1865 1270 1927; x_wconf 87' lang='lat' dir='ltr'><strong>filios</strong></span> <span class='ocrx_word' id='word_1_148' title='bbox 1297 1885 1350 1925; x_wconf 89' lang='lat' dir='ltr'><strong>se-</strong></span> 
     </span>
     <span class='ocr_line' id='line_1_20' title="bbox 211 1943 1349 2032; baseline -0.004 -20"><span class='ocrx_word' id='word_1_149' title='bbox 211 1951 319 2012; x_wconf 89' lang='lat' dir='ltr'><strong>niores</strong></span> <span class='ocrx_word' id='word_1_150' title='bbox 334 1943 503 2008; x_wconf 85' lang='lat' dir='ltr'><strong>Ecclesiae</strong></span> <span class='ocrx_word' id='word_1_151' title='bbox 524 1965 560 2004; x_wconf 91' lang='lat' dir='ltr'><strong>ac</strong></span> <span class='ocrx_word' id='word_1_152' title='bbox 586 1944 711 2008; x_wconf 89' lang='lat' dir='ltr'><strong>iudices</strong></span> <span class='ocrx_word' id='word_1_153' title='bbox 735 1946 905 2025; x_wconf 87' lang='lat' dir='ltr'><strong>locorum,</strong></span> <span class='ocrx_word' id='word_1_154' title='bbox 934 1969 1154 2030; x_wconf 90' lang='lat' dir='ltr'><strong>quoscumque</strong></span> <span class='ocrx_word' id='word_1_155' title='bbox 1178 1946 1349 2032; x_wconf 83' lang='lat' dir='ltr'><strong>agnoscitis</strong></span> 
     </span>
     <span class='ocr_line' id='line_1_21' title="bbox 210 2025 1350 2120; baseline -0.004 -26"><span class='ocrx_word' id='word_1_156' title='bbox 210 2032 299 2120; x_wconf 87' lang='lat' dir='ltr'><strong>qnod</strong></span> <span class='ocrx_word' id='word_1_157' title='bbox 319 2029 404 2092; x_wconf 84' lang='lat' dir='ltr'><strong>vitae</strong></span> <span class='ocrx_word' id='word_1_158' title='bbox 418 2025 556 2110; x_wconf 81' lang='lat' dir='ltr'><strong>qualitas</strong></span> <span class='ocrx_word' id='word_1_159' title='bbox 574 2026 712 2090; x_wconf 90' lang='lat' dir='ltr'><strong>honesta</strong></span> <span class='ocrx_word' id='word_1_160' title='bbox 727 2030 947 2106; x_wconf 89' lang='lat' dir='ltr'><strong>commendat,</strong></span> <span class='ocrx_word' id='word_1_161' title='bbox 969 2030 1013 2089; x_wconf 86' lang='lat' dir='ltr'><strong>ita</strong></span> <span class='ocrx_word' id='word_1_162' title='bbox 1033 2031 1217 2092; x_wconf 87' lang='lat' dir='ltr'><strong>universam</strong></span> <span class='ocrx_word' id='word_1_163' title='bbox 1235 2029 1350 2113; x_wconf 90' lang='lat' dir='ltr'><strong>populi</strong></span> 
     </span>
     <span class='ocr_line' id='line_1_22' title="bbox 208 2110 1355 2196; baseline -0.005 -19"><span class='ocrx_word' id='word_1_164' title='bbox 208 2112 456 2177; x_wconf 86' lang='lat' dir='ltr'><strong>multitudinem</strong></span> <span class='ocrx_word' id='word_1_165' title='bbox 473 2110 633 2170; x_wconf 85' lang='lat' dir='ltr'><strong>constanti</strong></span> <span class='ocrx_word' id='word_1_166' title='bbox 651 2113 705 2173; x_wconf 80' lang='lat' dir='ltr'><strong>vel</strong></span> <span class='ocrx_word' id='word_1_167' title='bbox 724 2114 794 2172; x_wconf 93' lang='lat' dir='ltr'><strong>Deo</strong></span> <span class='ocrx_word' id='word_1_168' title='bbox 810 2111 928 2194; x_wconf 88' lang='lat' dir='ltr'><strong>placita</strong></span> <span class='ocrx_word' id='word_1_169' title='bbox 958 2111 1079 2193; x_wconf 90' lang='lat' dir='ltr'><strong>ingiter</strong></span> <span class='ocrx_word' id='word_1_170' title='bbox 1107 2113 1355 2196; x_wconf 78' lang='lat' dir='ltr'><strong>praedicatione,</strong></span> 
     </span>
     <span class='ocr_line' id='line_1_23' title="bbox 211 2192 1354 2279; baseline -0.004 -18"><span class='ocrx_word' id='word_1_171' title='bbox 211 2197 382 2279; x_wconf 81' lang='lat' dir='ltr'><strong>corrigite,</strong></span> <span class='ocrx_word' id='word_1_172' title='bbox 410 2200 503 2254; x_wconf 86' lang='lat' dir='ltr'><strong>utet</strong></span> <span class='ocrx_word' id='word_1_173' title='bbox 535 2192 619 2253; x_wconf 89' lang='lat' dir='ltr'><strong>bene</strong></span> <span class='ocrx_word' id='word_1_174' title='bbox 645 2193 790 2255; x_wconf 81' lang='lat' dir='ltr'><strong>virentes</strong></span> <span class='ocrx_word' id='word_1_175' title='bbox 816 2195 968 2276; x_wconf 81' lang='lat' dir='ltr'><strong>mysticus</strong></span> <span class='ocrx_word' id='word_1_176' title='bbox 989 2194 1222 2258; x_wconf 84' lang='lat' dir='ltr'><strong>adhortationis</strong></span> <span class='ocrx_word' id='word_1_177' title='bbox 1244 2215 1354 2257; x_wconf 51' lang='lat' dir='ltr'><strong>sermo¹</strong></span> 
     </span>
     <span class='ocr_line' id='line_1_24' title="bbox 210 2275 1349 2360; baseline -0.003 -17"><span class='ocrx_word' id='word_1_178' title='bbox 210 2280 372 2354; x_wconf 90' lang='lat' dir='ltr'><strong>mulceat,</strong></span> <span class='ocrx_word' id='word_1_179' title='bbox 395 2285 429 2336; x_wconf 89' lang='lat' dir='ltr'><strong>et</strong></span> <span class='ocrx_word' id='word_1_180' title='bbox 444 2275 638 2336; x_wconf 85' lang='lat' dir='ltr'><strong>excedentes</strong></span> <span class='ocrx_word' id='word_1_181' title='bbox 665 2277 806 2336; x_wconf 84' lang='lat' dir='ltr'><strong>odviam</strong></span> <span class='ocrx_word' id='word_1_182' title='bbox 824 2277 904 2338; x_wconf 88' lang='lat' dir='ltr'><strong>recti</strong></span> <span class='ocrx_word' id='word_1_183' title='bbox 926 2275 1052 2338; x_wconf 90' lang='lat' dir='ltr'><strong>itineris</strong></span> <span class='ocrx_word' id='word_1_184' title='bbox 1073 2279 1232 2339; x_wconf 89' lang='lat' dir='ltr'><strong>correctio</strong></span> <span class='ocrx_word' id='word_1_185' title='bbox 1245 2289 1349 2360; x_wconf 89' lang='lat' dir='ltr'><strong>pasto-</strong></span> 
     </span>
     <span class='ocr_line' id='line_1_25' title="bbox 209 2359 1350 2437; baseline -0.004 -12"><span class='ocrx_word' id='word_1_186' title='bbox 209 2363 287 2426; x_wconf 86' lang='lat' dir='ltr'><strong>ralis</strong></span> <span class='ocrx_word' id='word_1_187' title='bbox 307 2359 466 2428; x_wconf 83' lang='lat' dir='ltr'><strong>adducat;</strong></span> <span class='ocrx_word' id='word_1_188' title='bbox 490 2366 650 2437; x_wconf 89' lang='lat' dir='ltr'><strong>quatenus</strong></span> <span class='ocrx_word' id='word_1_189' title='bbox 664 2379 774 2418; x_wconf 89' lang='lat' dir='ltr'><strong>omnes</strong></span> <span class='ocrx_word' id='word_1_190' title='bbox 794 2359 940 2420; x_wconf 87' lang='lat' dir='ltr'><strong>unanimi</strong></span> <span class='ocrx_word' id='word_1_191' title='bbox 956 2359 1189 2422; x_wconf 87' lang='lat' dir='ltr'><strong>deliberatione</strong></span> <span class='ocrx_word' id='word_1_192' title='bbox 1208 2363 1350 2422; x_wconf 88' lang='lat' dir='ltr'><strong>laudabi-</strong></span> 
     </span>
     <span class='ocr_line' id='line_1_26' title="bbox 210 2440 1347 2522; baseline -0.003 -13"><span class='ocrx_word' id='word_1_193' title='bbox 210 2447 289 2509; x_wconf 88' lang='lat' dir='ltr'><strong>liter</strong></span> <span class='ocrx_word' id='word_1_194' title='bbox 308 2440 581 2506; x_wconf 86' lang='lat' dir='ltr'><strong>studeantvivere</strong></span> <span class='ocrx_word' id='word_1_195' title='bbox 601 2441 653 2501; x_wconf 83' lang='lat' dir='ltr'><strong>vel</strong></span> <span class='ocrx_word' id='word_1_196' title='bbox 679 2441 872 2522; x_wconf 88' lang='lat' dir='ltr'><strong>aequitatem</strong></span> <span class='ocrx_word' id='word_1_197' title='bbox 898 2451 932 2502; x_wconf 89' lang='lat' dir='ltr'><strong>et</strong></span> <span class='ocrx_word' id='word_1_198' title='bbox 954 2441 1107 2512; x_wconf 77' lang='lat' dir='ltr'><strong>iustitiam</strong></span> <span class='ocrx_word' id='word_1_199' title='bbox 1137 2447 1347 2522; x_wconf 80' lang='lat' dir='ltr'><strong>conservare,</strong></span> 
     </span>
     <span class='ocr_line' id='line_1_27' title="bbox 211 2521 1348 2613; baseline -0.004 -24"><span class='ocrx_word' id='word_1_200' title='bbox 211 2529 354 2613; x_wconf 87' lang='lat' dir='ltr'><strong>qualiter</strong></span> <span class='ocrx_word' id='word_1_201' title='bbox 373 2523 412 2583; x_wconf 90' lang='lat' dir='ltr'><strong>ab</strong></span> <span class='ocrx_word' id='word_1_202' title='bbox 429 2521 517 2582; x_wconf 90' lang='lat' dir='ltr'><strong>omni</strong></span> <span class='ocrx_word' id='word_1_203' title='bbox 538 2532 744 2602; x_wconf 89' lang='lat' dir='ltr'><strong>peecatorum</strong></span> <span class='ocrx_word' id='word_1_204' title='bbox 762 2525 851 2586; x_wconf 83' lang='lat' dir='ltr'><strong>faece</strong></span> <span class='ocrx_word' id='word_1_205' title='bbox 871 2525 991 2586; x_wconf 88' lang='lat' dir='ltr'><strong>liberos</strong></span> <span class='ocrx_word' id='word_1_206' title='bbox 1009 2547 1083 2587; x_wconf 92' lang='lat' dir='ltr'><strong>suos</strong></span> <span class='ocrx_word' id='word_1_207' title='bbox 1107 2537 1216 2588; x_wconf 87' lang='lat' dir='ltr'><strong>sancta</strong></span> <span class='ocrx_word' id='word_1_208' title='bbox 1245 2527 1348 2588; x_wconf 89' lang='lat' dir='ltr'><strong>susci-</strong></span> 
     </span>
     <span class='ocr_line' id='line_1_28' title="bbox 210 2603 1364 2697; baseline -0.003 -25"><span class='ocrx_word' id='word_1_209' title='bbox 210 2613 280 2697; x_wconf 89' lang='lat' dir='ltr'><strong>piat</strong></span> <span class='ocrx_word' id='word_1_210' title='bbox 300 2603 448 2672; x_wconf 82' lang='lat' dir='ltr'><strong>Ecclesia</strong></span> <span class='ocrx_word' id='word_1_211' title='bbox 471 2603 681 2666; x_wconf 87' lang='lat' dir='ltr'><strong>Christianos.</strong></span> <span class='ocrx_word' id='word_1_212' title='bbox 721 2606 900 2669; x_wconf 87' lang='lat' dir='ltr'><strong>Enimvero</strong></span> <span class='ocrx_word' id='word_1_213' title='bbox 926 2608 1116 2690; x_wconf 88' lang='lat' dir='ltr'><strong>quicunque</strong></span> <span class='ocrx_word' id='word_1_214' title='bbox 1145 2610 1364 2670; x_wconf 86' lang='lat' dir='ltr'><strong>sacerdotum·</strong></span> 
     </span>
     <span class='ocr_line' id='line_1_29' title="bbox 212 2685 1350 2774; baseline -0.007 -17"><span class='ocrx_word' id='word_1_215' title='bbox 212 2703 269 2757; x_wconf 75' lang='lat' dir='ltr'><strong>aut</strong></span> <span class='ocrx_word' id='word_1_216' title='bbox 285 2686 481 2752; x_wconf 88' lang='lat' dir='ltr'><strong>secularium</strong></span> <span class='ocrx_word' id='word_1_217' title='bbox 504 2685 685 2748; x_wconf 90' lang='lat' dir='ltr'><strong>intentione</strong></span> <span class='ocrx_word' id='word_1_218' title='bbox 700 2690 865 2751; x_wconf 84' lang='lat' dir='ltr'><strong>mortifera</strong></span> <span class='ocrx_word' id='word_1_219' title='bbox 884 2691 1116 2774; x_wconf 88' lang='lat' dir='ltr'><strong>perdurantes,</strong></span> <span class='ocrx_word' id='word_1_220' title='bbox 1139 2693 1283 2754; x_wconf 85' lang='lat' dir='ltr'><strong>crebrius</strong></span> <span class='ocrx_word' id='word_1_221' title='bbox 1297 2693 1350 2753; x_wconf 50' lang='lat' dir='ltr'><strong>ade</strong></span> 
     </span>
     <span class='ocr_line' id='line_1_30' title="bbox 212 2768 1362 2853; baseline -0.001 -18"><span class='ocrx_word' id='word_1_222' title='bbox 212 2774 348 2850; x_wconf 88' lang='lat' dir='ltr'><strong>moniti,</strong></span> <span class='ocrx_word' id='word_1_223' title='bbox 371 2769 543 2832; x_wconf 89' lang='lat' dir='ltr'><strong>emendare</strong></span> <span class='ocrx_word' id='word_1_224' title='bbox 565 2771 783 2853; x_wconf 80' lang='lat' dir='ltr'><strong>neglexerint,</strong></span> <span class='ocrx_word' id='word_1_225' title='bbox 806 2775 886 2836; x_wconf 87' lang='lat' dir='ltr'><strong>alios</strong></span> <span class='ocrx_word' id='word_1_226' title='bbox 900 2773 1056 2834; x_wconf 86' lang='lat' dir='ltr'><strong>canonica</strong></span> <span class='ocrx_word' id='word_1_227' title='bbox 1075 2775 1230 2836; x_wconf 85' lang='lat' dir='ltr'><strong>severitas</strong></span> <span class='ocrx_word' id='word_1_228' title='bbox 1251 2768 1362 2838; x_wconf 67' lang='lat' dir='ltr'><strong>corri-&#39;</strong></span> 
     </span>
     <span class='ocr_line' id='line_1_31' title="bbox 212 2853 1351 2946; baseline -0.002 -25"><span class='ocrx_word' id='word_1_229' title='bbox 212 2869 276 2946; x_wconf 90' lang='lat' dir='ltr'><strong>gat,</strong></span> <span class='ocrx_word' id='word_1_230' title='bbox 290 2857 370 2917; x_wconf 90' lang='lat' dir='ltr'><strong>alios</strong></span> <span class='ocrx_word' id='word_1_231' title='bbox 385 2853 498 2935; x_wconf 82' lang='lat' dir='ltr'><strong>legalis</strong></span> <span class='ocrx_word' id='word_1_232' title='bbox 510 2873 613 2933; x_wconf 90' lang='lat' dir='ltr'><strong>poena</strong></span> <span class='ocrx_word' id='word_1_233' title='bbox 627 2854 799 2934; x_wconf 86' lang='lat' dir='ltr'><strong>percellat:</strong></span> <span class='ocrx_word' id='word_1_234' title='bbox 822 2857 976 2939; x_wconf 89' lang='lat' dir='ltr'><strong>quoniam</strong></span> <span class='ocrx_word' id='word_1_235' title='bbox 994 2878 1054 2917; x_wconf 91' lang='lat' dir='ltr'><strong>nec</strong></span> <span class='ocrx_word' id='word_1_236' title='bbox 1074 2857 1264 2918; x_wconf 90' lang='lat' dir='ltr'><strong>innocentes</strong></span> <span class='ocrx_word' id='word_1_237' title='bbox 1277 2867 1351 2939; x_wconf 90' lang='lat' dir='ltr'><strong>pot-</strong></span> 
     </span>
     <span class='ocr_line' id='line_1_32' title="bbox 213 2934 1333 3022; baseline -0.006 -15"><span class='ocrx_word' id='word_1_238' title='bbox 213 2953 263 3007; x_wconf 92' lang='lat' dir='ltr'><strong>est</strong></span> <span class='ocrx_word' id='word_1_239' title='bbox 274 2939 412 3002; x_wconf 89' lang='lat' dir='ltr'><strong>reddere</strong></span> <span class='ocrx_word' id='word_1_240' title='bbox 427 2934 544 2996; x_wconf 89' lang='lat' dir='ltr'><strong>collata</strong></span> <span class='ocrx_word' id='word_1_241' title='bbox 557 2936 710 2997; x_wconf 87' lang='lat' dir='ltr'><strong>securitas</strong></span> <span class='ocrx_word' id='word_1_242' title='bbox 720 2936 857 3018; x_wconf 88' lang='lat' dir='ltr'><strong>liberos,</strong></span> <span class='ocrx_word' id='word_1_243' title='bbox 881 2940 944 3000; x_wconf 89' lang='lat' dir='ltr'><strong>nisi</strong></span> <span class='ocrx_word' id='word_1_244' title='bbox 955 2949 1042 3000; x_wconf 88' lang='lat' dir='ltr'><strong>certa</strong></span> <span class='ocrx_word' id='word_1_245' title='bbox 1054 2942 1222 3022; x_wconf 90' lang='lat' dir='ltr'><strong>culparum</strong></span> <span class='ocrx_word' id='word_1_246' title='bbox 1231 2941 1333 3021; x_wconf 89' lang='lat' dir='ltr'><strong>proba</strong></span> 
     </span>
    </p>

    <p class='ocr_par' dir='ltr' id='par_1_3' title="bbox 197 3017 1355 4347">
     <span class='ocr_line' id='line_1_33' title="bbox 212 3017 1351 3107; baseline -0.006 -18"><span class='ocrx_word' id='word_1_247' title='bbox 212 3027 260 3089; x_wconf 92' lang='lat' dir='ltr'><strong>tio</strong></span> <span class='ocrx_word' id='word_1_248' title='bbox 279 3018 424 3107; x_wconf 87' lang='lat' dir='ltr'><strong>punierit</strong></span> <span class='ocrx_word' id='word_1_249' title='bbox 444 3017 647 3088; x_wconf 87' lang='lat' dir='ltr'><strong>criminosos;</strong></span> <span class='ocrx_word' id='word_1_250' title='bbox 671 3039 732 3079; x_wconf 91' lang='lat' dir='ltr'><strong>nec</strong></span> <span class='ocrx_word' id='word_1_251' title='bbox 747 3021 855 3084; x_wconf 89' lang='lat' dir='ltr'><strong>minor</strong></span> <span class='ocrx_word' id='word_1_252' title='bbox 865 3030 914 3084; x_wconf 90' lang='lat' dir='ltr'><strong>est</strong></span> <span class='ocrx_word' id='word_1_253' title='bbox 930 3023 1031 3104; x_wconf 86' lang='lat' dir='ltr'><strong>pietas</strong></span> <span class='ocrx_word' id='word_1_254' title='bbox 1050 3035 1215 3105; x_wconf 86' lang='lat' dir='ltr'><strong>protervos</strong></span> <span class='ocrx_word' id='word_1_255' title='bbox 1235 3033 1351 3082; x_wconf 89' lang='lat' dir='ltr'><strong>coute-</strong></span> 
     </span>
     <span class='ocr_line' id='line_1_34' title="bbox 211 3100 1352 3186; baseline -0.004 -16"><span class='ocrx_word' id='word_1_256' title='bbox 211 3129 304 3182; x_wconf 89' lang='lat' dir='ltr'><strong>rere,</strong></span> <span class='ocrx_word' id='word_1_257' title='bbox 328 3123 425 3185; x_wconf 90' lang='lat' dir='ltr'><strong>quam</strong></span> <span class='ocrx_word' id='word_1_258' title='bbox 442 3100 586 3161; x_wconf 87' lang='lat' dir='ltr'><strong>relevare</strong></span> <span class='ocrx_word' id='word_1_259' title='bbox 605 3121 811 3183; x_wconf 88' lang='lat' dir='ltr'><strong>compressos.</strong></span> <span class='ocrx_word' id='word_1_260' title='bbox 833 3105 995 3166; x_wconf 84' lang='lat' dir='ltr'><strong>Convenit</strong></span> <span class='ocrx_word' id='word_1_261' title='bbox 1007 3127 1083 3186; x_wconf 85' lang='lat' dir='ltr'><strong>ergo</strong></span> <span class='ocrx_word' id='word_1_262' title='bbox 1102 3112 1137 3162; x_wconf 90' lang='lat' dir='ltr'><strong>ut</strong></span> <span class='ocrx_word' id='word_1_263' title='bbox 1158 3103 1299 3164; x_wconf 90' lang='lat' dir='ltr'><strong>iustitiae</strong></span> <span class='ocrx_word' id='word_1_264' title='bbox 1318 3114 1352 3165; x_wconf 91' lang='lat' dir='ltr'><strong>et</strong></span> 
     </span>
     <span class='ocr_line' id='line_1_35' title="bbox 212 3181 1350 3272; baseline -0.005 -20"><span class='ocrx_word' id='word_1_265' title='bbox 212 3186 384 3272; x_wconf 82' lang='lat' dir='ltr'><strong>aequitatis</strong></span> <span class='ocrx_word' id='word_1_266' title='bbox 411 3183 446 3243; x_wconf 93' lang='lat' dir='ltr'><strong>in</strong></span> <span class='ocrx_word' id='word_1_267' title='bbox 465 3181 613 3244; x_wconf 89' lang='lat' dir='ltr'><strong>omnibus</strong></span> <span class='ocrx_word' id='word_1_268' title='bbox 629 3182 739 3265; x_wconf 82' lang='lat' dir='ltr'><strong>vigore</strong></span> <span class='ocrx_word' id='word_1_269' title='bbox 755 3196 902 3265; x_wconf 82' lang='lat' dir='ltr'><strong>servato,</strong></span> <span class='ocrx_word' id='word_1_270' title='bbox 933 3185 1101 3267; x_wconf 85' lang='lat' dir='ltr'><strong>distringat</strong></span> <span class='ocrx_word' id='word_1_271' title='bbox 1126 3186 1238 3267; x_wconf 89' lang='lat' dir='ltr'><strong>legalis</strong></span> <span class='ocrx_word' id='word_1_272' title='bbox 1265 3183 1350 3246; x_wconf 84' lang='lat' dir='ltr'><strong>ultio</strong></span> 
     </span>
     <span class='ocr_line' id='line_1_36' title="bbox 212 3265 1350 3350; baseline -0.004 -16"><span class='ocrx_word' id='word_1_273' title='bbox 212 3272 360 3334; x_wconf 89' lang='lat' dir='ltr'><strong>iudicum</strong></span> <span class='ocrx_word' id='word_1_274' title='bbox 378 3288 459 3348; x_wconf 92' lang='lat' dir='ltr'><strong>quos</strong></span> <span class='ocrx_word' id='word_1_275' title='bbox 474 3286 539 3324; x_wconf 91' lang='lat' dir='ltr'><strong>non</strong></span> <span class='ocrx_word' id='word_1_276' title='bbox 554 3265 687 3348; x_wconf 84' lang='lat' dir='ltr'><strong>corrigit</strong></span> <span class='ocrx_word' id='word_1_277' title='bbox 716 3269 872 3329; x_wconf 87' lang='lat' dir='ltr'><strong>canonica</strong></span> <span class='ocrx_word' id='word_1_278' title='bbox 903 3268 1101 3350; x_wconf 89' lang='lat' dir='ltr'><strong>praedicatio</strong></span> <span class='ocrx_word' id='word_1_279' title='bbox 1138 3270 1350 3330; x_wconf 86' lang='lat' dir='ltr'><strong>secerdotum.</strong></span> 
     </span>
     <span class='ocr_line' id='line_1_37' title="bbox 213 3348 1352 3436; baseline 0 -24"><span class='ocrx_word' id='word_1_280' title='bbox 213 3359 289 3436; x_wconf 85' lang='lat' dir='ltr'><strong>Quo</strong></span> <span class='ocrx_word' id='word_1_281' title='bbox 305 3353 360 3412; x_wconf 86' lang='lat' dir='ltr'><strong>fiat</strong></span> <span class='ocrx_word' id='word_1_282' title='bbox 380 3359 417 3409; x_wconf 90' lang='lat' dir='ltr'><strong>ut</strong></span> <span class='ocrx_word' id='word_1_283' title='bbox 436 3348 512 3408; x_wconf 89' lang='lat' dir='ltr'><strong>dum</strong></span> <span class='ocrx_word' id='word_1_284' title='bbox 537 3349 710 3430; x_wconf 85' lang='lat' dir='ltr'><strong>praeterita</strong></span> <span class='ocrx_word' id='word_1_285' title='bbox 732 3359 919 3413; x_wconf 89' lang='lat' dir='ltr'><strong>resecantur</strong></span> <span class='ocrx_word' id='word_1_286' title='bbox 945 3349 1077 3427; x_wconf 90' lang='lat' dir='ltr'><strong>scelera,</strong></span> <span class='ocrx_word' id='word_1_287' title='bbox 1102 3352 1211 3412; x_wconf 88' lang='lat' dir='ltr'><strong>nullus</strong></span> <span class='ocrx_word' id='word_1_288' title='bbox 1234 3351 1352 3412; x_wconf 89' lang='lat' dir='ltr'><strong>audeat</strong></span> 
     </span>
     <span class='ocr_line' id='line_1_38' title="bbox 212 3430 1350 3522; baseline -0.005 -22"><span class='ocrx_word' id='word_1_289' title='bbox 212 3445 399 3522; x_wconf 89' lang='lat' dir='ltr'><strong>perpetrare</strong></span> <span class='ocrx_word' id='word_1_290' title='bbox 420 3431 549 3505; x_wconf 83' lang='lat' dir='ltr'><strong>sutura,</strong></span> <span class='ocrx_word' id='word_1_291' title='bbox 572 3438 604 3490; x_wconf 91' lang='lat' dir='ltr'><strong>et</strong></span> <span class='ocrx_word' id='word_1_292' title='bbox 628 3430 672 3490; x_wconf 89' lang='lat' dir='ltr'><strong>ita</strong></span> <span class='ocrx_word' id='word_1_293' title='bbox 692 3433 860 3495; x_wconf 87' lang='lat' dir='ltr'><strong>universos</strong></span> <span class='ocrx_word' id='word_1_294' title='bbox 874 3431 1068 3494; x_wconf 86' lang='lat' dir='ltr'><strong>excedentes</strong></span> <span class='ocrx_word' id='word_1_295' title='bbox 1083 3455 1140 3515; x_wconf 91' lang='lat' dir='ltr'><strong>pro</strong></span> <span class='ocrx_word' id='word_1_296' title='bbox 1159 3434 1350 3518; x_wconf 88' lang='lat' dir='ltr'><strong>disciplinae</strong></span> 
     </span>
     <span class='ocr_line' id='line_1_39' title="bbox 212 3513 1352 3597; baseline -0.008 -14"><span class='ocrx_word' id='word_1_297' title='bbox 212 3532 327 3583; x_wconf 89' lang='lat' dir='ltr'><strong>tenore</strong></span> <span class='ocrx_word' id='word_1_298' title='bbox 346 3513 506 3578; x_wconf 84' lang='lat' dir='ltr'><strong>servando</strong></span> <span class='ocrx_word' id='word_1_299' title='bbox 523 3513 733 3576; x_wconf 79' lang='lat' dir='ltr'><strong>correctionis</strong></span> <span class='ocrx_word' id='word_1_300' title='bbox 748 3517 860 3577; x_wconf 88' lang='lat' dir='ltr'><strong>fraena</strong></span> <span class='ocrx_word' id='word_1_301' title='bbox 875 3514 1120 3597; x_wconf 87' lang='lat' dir='ltr'><strong>constringant,</strong></span> <span class='ocrx_word' id='word_1_302' title='bbox 1151 3527 1186 3576; x_wconf 90' lang='lat' dir='ltr'><strong>ut</strong></span> <span class='ocrx_word' id='word_1_303' title='bbox 1207 3517 1241 3576; x_wconf 91' lang='lat' dir='ltr'><strong>in</strong></span> <span class='ocrx_word' id='word_1_304' title='bbox 1273 3515 1352 3576; x_wconf 90' lang='lat' dir='ltr'><strong>uni-</strong></span> 
     </span>
     <span class='ocr_line' id='line_1_40' title="bbox 213 3596 1352 3681; baseline -0.007 -15"><span class='ocrx_word' id='word_1_305' title='bbox 213 3624 306 3667; x_wconf 79' lang='lat' dir='ltr'><strong>versa</strong></span> <span class='ocrx_word' id='word_1_306' title='bbox 322 3597 455 3681; x_wconf 82' lang='lat' dir='ltr'><strong>regione</strong></span> <span class='ocrx_word' id='word_1_307' title='bbox 470 3603 577 3655; x_wconf 89' lang='lat' dir='ltr'><strong>nostra</strong></span> <span class='ocrx_word' id='word_1_308' title='bbox 599 3596 685 3676; x_wconf 92' lang='lat' dir='ltr'><strong>pacis</strong></span> <span class='ocrx_word' id='word_1_309' title='bbox 699 3605 732 3658; x_wconf 91' lang='lat' dir='ltr'><strong>et</strong></span> <span class='ocrx_word' id='word_1_310' title='bbox 743 3599 935 3659; x_wconf 88' lang='lat' dir='ltr'><strong>concordiae</strong></span> <span class='ocrx_word' id='word_1_311' title='bbox 948 3598 1018 3658; x_wconf 91' lang='lat' dir='ltr'><strong>iura</strong></span> <span class='ocrx_word' id='word_1_312' title='bbox 1038 3598 1218 3680; x_wconf 84' lang='lat' dir='ltr'><strong>proficiant.</strong></span> <span class='ocrx_word' id='word_1_313' title='bbox 1240 3600 1352 3660; x_wconf 90' lang='lat' dir='ltr'><strong>Cunc-</strong></span> 
     </span>
     <span class='ocr_line' id='line_1_41' title="bbox 211 3677 1353 3763; baseline -0.008 -15"><span class='ocrx_word' id='word_1_314' title='bbox 211 3687 239 3748; x_wconf 90' lang='lat' dir='ltr'><strong>ti</strong></span> <span class='ocrx_word' id='word_1_315' title='bbox 268 3685 377 3763; x_wconf 91' lang='lat' dir='ltr'><strong>iteque</strong></span> <span class='ocrx_word' id='word_1_316' title='bbox 404 3677 527 3739; x_wconf 88' lang='lat' dir='ltr'><strong>iudices</strong></span> <span class='ocrx_word' id='word_1_317' title='bbox 551 3677 645 3756; x_wconf 90' lang='lat' dir='ltr'><strong>iusta,</strong></span> <span class='ocrx_word' id='word_1_318' title='bbox 667 3679 751 3739; x_wconf 87' lang='lat' dir='ltr'><strong>sicut</strong></span> <span class='ocrx_word' id='word_1_319' title='bbox 765 3682 836 3741; x_wconf 91' lang='lat' dir='ltr'><strong>Deo</strong></span> <span class='ocrx_word' id='word_1_320' title='bbox 856 3682 981 3762; x_wconf 87' lang='lat' dir='ltr'><strong>placet,</strong></span> <span class='ocrx_word' id='word_1_321' title='bbox 1002 3681 1153 3741; x_wconf 89' lang='lat' dir='ltr'><strong>studeant</strong></span> <span class='ocrx_word' id='word_1_322' title='bbox 1171 3682 1247 3742; x_wconf 90' lang='lat' dir='ltr'><strong>dare</strong></span> <span class='ocrx_word' id='word_1_323' title='bbox 1263 3681 1353 3741; x_wconf 91' lang='lat' dir='ltr'><strong>iudi-</strong></span> 
     </span>
     <span class='ocr_line' id='line_1_42' title="bbox 213 3759 1353 3842; baseline -0.009 -11"><span class='ocrx_word' id='word_1_324' title='bbox 213 3768 273 3832; x_wconf 88' lang='lat' dir='ltr'><strong>cia.</strong></span> <span class='ocrx_word' id='word_1_325' title='bbox 313 3767 395 3826; x_wconf 86' lang='lat' dir='ltr'><strong>Nam</strong></span> <span class='ocrx_word' id='word_1_326' title='bbox 410 3782 477 3821; x_wconf 89' lang='lat' dir='ltr'><strong>non</strong></span> <span class='ocrx_word' id='word_1_327' title='bbox 493 3759 629 3820; x_wconf 89' lang='lat' dir='ltr'><strong>dubium</strong></span> <span class='ocrx_word' id='word_1_328' title='bbox 642 3763 792 3842; x_wconf 88' lang='lat' dir='ltr'><strong>estquod</strong></span> <span class='ocrx_word' id='word_1_329' title='bbox 807 3764 913 3825; x_wconf 91' lang='lat' dir='ltr'><strong>aerius</strong></span> <span class='ocrx_word' id='word_1_330' title='bbox 932 3763 1006 3823; x_wconf 94' lang='lat' dir='ltr'><strong>illos</strong></span> <span class='ocrx_word' id='word_1_331' title='bbox 1025 3763 1258 3828; x_wconf 90' lang='lat' dir='ltr'><strong>condemnabit</strong></span> <span class='ocrx_word' id='word_1_332' title='bbox 1275 3784 1353 3824; x_wconf 90' lang='lat' dir='ltr'><strong>sen-</strong></span> 
     </span>
     <span class='ocr_line' id='line_1_43' title="bbox 197 3842 1352 3927; baseline -0.003 -14"><span class='ocrx_word' id='word_1_333' title='bbox 197 3849 314 3913; x_wconf 87' lang='lat' dir='ltr'><strong>·tentia</strong></span> <span class='ocrx_word' id='word_1_334' title='bbox 332 3844 435 3907; x_wconf 89' lang='lat' dir='ltr'><strong>nostri</strong></span> <span class='ocrx_word' id='word_1_335' title='bbox 451 3842 564 3902; x_wconf 89' lang='lat' dir='ltr'><strong>iudicii</strong></span> <span class='ocrx_word' id='word_1_336' title='bbox 579 3843 596 3902; x_wconf 82' lang='lat' dir='ltr'><strong>al</strong></span> <span class='ocrx_word' id='word_1_337' title='bbox 609 3844 729 3924; x_wconf 88' lang='lat' dir='ltr'><strong>quibus</strong></span> <span class='ocrx_word' id='word_1_338' title='bbox 749 3867 815 3906; x_wconf 91' lang='lat' dir='ltr'><strong>non</strong></span> <span class='ocrx_word' id='word_1_339' title='bbox 835 3854 968 3907; x_wconf 90' lang='lat' dir='ltr'><strong>tenetur</strong></span> <span class='ocrx_word' id='word_1_340' title='bbox 981 3846 1152 3927; x_wconf 88' lang='lat' dir='ltr'><strong>aequitatis</strong></span> <span class='ocrx_word' id='word_1_341' title='bbox 1174 3844 1352 3908; x_wconf 86' lang='lat' dir='ltr'><strong>iudicandi.</strong></span> 
     </span>
     <span class='ocr_line' id='line_1_44' title="bbox 210 3927 1353 4012; baseline -0.011 -14"><span class='ocrx_word' id='word_1_342' title='bbox 210 3936 283 3998; x_wconf 81' lang='lat' dir='ltr'><strong>Non</strong></span> <span class='ocrx_word' id='word_1_343' title='bbox 304 3927 451 3994; x_wconf 83' lang='lat' dir='ltr'><strong>Vicarios</strong></span> <span class='ocrx_word' id='word_1_344' title='bbox 470 3934 527 3985; x_wconf 88' lang='lat' dir='ltr'><strong>eut</strong></span> <span class='ocrx_word' id='word_1_345' title='bbox 543 3946 757 4006; x_wconf 88' lang='lat' dir='ltr'><strong>quoscunque</strong></span> <span class='ocrx_word' id='word_1_346' title='bbox 772 3928 812 3989; x_wconf 92' lang='lat' dir='ltr'><strong>de</strong></span> <span class='ocrx_word' id='word_1_347' title='bbox 827 3928 929 3990; x_wconf 87' lang='lat' dir='ltr'><strong>latere</strong></span> <span class='ocrx_word' id='word_1_348' title='bbox 951 3949 1010 3990; x_wconf 89' lang='lat' dir='ltr'><strong>suo</strong></span> <span class='ocrx_word' id='word_1_349' title='bbox 1028 3951 1087 4010; x_wconf 89' lang='lat' dir='ltr'><strong>per</strong></span> <span class='ocrx_word' id='word_1_350' title='bbox 1102 3929 1274 4012; x_wconf 83' lang='lat' dir='ltr'><strong>regionem</strong></span> <span class='ocrx_word' id='word_1_351' title='bbox 1291 3927 1353 3988; x_wconf 90' lang='lat' dir='ltr'><strong>sibi</strong></span> 
     </span>
     <span class='ocr_line' id='line_1_45' title="bbox 211 4007 1353 4094; baseline -0.01 -14"><span class='ocrx_word' id='word_1_352' title='bbox 211 4012 415 4080; x_wconf 89' lang='lat' dir='ltr'><strong>commissam</strong></span> <span class='ocrx_word' id='word_1_353' title='bbox 435 4007 604 4070; x_wconf 90' lang='lat' dir='ltr'><strong>instituere</strong></span> <span class='ocrx_word' id='word_1_354' title='bbox 626 4008 679 4071; x_wconf 80' lang='lat' dir='ltr'><strong>vel</strong></span> <span class='ocrx_word' id='word_1_355' title='bbox 694 4009 855 4073; x_wconf 89' lang='lat' dir='ltr'><strong>destinare</strong></span> <span class='ocrx_word' id='word_1_356' title='bbox 876 4021 1093 4094; x_wconf 84' lang='lat' dir='ltr'><strong>praesumant,</strong></span> <span class='ocrx_word' id='word_1_357' title='bbox 1105 4013 1174 4094; x_wconf 87' lang='lat' dir='ltr'><strong>qui,</strong></span> <span class='ocrx_word' id='word_1_358' title='bbox 1193 4010 1283 4092; x_wconf 91' lang='lat' dir='ltr'><strong>quod</strong></span> <span class='ocrx_word' id='word_1_359' title='bbox 1301 4009 1353 4068; x_wconf 92' lang='lat' dir='ltr'><strong>ab·</strong></span> 
     </span>
     <span class='ocr_line' id='line_1_46' title="bbox 210 4089 1355 4179; baseline -0.01 -16"><span class='ocrx_word' id='word_1_360' title='bbox 210 4095 370 4179; x_wconf 91' lang='lat' dir='ltr'><strong>sit,malis</strong></span> <span class='ocrx_word' id='word_1_361' title='bbox 393 4089 546 4174; x_wconf 90' lang='lat' dir='ltr'><strong>operibus</strong></span> <span class='ocrx_word' id='word_1_362' title='bbox 575 4091 810 4154; x_wconf 88' lang='lat' dir='ltr'><strong>consentiendo</strong></span> <span class='ocrx_word' id='word_1_363' title='bbox 838 4095 1047 4158; x_wconf 88' lang='lat' dir='ltr'><strong>venalitatem</strong></span> <span class='ocrx_word' id='word_1_364' title='bbox 1073 4103 1269 4169; x_wconf 82' lang='lat' dir='ltr'><strong>exerceant,</strong></span> <span class='ocrx_word' id='word_1_365' title='bbox 1299 4101 1355 4152; x_wconf 89' lang='lat' dir='ltr'><strong>aut</strong></span> 
     </span>
     <span class='ocr_line' id='line_1_47' title="bbox 210 4173 1353 4266; baseline -0.004 -27"><span class='ocrx_word' id='word_1_366' title='bbox 210 4180 327 4266; x_wconf 83' lang='lat' dir='ltr'><strong>inique</strong></span> <span class='ocrx_word' id='word_1_367' title='bbox 346 4175 606 4260; x_wconf 87' lang='lat' dir='ltr'><strong>quibuscumque</strong></span> <span class='ocrx_word' id='word_1_368' title='bbox 623 4174 726 4258; x_wconf 85' lang='lat' dir='ltr'><strong>spolia</strong></span> <span class='ocrx_word' id='word_1_369' title='bbox 744 4173 867 4240; x_wconf 89' lang='lat' dir='ltr'><strong>inferre</strong></span> <span class='ocrx_word' id='word_1_370' title='bbox 881 4185 1096 4260; x_wconf 87' lang='lat' dir='ltr'><strong>praesumant.</strong></span> <span class='ocrx_word' id='word_1_371' title='bbox 1147 4176 1353 4238; x_wconf 87' lang='lat' dir='ltr'><strong>Clericorum</strong></span> 
     </span>
     <span class='ocr_line' id='line_1_48' title="bbox 214 4255 1353 4347; baseline -0.011 -15"><span class='ocrx_word' id='word_1_372' title='bbox 214 4258 484 4347; x_wconf 79' lang='lat' dir='ltr'><strong>transgressiones</strong></span> <span class='ocrx_word' id='word_1_373' title='bbox 501 4277 575 4320; x_wconf 87' lang='lat' dir='ltr'><strong>cum</strong></span> <span class='ocrx_word' id='word_1_374' title='bbox 588 4255 781 4323; x_wconf 69' lang='lat' dir='ltr'><strong>vadversario</strong></span> <span class='ocrx_word' id='word_1_375' title='bbox 806 4258 979 4344; x_wconf 81' lang='lat' dir='ltr'><strong>instigante</strong></span> <span class='ocrx_word' id='word_1_376' title='bbox 1009 4257 1218 4344; x_wconf 86' lang='lat' dir='ltr'><strong>contigerint,</strong></span> <span class='ocrx_word' id='word_1_377' title='bbox 1239 4266 1353 4344; x_wconf 88' lang='lat' dir='ltr'><strong>quate·</strong></span> 
     </span>
    </p>
   </div>
   <div class='ocr_carea' id='block_1_3' title="bbox 0 0 1467 4972">
    <p class='ocr_par' dir='ltr' id='par_1_4' title="bbox 0 0 1467 4972">
     <span class='ocr_line' id='line_1_49' title="bbox 0 0 1467 4972; baseline 0 0"><span class='ocrx_word' id='word_1_378' title='bbox 0 0 1467 4972; x_wconf 95' lang='lat' dir='ltr'><strong> </strong></span> 
     </span>
    </p>
   </div>
  </div>
 </body>
</html>
