2958 4986
316 325 457 388 acan.
565 325 959 390 aeouurnauconun
1063 326 1125 384 sor.
1225 305 1294 381 155

398 467 565 552 Quomodd
596 466 792 529 dividendae
818 469 881 528 sint
904 466 1055 530 decimae.

242 577 315 646 vlt.
357 579 401 637 Ut
420 585 453 638 et
470 575 531 658 ipsi
546 577 736 640 Sacerdotes
749 576 863 660 populi
885 577 1063 660 suscipiant
1078 577 1233 654 decimas,
1264 587 1296 638 et

154 659 291 730 nomina
310 680 423 726 eorum
439 659 801 742 quicunque-dederint
814 659 933 742 scripta
953 660 1104 738 habeant,
1125 671 1158 720 et
1176 681 1296 722 secun-

155 743 238 808 dirm
251 744 475 806 auctoritatem
494 743 683 804 canonicam
704 765 812 810 eoram
833 745 970 810 testibus
994 743 1153 805 dividant.
1198 745 1241 804 Et
1257 741 1297 802 ad

156 835 387 897 ornamentum
403 825 568 908 Ecclesiae
590 827 725 908 primam
746 826 868 906 eligant
887 836 1022 909 partem,
1040 827 1216 888 secundam
1238 847 1297 884 au-

155 918 225 968 tem
243 909 283 970 ad
309 930 403 970 usum
420 929 600 991 pauperum
621 910 674 970 vel
693 904 941 991 peregrinorum
963 931 1023 992 per
1045 929 1158 968 corum
1183 928 1297 968 manus

156 991 413 1052 misericorditer
433 1011 507 1051 cum
533 990 621 1052 omni
640 991 824 1052 humilitate
848 992 1051 1074 dispensent,
1076 992 1204 1052 tertiam
1219 1011 1297 1055 vero

154 1084 283 1157 partem
312 1083 412 1136 semet
436 1073 512 1156 ipsis
534 1074 675 1152 (solisv)
699 1074 887 1135 Sacerdotes
906 1083 1086 1136 reservent.
1141 1140 1143 1144 ,
1273 1069 1276 1074 ’

204 1179 249 1242 Ut
265 1178 377 1265 officia
399 1179 509 1240 diuina
526 1182 769 1265 competentibus
788 1183 876 1242 boris
903 1204 968 1244 non
990 1184 1255 1268 praetermittant.

241 1289 330 1354 VIII.
371 1292 415 1350 Ut
440 1311 550 1352 omnes
574 1289 762 1352 Sacerdotes
786 1288 876 1350 boris
899 1289 1157 1373 competentibus
1181 1287 1245 1349 diei
1266 1296 1299 1348 et

157 1372 264 1434 noctis
289 1394 421 1434 suarum
440 1381 558 1434 sonent
572 1371 662 1454 signa
678 1371 910 1450 Ecclesiam,
936 1382 969 1434 et
988 1381 1108 1435 sacrata
1127 1373 1197 1431 Deo
1215 1370 1299 1431 cele-

155 1457 256 1527 brent
278 1455 404 1532 officia,
427 1465 460 1517 et
479 1455 617 1538 populos
633 1455 784 1518 erudiant
806 1455 970 1537 quomodo
992 1465 1047 1516 aut
1072 1453 1191 1537 quibus
1207 1455 1298 1514 Deus

158 1537 343 1601 adorandus
360 1548 407 1600 cst
425 1537 524 1600 horis.

346 1645 389 1714 Ua
408 1645 527 1712 Missas
550 1659 644 1708 extra
661 1646 840 1708 Ecclesiam
865 1667 928 1708 non
951 1623 1122 1711 celebrent.

241 1754 297 1814 lx.
338 1756 381 1816 Ut
402 1754 514 1818 nullus
543 1751 698 1816 Sacerdos
720 1751 755 1811 in
781 1751 946 1829 domibus,
973 1752 1026 1814 vel
1049 1753 1082 1812 in
1109 1751 1180 1812 aliis
1207 1749 1298 1827 locis,

157 1835 224 1900 nisi
246 1837 281 1896 in
300 1837 458 1900 Ecclesiis
480 1835 654 1913 dedicatis,
682 1835 848 1897 celebrare
870 1837 981 1898 Missas
1007 1835 1134 1896 audeat.

370 1946 413 2008 Ut
432 1966 570 2026 congrua
590 1959 732 2028 tempora
751 1945 899 2028 baptismi
913 1956 1090 2005 serventur.

243 2053 282 2113 X.
324 2056 368 2114 Ut
388 2055 406 2114 al
427 2053 553 2115 cunctis
577 2050 805 2114 Sacerdotibus
828 2051 878 2111 ius
899 2060 931 2112 et
955 2060 1082 2130 tempus
1102 2047 1299 2131 baptismatis

157 2134 358 2216 temporibus
378 2136 541 2218 congruis,
556 2136 736 2204 secuudirm
753 2134 943 2196 canonicam
961 2132 1208 2210 institutionem,
1226 2152 1300 2192 cau-

157 2218 281 2289 tissime
300 2214 504 2282 observetur.

347 2325 390 2386 Ut
418 2325 543 2410 infirmi
570 2325 711 2408 quolibet
737 2338 877 2410 tempore
906 2327 1113 2412 baptizentur.

240 2433 297 2493 XI.
340 2435 383 2492 Ut
406 2454 516 2496 omnes
539 2432 728 2495 Sacerdotes
755 2434 1007 2516 quibuscunque
1034 2431 1124 2494 boris
1149 2430 1300 2493 omnibus

155 2515 383 2661 afflantibus
397 2516 602 2602 baptismum,
629 2516 823 2618 infirmitatis
839 2518 945 2595 causi,
969 2514 1217 2598 diligentissimi
1239 2514 1300 2576 tri-

186 2705 229 2767 Ut
250 2727 311 2791 pro
336 2683 491 2790 baptismo
510 2719 540 2766 et
564 2706 635 2778 aliis
657 2707 875 2791 spiritualibus
895 2707 1036 2792 pretium
1057 2729 1120 2770 aon
1138 2709 1278 2787 exigant.

188 2863 197 2876 ,
237 2815 312 2874 XII.
354 2816 397 2874 Ut
410 2813 521 2874 nullus
538 2815 711 2910 Presbyter
733 2837 859 2878 sacrum
873 2814 1014 2876 officium
1036 2813 1104 2876 sive
1124 2813 1299 2898 baptisma-

156 2893 199 2955 tis
212 2906 459 2976 sacramentum,
473 2906 528 2958 aut
544 2897 668 2980 aliquid
689 2897 850 2960 donorum
870 2895 1100 2981 spiritualium,
1108 2921 1168 2982 pro
1188 2895 1299 2978 aliquo

155 2978 264 3060 pretio
284 2979 426 3040 vendere
449 2989 650 3062 praesumat,
680 3001 721 3040 ne
743 2982 923 3042 vendentes
946 2989 978 3042 et
996 2989 1140 3043 ementes
1164 2981 1199 3040 in
1218 2987 1301 3038 tem-

155 3060 215 3142 plo
236 3061 399 3123 columbas
418 3062 601 3132 imitentur;
636 3067 682 3140 (ut
705 3085 763 3146 pro
784 3063 834 3125 his
854 3063 912 3146 qui
935 3062 1043 3146 adepti
1067 3073 1143 3126 sunt
1167 3060 1301 3146 gratiam

157 3141 304 3205 divinam
322 3154 369 3216 w)
390 3166 456 3205 non
476 3145 580 3228 pretia
599 3147 831 3235 concupiscant
851 3155 994 3223 terre'na,
1015 3147 1073 3208 sed
1092 3147 1193 3208 solam
1206 3143 1300 3228 regni

157 3226 310 3296 coelestis
330 3227 467 3310 gloriam
483 3237 730 3312 promereantur
751 3229 909 3312 accipere.

322 3335 364 3396 Ut
383 3337 416 3394 in
436 3355 499 3418 qua
515 3335 659 3396 ordinati
679 3349 751 3396 sunt
765 3333 911 3396 Ecclesia
922 3349 1147 3421 permancant.-

240 3439 329 3502 Xlll.
371 3443 415 3502 Ut
436 3442 549 3503 nullus
569 3441 742 3526 Presbyter
758 3443 776 3502 b
790 3443 866 3504 sede
884 3443 1015 3526 propria
1037 3455 1167 3505 sanctae
1188 3442 1302 3506 Eccle'·

156 3522 224 3598 siae
244 3524 304 3585 sub
320 3523 414 3585 cuius
434 3523 531 3585 titulo
547 3525 712 3586 ordinatus
727 3525 808 3603 fuit,
837 3526 1021 3588 ambitionis
1038 3530 1133 3588 cause
1154 3527 1194 3586 ad
1219 3526 1294 3586 alie⁷

156 3628 234 3679 pam
255 3617 368 3689 pergat
388 3607 585 3692 Ecclesiam,
613 3608 723 3680 sedin
744 3608 859 3670 eadem
878 3607 1021 3672 devotus'
1038 3629 1142 3690 usque
1161 3608 1200 3670 ad
1216 3608 1316 3670 vitae'
1360 3664 1362 3668 .

154 3699 346 3782 permaneat
370 3689 528 3751 exitum·
605 3719 611 3730 ¹
655 3717 658 3720 ·

373 3793 415 3864 Ut
436 3795 620 3864 ebrietatem
643 3799 677 3859 in
697 3819 729 3857 se
752 3799 836 3858 etin
853 3798 927 3858 aliis
950 3809 1098 3859 caveant.-

239 3897 327 3966 xlv.
369 3905 412 3964 Ut
427 3903 538 3965 nullus
560 3926 600 3966 ex
615 3905 825 3967 Sacerdotum
849 3926 984 3966 numero
1004 3902 1167 3966 ebrietatis
1185 3902 1301 3966 vitium
1324 3875 1327 3881 ἱ

155 3984 292 4063 nutriat,
315 4006 375 4046 nec
396 3986 475 4048 alios
497 3995 590 4070 cogat
606 4009 666 4070 per
685 4009 774 4050 suam
791 3988 965 4052 iussionem
988 3985 1154 4050 inebriari.

192 4197 229 4255 p)
248 4191 282 4255 al,
299 4209 346 4244 ms.
366 4191 470 4254 deest'
858 4194 880 4244 ti
907 4206 971 4246 suut
1005 4211 1056 4265 per
1080 4191 1202 4266 gratiam
1232 4190 1300 4244 diui-

193 4269 240 4327 w)
260 4262 293 4320 al.
313 4281 358 4327 ms.
379 4275 404 4316 at
420 4281 471 4337 pro
493 4263 534 4322 lu's
554 4265 603 4344 qui
619 4259 701 4342 adep·
838 4281 933 4322 mam.
