2920 4972
299 372 336 426 a,
355 369 441 426 can.
515 367 651 427 sacua
670 367 908 428 sasaconuu
977 371 1037 428 aas.
1211 357 1258 431 17

122 511 183 594 'qui
205 532 265 594 pro
292 510 385 572 nobis
405 512 458 574 vel
479 531 538 596 pro
563 507 654 573 vobis
679 507 806 592 sibique
833 511 1007 572 commissis
1029 533 1161 576 securus
1182 529 1256 580 ante

123 593 268 654 tribunal
290 593 410 654 Christi
429 615 541 677 preces
559 595 680 668 offerat,
698 603 729 654 et
754 593 787 652 in
804 594 914 654 futuro
930 593 1062 672 iudicio,
1075 653 1080 666 ,
1091 604 1137 654 ut.
1148 600 1258 682 culpas

126 685 268 751 excuset,
288 686 456 760 praecator
477 677 615 738 adsistat.
666 677 738 752 Qua
760 677 799 735 de
820 697 855 734 re
878 675 1039 756 praesenti
1068 681 1259 744 auctoritate

127 756 328 820 deceruimus
346 767 381 818 ut
399 760 601 840 saepedictus
622 755 810 818 Desiderius
829 758 1047 840 episcopatum
1062 760 1096 820 in
1107 761 1258 825 Cadus-ca

127 841 206 902 urbe
225 841 473 921 praesentaliter
490 842 653 924 suscipiat,
679 848 718 908 ct,
734 839 863 900 Christo
888 841 1027 922 propitio
1047 842 1116 903 cius
1136 853 1258 926 tempo-

123 923 212 984 ribus
231 931 351 983 teueat.
384 923 426 982 Et
442 933 478 983 ut
494 923 572 986 haec
590 921 779 984 deliberatio
800 922 976 984 voluntatis
992 933 1118 984 nostrae
1135 926 1258 988 firmior

121 1005 291 1081 habeatur,
310 1005 428 1065 manus*
439 1015 566 1066 nostrae
583 1003 816 1086 subscriptione
832 1005 942 1064 subter
965 1027 1034 1066 eam
1055 1007 1258 1070 decrevimus

120 1087 285 1146 roborare.
331 1086 567 1148 chrodobertus
584 1087 706 1147 obtulit.
749 1087 943 1164 Dargobertas
965 1089 1036 1147 Rea:
1059 1090 1256 1172 subscripsit·

119 1170 203 1229 Data
221 1168 282 1230 sub
302 1169 355 1230 dic
378 1170 433 1233 VI.
444 1169 519 1230 Idus
542 1169 673 1254 Aprilis,
702 1189 788 1228 anno
802 1176 913 1230 octavo
928 1170 1103 1253 Dagoberti
1116 1172 1223 1253 Regis.

281 1431 572 1498 INDICULUS
613 1439 912 1500 DAGOBERTI
955 1439 1111 1502 REGIS

120 1590 189 1664 Ad
211 1590 405 1660 &mnam
431 1589 651 1682 Salpitiam,
679 1587 1042 1686 Arcaiapis-copam,
1071 1606 1112 1663 ut
1135 1595 1256 1666 Desi-

502 1722 646 1790 derium
674 1719 877 1815 benedicpt.

122 1920 284 2037 Domino
294 1985 406 2038 sancto
421 1984 453 2037 et
462 1973 637 2058 apostolico
648 1969 775 2035 Damno
788 1997 861 2036 meo
873 1976 955 2056 patri
974 1977 1125 2060 sulpitio,
1137 1977 1255 2063 Papae,

121 2060 324 2140 Dagobertus
336 2061 415 2119 Rex.
455 2059 526 2118 Deo
544 2067 576 2118 et
592 2067 716 2118 restrae
735 2058 894 2118 sanctitati
912 2061 996 2120 hene
1013 2060 1173 2122 credimus
1188 2077 1256 2125 esse
1337 2113 1339 2120 .

120 2151 325 2236 cumpertum
346 2140 487 2222 qualiter
505 2139 608 2201 fidelis
627 2148 735 2200 noster
748 2140 799 2200 vir
813 2141 947 2201 illustris
962 2141 1162 2220 Desiderias,
1173 2144 1258 2205 The·

121 2245 284 2284 sauranus
299 2233 420 2300 noster,
438 2221 531 2282 nobis
552 2245 593 2284 ex
607 2222 842 2283 adolescentiae
863 2245 938 2283 suae
959 2232 1101 2306 tempore
1117 2225 1258 2286 fideliter
1359 2218 1367 2236 i

120 2305 315 2378 deservivit3
334 2315 366 2367 et
384 2327 443 2366 nos
458 2305 693 2366 devotissimam
705 2325 740 2365 ac
754 2305 959 2366 monasticam
976 2307 1255 2369 conversationem

122 2389 194 2449 eius
221 2387 374 2448 habemus
396 2387 481 2448 benc
505 2396 708 2471 compertam.
757 2387 834 2448 ldeb
855 2403 913 2448 nos
941 2388 1122 2471 cognoscite
1149 2389 1257 2450 taliter

125 2471 318 2545 decrevisse,
343 2479 380 2530 ut
398 2469 433 2528 iu
450 2467 578 2530 civitate
593 2469 749 2546 Cadurca,
764 2464 819 2528 ubi
841 2489 1008 2550 germanus
1023 2471 1092 2531 eius
1108 2475 1254 2534 Domnas

123 2551 276 2612 Rusticus
291 2553 469 2634 Episcopus
488 2551 637 2634 praeivit,
658 2551 690 2609 in
709 2551 817 2612 locum
833 2551 933 2634 ipsius
950 2547 1107 2614 honorem
1130 2553 1256 2636 episco-

123 2634 216 2717 patus
238 2635 272 2694 in
289 2634 352 2695 Dei
373 2633 632 2694 nominedeheat
646 2633 809 2716 accipere;
832 2633 920 2715 quia,
944 2635 1055 2696 divinat
1077 2636 1254 2718 inspirante

123 2717 280 2798 potentia,
299 2717 375 2778 talis
389 2725 497 2776 nostra
518 2715 647 2777 devotio
669 2725 777 2792 manet
788 2725 825 2774 ut
841 2735 895 2776 cos
910 2733 991 2798 quos
1004 2718 1146 2779 moribus
1162 2737 1255 2778 ornan

122 2803 173 2858 tos
193 2808 226 2858 ct
248 2799 364 2860 sanctis
380 2797 531 2881 operibus
555 2797 679 2860 deditos
697 2797 920 2879 perspicimus,
936 2797 1019 2859 sicut
1032 2809 1079 2860 est
1094 2801 1151 2862 iste
1171 2799 1253 2858 side-

122 2879 261 2942 lissimus
283 2882 345 2941 Dei
368 2889 525 2958 etlnoster
543 2879 742 2956 Desiderius,
758 2880 816 2940 hos
847 2881 887 2940 ad
913 2881 1092 2963 episcopale
1122 2879 1252 2940 culmen

121 2961 301 3044 provehere
320 2960 501 3024 debeamus.
543 2962 629 3040 Quia
648 2962 692 3022 sic
708 2961 803 3022 decet
822 2963 943 3043 regiam
961 2959 1199 3039 celsitudinem,
1218 2970 1254 3021 ut

121 3040 204 3124 quos
226 3046 390 3126 cognoscit
405 3046 440 3106 in
458 3045 519 3106 Dei
538 3045 652 3104 timore
674 3043 869 3121 conversari,
889 3054 921 3105 et
945 3045 1041 3104 fidem
1063 3041 1254 3105 catholicam

122 3127 249 3208 integre
265 3128 438 3202 custodire,
458 3128 511 3197 vel
534 3125 719 3208 evangelica
739 3136 908 3209 praccepta
929 3122 1121 3188 omnimodis
1142 3127 1253 3188 obser·

121 3228 211 3284 vare,
235 3209 275 3268 ad
293 3209 355 3269 tale
375 3209 518 3270 officium
540 3209 668 3272 studeat
684 3228 885 3292 promovere.
925 3208 1068 3270 Proinde
1093 3209 1169 3270 dum
1194 3227 1251 3270 vos

120 3309 229 3351 arcem
245 3291 485 3374 Metropolitani
501 3291 619 3354 seimus
637 3300 760 3367 tenere,
774 3300 956 3372 praesentes
974 3291 1079 3373 apices
1100 3301 1174 3352 cum
1192 3292 1251 3352 de·

118 3373 188 3434 bito
214 3372 414 3436 salutationis
438 3373 545 3435 officio
574 3373 710 3432 almitati
731 3382 852 3434 vestrae
876 3374 1056 3434 staduimus
1078 3375 1251 3448 destinare,

118 3463 269 3537 petentes
287 3464 324 3514 ut
341 3456 380 3515 ad
399 3477 475 3516 eum
489 3455 752 3518 benedicendum
770 3475 943 3536 properare
960 3455 1101 3516 debeatis
1141 3465 1174 3517 et
1194 3455 1250 3515 lit·

119 3545 204 3597 teras
219 3535 260 3596 ad
270 3537 559 3620 comprovinciales
572 3539 686 3598 fratres
696 3546 817 3600 vestros
832 3537 975 3619 dirigatis
986 3546 1062 3597 utet
1076 3502 1126 3597 illi
1143 3538 1252 3622 adesse

121 3619 272 3696 debcant,
294 3630 330 3679 ut
350 3620 505 3682 canonice
526 3629 559 3682 et
580 3619 668 3679 iuxta
694 3619 900 3702 apostolicam
927 3619 1163 3690 institutionem
1192 3615 1252 3678 suls

121 3701 231 3761 nostri·
252 3697 436 3782 praesentia
464 3703 498 3764 in
522 3710 630 3764 sancta
657 3701 804 3762 Pascliali
825 3701 1038 3778 solemnitate,
1068 3699 1252 3761 Pontificali

119 3782 351 3850 benedictione
370 3783 485 3846 debeat
503 3783 695 3846 confirmari.
737 3784 824 3844 Illud
844 3784 940 3843 etiam
962 3793 1036 3842 ante
1051 3782 1158 3845 omnia
1179 3803 1253 3863 sup·

143 3865 287 3942 licamus,
307 3875 344 3924 ut
368 3887 426 3927 nos
443 3867 478 3926 in
493 3866 614 3928 sanctis
632 3886 668 3924 ac
684 3865 754 3926 Deo
774 3865 902 3948 placitis
918 3865 1116 3948 orationibus
1137 3864 1251 3926 vestris

119 3887 259 4006 imminu
290 3949 528 4026 commendetis,
558 3958 589 4008 et
618 3947 656 4006 ad
679 3949 878 4030 explendum
907 3949 995 4029 quod
1020 3947 1110 4007 vohis
1139 3944 1253 4004 iniun-
1299 3947 1302 3951 ’

121 4029 224 4108 gimus
259 4031 427 4112 negotium
458 4031 581 4090 nullam
610 4051 730 4088 moram
753 4030 886 4090 faciatis.
942 4033 1047 4106 Quem
1071 4026 1254 4108 indiculum

120 4113 233 4172 maniis
252 4122 378 4172 nostrae
392 4112 639 4196 subscriptione,
654 4121 691 4172 ut
701 4132 777 4174 'mos
797 4121 854 4189 est,
873 4111 1075 4176 decrevimus
1090 4111 1252 4172 roborare.

122 4186 316 4272 Dagobertas
339 4195 410 4258 Rex
432 4195 624 4278 subscripsit.

891 4348 895 4354 ⁵
931 4399 953 4466 a
