2958 4986
217 287 289 364 tw
445 309 590 370 own

702 310 959 370 ctrttuttutu
1064 313 1127 371 m.

279 451 328 511 De
345 472 380 514 eo
394 455 448 534 qui
463 455 496 512 iu
513 454 725 514 testimonium
737 456 919 528 assumitur,
948 452 1051 536 quatis
1081 475 1146 512 esse
1167 451 1288 514 debeat.

299 555 357 617 ΧΙ.
401 549 551 640 Optimus
570 567 604 634 o)
619 559 757 641 quisque
776 559 809 618 iu
828 581 910 642 pugo
928 558 981 620 vel
1000 559 1130 622 civitate
1157 561 1190 619 in
1214 562 1359 622 testimo-
1452 617 1453 638 1

216 637 309 698 nium
327 639 524 716 adsumatur,
546 651 578 702 et
597 642 650 702 cui
671 643 696 704 is
712 651 825 703 oontru
843 663 941 723 quem
964 643 1182 724 testimoniare
1201 649 1234 728 p)
1256 643 1358 706 dehet

217 722 346 783 nullum
367 723 490 786 crimen
515 724 615 806 possit
630 725 775 786 indicere
794 735 843 808 q).

659 831 880 892 Exrutcir.
908 839 938 902 r)

324 995 621 1060 'CAPITULARE
664 993 859 1058 TERTIUM
900 993 1001 1058 ANNI
1041 998 1213 1060 DCCCIII.

269 1111 360 1186 Atta
406 1116 582 1212 capitula
616 1118 767 1188 minora
805 1117 852 1186 de
891 1117 1017 1188 causis
1048 1119 1303 1188 admonendis.

498 1247 650 1310 lunn
693 1247 1068 1308 Cerrruuouuu.

240 1432 265 1470 ¹·
340 1457 356 1494 e
376 1431 530 1496 Ecclesiis
546 1434 761 1496 emendandis.

816 1351 1359 1448 mmmfflmmmmm

872 1447 1049 1516 .perator1s
1068 1457 1132 1495 non
1147 1435 1292 1516 suerunt.

235 1545 263 1582 2.
286 1520 335 1578 De
358 1516 560 1578 ordinatione
589 1518 760 1595 Presbyte-
813 1517 859 1580 15.
881 1517 930 1576 De
949 1539 1044 1577 causa
1063 1519 1145 1578 ebrii
1158 1521 1306 1591 bominis,
1325 1533 1359 1579 et

298 1621 415 1662 rorum.
458 1599 500 1659 Et
527 1599 566 1660 de
583 1621 760 1663 excommu-

294 1683 460 1747 uicatioue.

209 1819 211 1828 .
233 1771 261 1832 3.
284 1771 332 1830 De
361 1762 536 1834 Scabincis,

890 1598 931 1658 de
946 1601 1012 1658 eius
1034 1603 1222 1663 testimonio.
1253 1603 1295 1666 Et
1314 1603 1359 1662 de

914 1683 1010 1742 latito
1026 1683 1166 1743 Comitis.

569 1739 758 1835 Advocatis,
813 1762 858 1823 16.
880 1704 928 1823 Be
950 1785 1012 1826 non
1026 1765 1166 1844 cogendo
1183 1767 1298 1827 bibere.

294 1850 437 1914 N⁰⁸W¹⁸⁸
456 1848 476 1906 ‘b
493 1848 601 1907 Mlffl'S
624 1846 759 1908 dmm*
812 1890 857 1950 ¹7·
879 1869 1360 1933 Demissisdominieisueloae-

295 1936 340 1994 cis
357 1926 520 2008 eligendis.

232 2019 262 2094 4.
285 2017 334 2076 De
356 2011 493 2094 illisqui
510 2011 609 2094 legem
628 2031 758 2074 servare

296 2105 509 2160 contemnunt.

235 2185 262 2246 5,
277 2183 324 2241 De
335 2177 591 2238 heribannatoris
608 2177 758 2236 coniecto.

231 2266 261 2326 6.
284 2265 332 2324 De
343 2257 495 2339 fugitivis
522 2279 558 2318 ac
571 2259 759 2342 peregrinis.

234 2371 260 2429 7.
289 2346 329 2407 Ut
356 2343 456 2419 bauga
486 2354 516 2400 et
546 2341 677 2401 bruniae
697 2361 761 2401 non

296 2428 413 2486 dentur
428 2423 682 2502 negotiatoribus.

233 2515 262 2578 8.
285 2511 333 2569 De.
352 2509 519 2578 utettsuris,
556 2519 590 2566 ut
611 2505 757 2588 aequales

296 2594 368 2650 siut.

233 2699 262 2758 9.
285 2675 333 2734 De
346 2672 501 2731 vestitura
516 2671 648 2849 Pjplrini
653 2671 756 2750 Regis.

217 2782 262 2820 to.
285 2761 339 2820 De
358 2753 479 2814 colonis
497 2767 527 2814 et
579 2754 717 2814 scabinis}

217 2840 333 2903 11.De
372 2837 495 2896 bomine
536 2857 571 2894 tn
606 2833 759 2896 iudicium

295 2943 359 2981 nou
379 2916 532 2977 mittendo
562 2919 629 2977 siue
653 2939 757 2979 causa.

218 3029 262 3068 η.
285 3005 334 3062 De
361 3001 567 3062 conversione
590 3001 683 3060 liberi
697 3003 755 3060 lto·

296 3087 401 3144 minis

217 3173 262 3232 13.
272 3170 320 3229 De
329 3169 377 3226 Itis
393 3164 619 3248 quaeruadiari
632 3163 755 3226 debent.

212 3287 549 3304 'm-

247 3388 278 3446 ο)
297 3381 330 3431 al.
350 3396 409 3431 mss.
419 3380 514 3448 optimi
525 3407 554 3418 -
565 3378 754 3432 adsumantur.

246 3458 287 3520 p)
305 3451 339 3501 al.
359 3468 418 3501 mss.
438 3449 596 3518 testificare.

248 3541 265 3594 q
265 3528 286 3586 j
303 3521 337 3571 al.
356 3537 415 3571 mss.
440 3509 565 3572 incidere
586 3521 634 3573 vet
657 3522 756 3604 impin·

891 1955 966 2096 tegis
979 1954 1155 2014 bominibus
1173 1953 1360 2015 discurren-

892 2049 915 2094 ιι
938 2057 984 2095 us.

812 2139 858 2203 18.
881 2141 928 2200 De
945 2141 1074 2202 canibus
1098 2144 1153 2223 qrri
1174 2143 1208 2201 iu
1232 2141 1357 2206 dextro

892 2245 980 2285 armo
999 2227 1084 2284 tonsi
1106 2237 1187 2283 suut.

814 2327 859 2388 19.
881 2306 930 2366 De
953 2307 1100 2388 capitulis
1119 2327 1199 2388 quae
1226 2307 1260 2365 t'n
1284 2307 1359 2386 lege

892 2390 1019 2450 noviter
1040 2387 1154 2448 addita
1171 2403 1253 2454 siant.

806 2471 1020 2536 auncinis
1052 2473 1107 2551 qui
1130 2471 1175 2530 ad
1197 2472 1356 2554 placitum

889 2553 1016 2615 banniri
1032 2551 1156 2614 debent.

807 2657 855 2697 21.
878 2637 926 2696 De
945 2634 1045 2716 falsis
1062 2636 1202 2696 testibus.

807 2739 856 2780 22.
878 2721 927 2780 De
942 2739 1005 2778 uon
1022 2716 1158 2779 iurando
1173 2739 1234 2803 per
1250 2719 1356 2780 uitam

889 2803 991 2881 Regis.

808 2884 857 2946 25.
878 2885 927 2944 De
950 2883 1135 2944 Saxonibus
1156 2886 1211 2966 quai
1231 2905 1356 2948 uxores

889 2987 953 3027 uon
970 2967 1093 3027 habeut.

804 3081 854 3160 24.
876 3084 932 3144 De
953 3081 1083 3160 signatis
1104 3083 1159 3164 qui
1170 3083 1353 3146 mentiendo

887 3163 1019 3224 vadunt.

874 3381 924 3433 sub
941 3380 1000 3448 ipso
1018 3398 1105 3440 anno,
1125 3380 1193 3433 baec
1207 3382 1287 3449 farta
1304 3398 1353 3432 co·

872 3449 963 3520 pitulo
981 3463 1055 3510 sunt,
1077 3463 1102 3502 et
1120 3451 1353 3522 consiguataSte-

871 3521 965 3590 pirano
987 3521 1097 3580 Camiri,
1118 3534 1149 3572 ut
1174 3522 1242 3576 baec
1260 3523 1352 3571 mani-

281 3609 369 3661 gere‚·
395 3589 518 3643 incidere
537 3589 626 3644 idest
656 3593 756 3660 ampin-
809 3643 812 3648 ,
866 3590 945 3673 seem
960 3589 1069 3656 faceret
1086 3593 1117 3640 in
1134 3593 1251 3652 ‚ciuitate
1269 3591 1353 3642 Pori—

291 3679 354 3713 rere.

246 3682 328 3796 tybla
347 3729 413 3781 Cod.
425 3730 541 3798 Sangall.
559 3729 685 3782 Baluzius
695 3739 758 3800 post

284 3801 412 3852 ultimum
437 3800 587 3872 capitulum
614 3803 757 3872 sequentia

281 3871 405 3923 invenit:
424 3873 480 3923 Ista
506 3873 551 3922 xt.
577 3872 703 3941 capitulo
720 3870 761 3924 ad

281 3942 405 3994 omnibus
423 3943 527 4010 legibus
543 3939 757 3994 mittendarum.

281 4013 315 4062 In
330 4011 464 4064 Sirmondi
481 4029 543 4065 vero
561 4009 667 4064 schedis
686 4011 758 4064 hane

275 4099 314 4152 lex
333 4083 417 4134 veteri
436 4082 502 4134 Cod.
520 4082 683 4154 descriptam
701 4082 758 4155 epi-

281 4151 400 4221 graphen
419 4153 492 4219 legit.

299 4225 380 4274 Auno
400 4225 480 4275 tertio
490 4222 691 4274 clementissimi
702 4224 756 4274 Do·

282 4293 351 4341 mini
377 4296 466 4346 nostri
499 4292 602 4344 Korobi
626 4296 753 4364 Augtrttt',

874 3680 931 3712 stus
949 3661 1034 3711 mollo
1050 3661 1173 3729 publico,
1190 3675 1225 3714 ·et
1242 3661 1295 3711 illa
1314 3661 1354 3712 le-

874 3731 1063 3801 geresaceret
1090 3749 1184 3783 coram
1210 3731 1356 3783 Scabineis

882 3799 960 3872 quod
975 3803 1015 3852 ita
1034 3812 1061 3850 et
1076 3801 1158 3871 fecit.
1201 3802 1240 3852 Et
1259 3811 1354 3854 omues

880 3873 911 3922 in
945 3889 1000 3923 uno
1034 3884 1248 3932 consenserunt,
1278 3869 1357 3942 quod

878 3943 932 4010 ipsi
958 3941 1112 3993 voluissent
1135 3943 1210 3994 omni
1233 3954 1356 4012 temporo

876 4012 1026 4064 observare
1046 4029 1131 4084 usque
1158 4014 1354 4082 inposterum.

876 4082 971 4134 Etiam
990 4097 1080 4132 omnes
1107 4083 1249 4142 Scabiuei,
1269 4083 1355 4152 Epis-

877 4154 950 4222 copi,
971 4151 1099 4213 Abbates,
1121 4153 1246 4213 Comites,
1266 4170 1354 4206 manu

874 4224 990 4294 propria
1007 4221 1293 4296 subtersiguavtrunt.
