<?xml version="1.0" encoding="UTF-8"?>
<!DOCTYPE html PUBLIC "-//W3C//DTD XHTML 1.0 Transitional//EN"
    "http://www.w3.org/TR/xhtml1/DTD/xhtml1-transitional.dtd">
<html xmlns="http://www.w3.org/1999/xhtml" xml:lang="en" lang="en">
 <head>
  <title>
</title>
<meta http-equiv="Content-Type" content="text/html;charset=utf-8" />
  <meta name='ocr-system' content='tesseract 3.04.00' />
  <meta name='ocr-capabilities' content='ocr_page ocr_carea ocr_par ocr_line ocrx_word'/>
</head>
<body>
  <div class='ocr_page' id='page_1' title='image "./corpusiurisgerm05visigoog_0372.png"; bbox 0 0 2928 4986; ppageno 0'>
   <div class='ocr_carea' id='block_1_1' title="bbox 289 303 1279 376">
    <p class='ocr_par' dir='ltr' id='par_1_1' title="bbox 289 303 1279 376">
     <span class='ocr_line' id='line_1_1' title="bbox 289 303 1279 376; baseline 0.001 -5"><span class='ocrx_word' id='word_1_1' title='bbox 289 320 324 372; x_wconf 83' lang='lat' dir='ltr'><strong>A.</strong></span> <span class='ocrx_word' id='word_1_2' title='bbox 344 318 432 374; x_wconf 82' lang='lat' dir='ltr'><strong>cna.</strong></span> <span class='ocrx_word' id='word_1_3' title='bbox 539 317 939 376; x_wconf 79' lang='lat' dir='ltr'><strong>necunerancoaun</strong></span> <span class='ocrx_word' id='word_1_4' title='bbox 1035 320 1099 376; x_wconf 78' lang='lat' dir='ltr'><strong>en.</strong></span> <span class='ocrx_word' id='word_1_5' title='bbox 1205 303 1279 374; x_wconf 71' lang='grc'><strong>359</strong></span> 
     </span>
    </p>
   </div>
   <div class='ocr_carea' id='block_1_2' title="bbox 136 458 1278 690">
    <p class='ocr_par' dir='ltr' id='par_1_2' title="bbox 136 458 1278 690">
     <span class='ocr_line' id='line_1_2' title="bbox 137 458 1276 556; baseline -0.001 -35"><span class='ocrx_word' id='word_1_6' title='bbox 137 458 274 521; x_wconf 86' lang='lat' dir='ltr'><strong>consilio</strong></span> <span class='ocrx_word' id='word_1_7' title='bbox 292 468 325 520; x_wconf 93' lang='lat' dir='ltr'><strong>et</strong></span> <span class='ocrx_word' id='word_1_8' title='bbox 347 459 544 521; x_wconf 88' lang='lat' dir='ltr'><strong>documento</strong></span> <span class='ocrx_word' id='word_1_9' title='bbox 568 479 710 556; x_wconf 74' lang='lat' dir='ltr'><strong>eaquae</strong></span> <span class='ocrx_word' id='word_1_10' title='bbox 735 461 776 522; x_wconf 87' lang='lat' dir='ltr'><strong>ad</strong></span> <span class='ocrx_word' id='word_1_11' title='bbox 804 461 1001 545; x_wconf 80' lang='lat' dir='ltr'>religionem</span> <span class='ocrx_word' id='word_1_12' title='bbox 1022 459 1276 537; x_wconf 88' lang='lat' dir='ltr'><strong>Canonicorum,</strong></span> 
     </span>
     <span class='ocr_line' id='line_1_3' title="bbox 136 541 1278 626; baseline -0.003 -20"><span class='ocrx_word' id='word_1_13' title='bbox 136 542 387 620; x_wconf 87' lang='lat' dir='ltr'><strong>Monachorum,</strong></span> <span class='ocrx_word' id='word_1_14' title='bbox 406 541 709 605; x_wconf 79' lang='lat' dir='ltr'><strong>sanctimonialium</strong></span> <span class='ocrx_word' id='word_1_15' title='bbox 723 545 909 625; x_wconf 84' lang='lat' dir='ltr'><strong>pertinent,</strong></span> <span class='ocrx_word' id='word_1_16' title='bbox 923 551 1095 626; x_wconf 88' lang='lat' dir='ltr'><strong>peragant,</strong></span> <span class='ocrx_word' id='word_1_17' title='bbox 1118 553 1150 602; x_wconf 93' lang='lat' dir='ltr'><strong>et</strong></span> <span class='ocrx_word' id='word_1_18' title='bbox 1165 565 1278 604; x_wconf 90' lang='lat' dir='ltr'><strong>eorum</strong></span> 
     </span>
     <span class='ocr_line' id='line_1_4' title="bbox 137 623 1277 690; baseline -0.001 -4"><span class='ocrx_word' id='word_1_19' title='bbox 137 625 299 687; x_wconf 83' lang='lat' dir='ltr'><strong>salubrem</strong></span> <span class='ocrx_word' id='word_1_20' title='bbox 319 623 574 686; x_wconf 87' lang='lat' dir='ltr'><strong>admonitionem</strong></span> <span class='ocrx_word' id='word_1_21' title='bbox 598 624 631 683; x_wconf 93' lang='lat' dir='ltr'><strong>in</strong></span> <span class='ocrx_word' id='word_1_22' title='bbox 650 625 713 686; x_wconf 86' lang='lat' dir='ltr'><strong>hoc</strong></span> <span class='ocrx_word' id='word_1_23' title='bbox 731 627 873 690; x_wconf 81' lang='lat' dir='ltr'><strong>libenter</strong></span> <span class='ocrx_word' id='word_1_24' title='bbox 893 627 1029 687; x_wconf 90' lang='lat' dir='ltr'><strong>audiant</strong></span> <span class='ocrx_word' id='word_1_25' title='bbox 1053 633 1086 686; x_wconf 87' lang='lat' dir='ltr'><strong>et</strong></span> <span class='ocrx_word' id='word_1_26' title='bbox 1113 626 1277 687; x_wconf 86' lang='lat' dir='ltr'><strong>obediant.</strong></span> 
     </span>
    </p>
   </div>
   <div class='ocr_carea' id='block_1_3' title="bbox 136 727 1276 895">
    <p class='ocr_par' dir='ltr' id='par_1_3' title="bbox 136 727 1276 895">
     <span class='ocr_line' id='line_1_5' title="bbox 136 727 1276 817; baseline 0.004 -27"><span class='ocrx_word' id='word_1_27' title='bbox 136 730 187 791; x_wconf 89' lang='lat' dir='ltr'><strong>De</strong></span> <span class='ocrx_word' id='word_1_28' title='bbox 206 730 423 802; x_wconf 71' lang='lat' dir='ltr'><strong>admonitione</strong></span> <span class='ocrx_word' id='word_1_29' title='bbox 443 727 488 790; x_wconf 84' lang='lat' dir='ltr'><strong>ad</strong></span> <span class='ocrx_word' id='word_1_30' title='bbox 506 727 700 812; x_wconf 81' lang='lat' dir='ltr'><strong>Episcopos,</strong></span> <span class='ocrx_word' id='word_1_31' title='bbox 723 730 882 804; x_wconf 73' lang='lat' dir='ltr'><strong>Aetates,</strong></span> <span class='ocrx_word' id='word_1_32' title='bbox 906 744 939 794; x_wconf 90' lang='lat' dir='ltr'><strong>et·-</strong></span> <span class='ocrx_word' id='word_1_33' title='bbox 955 731 1003 792; x_wconf 78' lang='lat' dir='ltr'><strong>ad</strong></span> <span class='ocrx_word' id='word_1_34' title='bbox 1015 752 1123 794; x_wconf 82' lang='lat' dir='ltr'><strong>omnes</strong></span> <span class='ocrx_word' id='word_1_35' title='bbox 1132 730 1276 817; x_wconf 82' lang='lat' dir='ltr'><strong>fideles,</strong></span> 
     </span>
     <span class='ocr_line' id='line_1_6' title="bbox 481 810 922 895; baseline 0.007 -24"><span class='ocrx_word' id='word_1_36' title='bbox 481 833 546 895; x_wconf 83' lang='lat' dir='ltr'><strong>pra</strong></span> <span class='ocrx_word' id='word_1_37' title='bbox 565 810 720 878; x_wconf 79' lang='lat' dir='ltr'><strong>Comitum</strong></span> <span class='ocrx_word' id='word_1_38' title='bbox 742 814 922 876; x_wconf 69' lang='lat' dir='ltr'><strong>adiutoriis</strong></span> 
     </span>
    </p>
   </div>
   <div class='ocr_carea' id='block_1_4' title="bbox 126 915 1280 1148">
    <p class='ocr_par' dir='ltr' id='par_1_4' title="bbox 126 915 1280 1148">
     <span class='ocr_line' id='line_1_7' title="bbox 219 915 1280 1000; baseline 0.006 -24"><span class='ocrx_word' id='word_1_39' title='bbox 219 917 281 981; x_wconf 87' lang='lat' dir='ltr'><strong>IX.</strong></span> <span class='ocrx_word' id='word_1_40' title='bbox 321 915 488 1000; x_wconf 79' lang='lat' dir='ltr'><strong>Episcopis</strong></span> <span class='ocrx_word' id='word_1_41' title='bbox 517 916 654 994; x_wconf 76' lang='lat' dir='ltr'><strong>iterim,</strong></span> <span class='ocrx_word' id='word_1_42' title='bbox 684 917 881 996; x_wconf 76' lang='lat' dir='ltr'><strong>dhhatihns,</strong></span> <span class='ocrx_word' id='word_1_43' title='bbox 904 927 936 980; x_wconf 90' lang='lat' dir='ltr'><strong>et</strong></span> <span class='ocrx_word' id='word_1_44' title='bbox 962 919 1060 982; x_wconf 81' lang='lat' dir='ltr'><strong>vassis</strong></span> <span class='ocrx_word' id='word_1_45' title='bbox 1081 919 1217 998; x_wconf 88' lang='lat' dir='ltr'><strong>nostris,</strong></span> <span class='ocrx_word' id='word_1_46' title='bbox 1247 929 1280 982; x_wconf 89' lang='lat' dir='ltr'><strong>et</strong></span> 
     </span>
     <span class='ocr_line' id='line_1_8' title="bbox 126 999 1279 1066; baseline 0.001 -3"><span class='ocrx_word' id='word_1_47' title='bbox 126 1002 287 1064; x_wconf 71' lang='lat' dir='ltr'><strong>&#39;omuibus</strong></span> <span class='ocrx_word' id='word_1_48' title='bbox 312 1000 462 1062; x_wconf 87' lang='lat' dir='ltr'><strong>fidelibus</strong></span> <span class='ocrx_word' id='word_1_49' title='bbox 482 999 573 1060; x_wconf 87' lang='lat' dir='ltr'><strong>laicis</strong></span> <span class='ocrx_word' id='word_1_50' title='bbox 596 999 733 1064; x_wconf 85' lang='lat' dir='ltr'><strong>dicimus</strong></span> <span class='ocrx_word' id='word_1_51' title='bbox 752 1011 788 1062; x_wconf 93' lang='lat' dir='ltr'><strong>ut</strong></span> <span class='ocrx_word' id='word_1_52' title='bbox 807 1001 987 1066; x_wconf 87' lang='lat' dir='ltr'><strong>Comitibus</strong></span> <span class='ocrx_word' id='word_1_53' title='bbox 1005 1001 1047 1064; x_wconf 87' lang='lat' dir='ltr'><strong>ad</strong></span> <span class='ocrx_word' id='word_1_54' title='bbox 1068 1002 1205 1066; x_wconf 88' lang='lat' dir='ltr'><strong>iustitias</strong></span> <span class='ocrx_word' id='word_1_55' title='bbox 1228 1003 1279 1064; x_wconf 84' lang='lat' dir='ltr'><strong>fa-</strong></span> 
     </span>
     <span class='ocr_line' id='line_1_9' title="bbox 137 1082 551 1148; baseline -0.014 0"><span class='ocrx_word' id='word_1_56' title='bbox 137 1085 269 1148; x_wconf 90' lang='lat' dir='ltr'><strong>ciendas</strong></span> <span class='ocrx_word' id='word_1_57' title='bbox 285 1084 449 1146; x_wconf 89' lang='lat' dir='ltr'><strong>adiutores</strong></span> <span class='ocrx_word' id='word_1_58' title='bbox 472 1082 551 1144; x_wconf 89' lang='lat' dir='ltr'><strong>sitis.</strong></span> 
     </span>
    </p>
   </div>
   <div class='ocr_carea' id='block_1_5' title="bbox 178 1187 1240 1364">
    <p class='ocr_par' dir='ltr' id='par_1_5' title="bbox 178 1187 1240 1364">
     <span class='ocr_line' id='line_1_10' title="bbox 178 1187 1240 1276; baseline -0.004 -23"><span class='ocrx_word' id='word_1_59' title='bbox 178 1193 228 1254; x_wconf 85' lang='lat' dir='ltr'><strong>De</strong></span> <span class='ocrx_word' id='word_1_60' title='bbox 248 1189 467 1253; x_wconf 75' lang='lat' dir='ltr'><strong>admonitione</strong></span> <span class='ocrx_word' id='word_1_61' title='bbox 483 1187 533 1248; x_wconf 77' lang='lat' dir='ltr'><strong>ad</strong></span> <span class='ocrx_word' id='word_1_62' title='bbox 546 1187 722 1276; x_wconf 80' lang='lat' dir='ltr'><strong>Episcopus</strong></span> <span class='ocrx_word' id='word_1_63' title='bbox 736 1190 791 1250; x_wconf 80' lang='lat' dir='ltr'><strong>nel</strong></span> <span class='ocrx_word' id='word_1_64' title='bbox 805 1212 912 1252; x_wconf 85' lang='lat' dir='ltr'><strong>omnes</strong></span> <span class='ocrx_word' id='word_1_65' title='bbox 925 1211 987 1274; x_wconf 84' lang='lat' dir='ltr'><strong>pro</strong></span> <span class='ocrx_word' id='word_1_66' title='bbox 1005 1189 1178 1254; x_wconf 83' lang='lat' dir='ltr'><strong>eoncordia</strong></span> <span class='ocrx_word' id='word_1_67' title='bbox 1194 1187 1240 1250; x_wconf 82' lang='lat' dir='ltr'><strong>ad</strong></span> 
     </span>
     <span class='ocr_line' id='line_1_11' title="bbox 404 1271 1018 1364; baseline 0.003 -34"><span class='ocrx_word' id='word_1_68' title='bbox 404 1271 541 1332; x_wconf 82' lang='lat' dir='ltr'><strong>irzvicem</strong></span> <span class='ocrx_word' id='word_1_69' title='bbox 562 1284 593 1332; x_wconf 88' lang='lat' dir='ltr'><strong>et</strong></span> <span class='ocrx_word' id='word_1_70' title='bbox 614 1293 684 1332; x_wconf 88' lang='lat' dir='ltr'><strong>cnm</strong></span> <span class='ocrx_word' id='word_1_71' title='bbox 705 1275 836 1364; x_wconf 78' lang='lat' dir='ltr'><strong>caeteris</strong></span> <span class='ocrx_word' id='word_1_72' title='bbox 847 1273 1018 1358; x_wconf 78' lang='lat' dir='ltr'><strong>fidelibus.</strong></span> 
     </span>
    </p>
   </div>
   <div class='ocr_carea' id='block_1_6' title="bbox 138 1377 1280 1628">
    <p class='ocr_par' dir='ltr' id='par_1_6' title="bbox 138 1377 1280 1628">
     <span class='ocr_line' id='line_1_12' title="bbox 219 1377 1280 1460; baseline -0.002 -18"><span class='ocrx_word' id='word_1_73' title='bbox 219 1382 259 1442; x_wconf 90' lang='lat' dir='ltr'><strong>X.</strong></span> <span class='ocrx_word' id='word_1_74' title='bbox 301 1377 454 1460; x_wconf 85' lang='lat' dir='ltr'><strong>Episcopi</strong></span> <span class='ocrx_word' id='word_1_75' title='bbox 465 1398 554 1438; x_wconf 71' lang='lat' dir='ltr'><strong>,vero</strong></span> <span class='ocrx_word' id='word_1_76' title='bbox 570 1377 622 1440; x_wconf 81' lang='lat' dir='ltr'><strong>vel</strong></span> <span class='ocrx_word' id='word_1_77' title='bbox 637 1378 778 1442; x_wconf 84' lang='lat' dir='ltr'><strong>Comites</strong></span> <span class='ocrx_word' id='word_1_78' title='bbox 799 1380 888 1442; x_wconf 88' lang='lat' dir='ltr'><strong>etad</strong></span> <span class='ocrx_word' id='word_1_79' title='bbox 906 1380 1047 1442; x_wconf 83' lang='lat' dir='ltr'><strong>invicem</strong></span> <span class='ocrx_word' id='word_1_80' title='bbox 1064 1387 1187 1440; x_wconf 90' lang='lat' dir='ltr'><strong>etcum</strong></span> <span class='ocrx_word' id='word_1_81' title='bbox 1205 1399 1280 1440; x_wconf 89' lang='lat' dir='ltr'><strong>cae-</strong></span> 
     </span>
     <span class='ocr_line' id='line_1_13' title="bbox 138 1461 1280 1544; baseline -0.002 -20"><span class='ocrx_word' id='word_1_82' title='bbox 138 1463 217 1526; x_wconf 82' lang='lat' dir='ltr'><strong>teris</strong></span> <span class='ocrx_word' id='word_1_83' title='bbox 235 1462 386 1528; x_wconf 82' lang='lat' dir='ltr'><strong>fidelibus</strong></span> <span class='ocrx_word' id='word_1_84' title='bbox 404 1461 611 1521; x_wconf 88' lang='lat' dir='ltr'><strong>concorditer</strong></span> <span class='ocrx_word' id='word_1_85' title='bbox 637 1461 767 1540; x_wconf 87' lang='lat' dir='ltr'><strong>vivant,</strong></span> <span class='ocrx_word' id='word_1_86' title='bbox 792 1473 825 1526; x_wconf 87' lang='lat' dir='ltr'><strong>et</strong></span> <span class='ocrx_word' id='word_1_87' title='bbox 847 1463 889 1526; x_wconf 82' lang='lat' dir='ltr'><strong>ad</strong></span> <span class='ocrx_word' id='word_1_88' title='bbox 908 1485 965 1525; x_wconf 86' lang='lat' dir='ltr'><strong>sua</strong></span> <span class='ocrx_word' id='word_1_89' title='bbox 984 1461 1164 1524; x_wconf 89' lang='lat' dir='ltr'><strong>ministeria</strong></span> <span class='ocrx_word' id='word_1_90' title='bbox 1184 1482 1280 1544; x_wconf 87' lang='lat' dir='ltr'><strong>pera-</strong></span> 
     </span>
     <span class='ocr_line' id='line_1_14' title="bbox 138 1541 832 1628; baseline 0 -22"><span class='ocrx_word' id='word_1_91' title='bbox 138 1546 244 1628; x_wconf 82' lang='lat' dir='ltr'><strong>genda</strong></span> <span class='ocrx_word' id='word_1_92' title='bbox 262 1543 405 1606; x_wconf 76' lang='lat' dir='ltr'><strong>uicissim</strong></span> <span class='ocrx_word' id='word_1_93' title='bbox 423 1541 487 1613; x_wconf 80' lang='lat' dir='ltr'><strong>sibi</strong></span> <span class='ocrx_word' id='word_1_94' title='bbox 501 1543 702 1608; x_wconf 82' lang='lat' dir='ltr'><strong>adiutorium</strong></span> <span class='ocrx_word' id='word_1_95' title='bbox 716 1546 832 1606; x_wconf 83' lang='lat' dir='ltr'><strong>ferant.</strong></span> 
     </span>
    </p>
   </div>
   <div class='ocr_carea' id='block_1_7' title="bbox 139 1647 1284 1794">
    <p class='ocr_par' dir='ltr' id='par_1_7' title="bbox 139 1647 1284 1794">
     <span class='ocr_line' id='line_1_15' title="bbox 139 1647 1284 1794; baseline -0.006 -79"><span class='ocrx_word' id='word_1_96' title='bbox 139 1656 189 1715; x_wconf 89' lang='lat' dir='ltr'><strong>De</strong></span> <span class='ocrx_word' id='word_1_97' title='bbox 212 1651 429 1714; x_wconf 77' lang='lat' dir='ltr'><strong>admonitione</strong></span> <span class='ocrx_word' id='word_1_98' title='bbox 452 1647 501 1709; x_wconf 77' lang='lat' dir='ltr'><strong>ad</strong></span> <span class='ocrx_word' id='word_1_99' title='bbox 516 1670 622 1710; x_wconf 85' lang='lat' dir='ltr'><strong>omnes</strong></span> <span class='ocrx_word' id='word_1_100' title='bbox 641 1653 833 1794; x_wconf 62' lang='lat' dir='ltr'><strong>generaliter</strong></span> <span class='ocrx_word' id='word_1_101' title='bbox 849 1674 912 1738; x_wconf 88' lang='lat' dir='ltr'><strong>pro</strong></span> <span class='ocrx_word' id='word_1_102' title='bbox 934 1653 1065 1714; x_wconf 85' lang='lat' dir='ltr'><strong>caritate</strong></span> <span class='ocrx_word' id='word_1_103' title='bbox 1088 1661 1120 1712; x_wconf 87' lang='lat' dir='ltr'><strong>et</strong></span> <span class='ocrx_word' id='word_1_104' title='bbox 1137 1669 1216 1734; x_wconf 83' lang='lat' dir='ltr'><strong>paee</strong></span> <span class='ocrx_word' id='word_1_105' title='bbox 1237 1647 1284 1709; x_wconf 84' lang='lat' dir='ltr'><strong>ad</strong></span> 
     </span>
     <span class='ocr_line' id='line_1_16' title="bbox 606 1752 1272 1794; baseline -0.003 -1"><span class='ocrx_word' id='word_1_106' title='bbox 606 1765 609 1774; x_wconf 90' lang='lat'>&#39;</span> <span class='ocrx_word' id='word_1_107' title='bbox 635 1755 645 1793; x_wconf 87' lang='lat' dir='ltr'><strong><em>l</em></strong></span> <span class='ocrx_word' id='word_1_108' title='bbox 669 1752 781 1794; x_wconf 74' lang='lat' dir='ltr'><strong>vitem.</strong></span> <span class='ocrx_word' id='word_1_109' title='bbox 1149 1767 1152 1772; x_wconf 86' lang='grc'><strong>’</strong></span> <span class='ocrx_word' id='word_1_110' title='bbox 1269 1763 1272 1770; x_wconf 91' lang='grc'><em>“</em></span> 
     </span>
    </p>
   </div>
   <div class='ocr_carea' id='block_1_8' title="bbox 221 1833 1283 1922">
    <p class='ocr_par' dir='ltr' id='par_1_8' title="bbox 221 1833 1283 1922">
     <span class='ocr_line' id='line_1_17' title="bbox 221 1833 1283 1922; baseline -0.004 -21"><span class='ocrx_word' id='word_1_111' title='bbox 221 1841 283 1913; x_wconf 81' lang='lat' dir='ltr'><strong>XI.</strong></span> <span class='ocrx_word' id='word_1_112' title='bbox 322 1839 481 1912; x_wconf 83' lang='lat' dir='ltr'><strong>Omnibus</strong></span> <span class='ocrx_word' id='word_1_113' title='bbox 503 1839 600 1915; x_wconf 84' lang='lat' dir='ltr'><strong>etiam</strong></span> <span class='ocrx_word' id='word_1_114' title='bbox 622 1833 820 1922; x_wconf 82' lang='lat' dir='ltr'><strong>generaliter</strong></span> <span class='ocrx_word' id='word_1_115' title='bbox 839 1840 977 1902; x_wconf 87' lang='lat' dir='ltr'><strong>dicimus</strong></span> <span class='ocrx_word' id='word_1_116' title='bbox 1003 1850 1040 1902; x_wconf 90' lang='lat' dir='ltr'><strong>ut</strong></span> <span class='ocrx_word' id='word_1_117' title='bbox 1060 1838 1227 1901; x_wconf 83' lang='lat' dir='ltr'><strong>caritatem</strong></span> <span class='ocrx_word' id='word_1_118' title='bbox 1249 1846 1283 1898; x_wconf 89' lang='lat' dir='ltr'><strong>et</strong></span> 
     </span>
    </p>
   </div>
   <div class='ocr_carea' id='block_1_9' title="bbox 136 1923 1292 2010">
    <p class='ocr_par' dir='ltr' id='par_1_9' title="bbox 136 1923 1292 2010">
     <span class='ocr_line' id='line_1_18' title="bbox 136 1923 1292 2010; baseline -0.005 -26"><span class='ocrx_word' id='word_1_119' title='bbox 136 1946 251 2010; x_wconf 88' lang='lat' dir='ltr'><strong>pacem</strong></span> <span class='ocrx_word' id='word_1_120' title='bbox 274 1923 479 2000; x_wconf 84' lang='lat' dir='ltr'><strong>adinvicem</strong></span> <span class='ocrx_word' id='word_1_121' title='bbox 501 1923 662 2000; x_wconf 84' lang='lat' dir='ltr'><strong>habeatis,</strong></span> <span class='ocrx_word' id='word_1_122' title='bbox 684 1932 717 1983; x_wconf 92' lang='lat' dir='ltr'><strong>et</strong></span> <span class='ocrx_word' id='word_1_123' title='bbox 736 1924 922 2006; x_wconf 84' lang='lat' dir='ltr'><strong>generalem</strong></span> <span class='ocrx_word' id='word_1_124' title='bbox 941 1923 1118 1986; x_wconf 88' lang='lat' dir='ltr'><strong>iussionem</strong></span> <span class='ocrx_word' id='word_1_125' title='bbox 1139 1931 1292 1981; x_wconf 89' lang='lat' dir='ltr'><strong>nostrum·</strong></span> 
     </span>
    </p>
   </div>
   <div class='ocr_carea' id='block_1_10' title="bbox 137 2003 1282 2258">
    <p class='ocr_par' dir='ltr' id='par_1_10' title="bbox 137 2003 1282 2258">
     <span class='ocr_line' id='line_1_19' title="bbox 139 2003 1280 2090; baseline -0.007 -21"><span class='ocrx_word' id='word_1_126' title='bbox 139 2007 340 2090; x_wconf 84' lang='lat' dir='ltr'><strong>generaliter·</strong></span> <span class='ocrx_word' id='word_1_127' title='bbox 356 2006 529 2067; x_wconf 79' lang='lat' dir='ltr'><strong>observare</strong></span> <span class='ocrx_word' id='word_1_128' title='bbox 553 2005 743 2084; x_wconf 84' lang='lat' dir='ltr'><strong>decertetis,</strong></span> <span class='ocrx_word' id='word_1_129' title='bbox 774 2013 807 2066; x_wconf 89' lang='lat' dir='ltr'><strong>et</strong></span> <span class='ocrx_word' id='word_1_130' title='bbox 824 2005 929 2068; x_wconf 88' lang='lat' dir='ltr'><strong>Missis</strong></span> <span class='ocrx_word' id='word_1_131' title='bbox 951 2007 1070 2068; x_wconf 89' lang='lat' dir='ltr'><strong>nostris</strong></span> <span class='ocrx_word' id='word_1_132' title='bbox 1087 2013 1147 2088; x_wconf 77' lang='lat' dir='ltr'><strong>pro</strong></span> <span class='ocrx_word' id='word_1_133' title='bbox 1171 2003 1280 2084; x_wconf 90' lang='lat' dir='ltr'><strong>quali-</strong></span> 
     </span>
     <span class='ocr_line' id='line_1_20' title="bbox 139 2086 1281 2172; baseline -0.007 -20"><span class='ocrx_word' id='word_1_134' title='bbox 139 2109 272 2172; x_wconf 87' lang='lat' dir='ltr'><strong>cunque</strong></span> <span class='ocrx_word' id='word_1_135' title='bbox 297 2088 423 2160; x_wconf 73' lang='lat' dir='ltr'><strong>scilieet</strong></span> <span class='ocrx_word' id='word_1_136' title='bbox 446 2098 503 2148; x_wconf 89' lang='lat' dir='ltr'><strong>aut</strong></span> <span class='ocrx_word' id='word_1_137' title='bbox 523 2087 739 2150; x_wconf 88' lang='lat' dir='ltr'><strong>ecclesiastica</strong></span> <span class='ocrx_word' id='word_1_138' title='bbox 759 2097 816 2148; x_wconf 90' lang='lat' dir='ltr'><strong>aut</strong></span> <span class='ocrx_word' id='word_1_139' title='bbox 835 2090 965 2170; x_wconf 89' lang='lat' dir='ltr'><strong>publica</strong></span> <span class='ocrx_word' id='word_1_140' title='bbox 988 2089 1127 2149; x_wconf 89' lang='lat' dir='ltr'><strong>utilitate</strong></span> <span class='ocrx_word' id='word_1_141' title='bbox 1148 2086 1201 2148; x_wconf 86' lang='lat' dir='ltr'><strong>vel</strong></span> <span class='ocrx_word' id='word_1_142' title='bbox 1220 2107 1281 2167; x_wconf 91' lang='lat' dir='ltr'><strong>op-</strong></span> 
     </span>
     <span class='ocr_line' id='line_1_21' title="bbox 137 2167 1282 2258; baseline -0.006 -25"><span class='ocrx_word' id='word_1_143' title='bbox 137 2172 338 2258; x_wconf 76' lang='lat' dir='ltr'><strong>portunitate</strong></span> <span class='ocrx_word' id='word_1_144' title='bbox 373 2171 392 2230; x_wconf 79' lang='lat' dir='ltr'><strong>ai</strong></span> <span class='ocrx_word' id='word_1_145' title='bbox 417 2171 510 2232; x_wconf 88' lang='lat' dir='ltr'><strong>nobis</strong></span> <span class='ocrx_word' id='word_1_146' title='bbox 543 2171 675 2234; x_wconf 91' lang='lat' dir='ltr'><strong>directis</strong></span> <span class='ocrx_word' id='word_1_147' title='bbox 712 2171 814 2233; x_wconf 91' lang='lat' dir='ltr'><strong>nostri</strong></span> <span class='ocrx_word' id='word_1_148' title='bbox 843 2171 977 2234; x_wconf 81' lang='lat' dir='ltr'><strong>honoris</strong></span> <span class='ocrx_word' id='word_1_149' title='bbox 1004 2171 1097 2232; x_wconf 77' lang='lat' dir='ltr'><strong>causei</strong></span> <span class='ocrx_word' id='word_1_150' title='bbox 1121 2167 1282 2228; x_wconf 89' lang='lat' dir='ltr'><strong>honorem</strong></span> 
     </span>
    </p>
   </div>
   <div class='ocr_carea' id='block_1_11' title="bbox 139 2247 1324 2338">
    <p class='ocr_par' dir='ltr' id='par_1_11' title="bbox 139 2247 1324 2338">
     <span class='ocr_line' id='line_1_22' title="bbox 139 2247 1324 2338; baseline -0.005 -22"><span class='ocrx_word' id='word_1_151' title='bbox 139 2247 342 2330; x_wconf 81' lang='lat' dir='ltr'><strong>exhibeatis,</strong></span> <span class='ocrx_word' id='word_1_152' title='bbox 373 2261 406 2314; x_wconf 89' lang='lat' dir='ltr'><strong>et</strong></span> <span class='ocrx_word' id='word_1_153' title='bbox 433 2263 561 2315; x_wconf 87' lang='lat' dir='ltr'><strong>nostrae</strong></span> <span class='ocrx_word' id='word_1_154' title='bbox 584 2263 718 2338; x_wconf 89' lang='lat' dir='ltr'><strong>propter</strong></span> <span class='ocrx_word' id='word_1_155' title='bbox 742 2254 943 2316; x_wconf 85' lang='lat' dir='ltr'><strong>auctoritatis</strong></span> <span class='ocrx_word' id='word_1_156' title='bbox 968 2252 1213 2316; x_wconf 80' lang='lat' dir='ltr'><strong>uenerationem</strong></span> <span class='ocrx_word' id='word_1_157' title='bbox 1243 2271 1284 2312; x_wconf 85' lang='lat' dir='ltr'><strong>ea</strong></span> <span class='ocrx_word' id='word_1_158' title='bbox 1321 2265 1324 2274; x_wconf 70' lang='lat'><strong>⁴</strong></span> 
     </span>
    </p>
   </div>
   <div class='ocr_carea' id='block_1_12' title="bbox 137 2335 1031 2422">
    <p class='ocr_par' dir='ltr' id='par_1_12' title="bbox 137 2335 1031 2422">
     <span class='ocr_line' id='line_1_23' title="bbox 137 2335 1031 2422; baseline 0 -24"><span class='ocrx_word' id='word_1_159' title='bbox 137 2361 222 2420; x_wconf 83' lang='lat' dir='ltr'><strong>quae</strong></span> <span class='ocrx_word' id='word_1_160' title='bbox 238 2359 298 2422; x_wconf 87' lang='lat' dir='ltr'><strong>per</strong></span> <span class='ocrx_word' id='word_1_161' title='bbox 315 2336 389 2396; x_wconf 90' lang='lat' dir='ltr'><strong>illos</strong></span> <span class='ocrx_word' id='word_1_162' title='bbox 407 2335 627 2418; x_wconf 89' lang='lat' dir='ltr'><strong>iniungimus,</strong></span> <span class='ocrx_word' id='word_1_163' title='bbox 652 2359 748 2420; x_wconf 87' lang='lat' dir='ltr'><strong>agere</strong></span> <span class='ocrx_word' id='word_1_164' title='bbox 767 2359 832 2398; x_wconf 89' lang='lat' dir='ltr'><strong>nou</strong></span> <span class='ocrx_word' id='word_1_165' title='bbox 850 2337 1031 2420; x_wconf 81' lang='lat' dir='ltr'><strong>negligatis.</strong></span> 
     </span>
    </p>
   </div>
   <div class='ocr_carea' id='block_1_13' title="bbox 143 2439 1279 2668">
    <p class='ocr_par' dir='ltr' id='par_1_13' title="bbox 143 2425 1279 2668">
     <span class='ocr_line' id='line_1_24' title="bbox 143 2439 1279 2526; baseline -0.002 -22"><span class='ocrx_word' id='word_1_166' title='bbox 143 2445 188 2512; x_wconf 83' lang='lat' dir='ltr'><strong>De</strong></span> <span class='ocrx_word' id='word_1_167' title='bbox 217 2447 276 2512; x_wconf 79' lang='lat' dir='ltr'><strong>huc</strong></span> <span class='ocrx_word' id='word_1_168' title='bbox 303 2440 392 2525; x_wconf 83' lang='lat' dir='ltr'><strong>qnod</strong></span> <span class='ocrx_word' id='word_1_169' title='bbox 411 2439 631 2526; x_wconf 69' lang='lat' dir='ltr'><strong>‘unnsquisque</strong></span> <span class='ocrx_word' id='word_1_170' title='bbox 653 2441 885 2526; x_wconf 79' lang='lat' dir='ltr'><strong>Episcopornm</strong></span> <span class='ocrx_word' id='word_1_171' title='bbox 906 2443 961 2502; x_wconf 82' lang='lat' dir='ltr'><strong>nel</strong></span> <span class='ocrx_word' id='word_1_172' title='bbox 981 2440 1136 2508; x_wconf 82' lang='lat' dir='ltr'><strong>Comitum</strong></span> <span class='ocrx_word' id='word_1_173' title='bbox 1154 2453 1279 2525; x_wconf 83' lang='lat' dir='ltr'><strong>purtem</strong></span> 
     </span>
     <span class='ocr_line' id='line_1_25' title="bbox 208 2523 1212 2622; baseline -0.002 -36"><span class='ocrx_word' id='word_1_174' title='bbox 208 2525 378 2600; x_wconf 83' lang='lat' dir='ltr'><strong>ministerii</strong></span> <span class='ocrx_word' id='word_1_175' title='bbox 399 2525 514 2614; x_wconf 81' lang='lat' dir='ltr'><strong>regalis</strong></span> <span class='ocrx_word' id='word_1_176' title='bbox 535 2525 668 2622; x_wconf 75' lang='lat' dir='ltr'><strong>habeat,</strong></span> <span class='ocrx_word' id='word_1_177' title='bbox 691 2525 783 2622; x_wconf 77' lang='lat' dir='ltr'><strong>etde</strong></span> <span class='ocrx_word' id='word_1_178' title='bbox 805 2526 987 2592; x_wconf 86' lang='lat' dir='ltr'><strong>testimonio.</strong></span> <span class='ocrx_word' id='word_1_179' title='bbox 1004 2525 1146 2608; x_wconf 86' lang='lat' dir='ltr'><strong>ipsorum</strong></span> <span class='ocrx_word' id='word_1_180' title='bbox 1167 2523 1212 2584; x_wconf 86' lang='lat' dir='ltr'><strong>nd</strong></span> 
     </span>
     <span class='ocr_line' id='line_1_26' title="bbox 636 2629 782 2668; baseline 0.007 -1"><span class='ocrx_word' id='word_1_181' title='bbox 636 2629 782 2668; x_wconf 78' lang='lat' dir='ltr'><strong>inuicem.</strong></span> 
     </span>
    </p>
   </div>
   <div class='ocr_carea' id='block_1_14' title="bbox 134 2710 1281 3790">
    <p class='ocr_par' dir='ltr' id='par_1_14' title="bbox 134 2710 1281 3790">
     <span class='ocr_line' id='line_1_27' title="bbox 217 2710 1281 2796; baseline -0.005 -20"><span class='ocrx_word' id='word_1_182' title='bbox 217 2711 298 2776; x_wconf 87' lang='lat' dir='ltr'><strong>XII.</strong></span> <span class='ocrx_word' id='word_1_183' title='bbox 339 2711 381 2772; x_wconf 92' lang='lat' dir='ltr'><strong>Et</strong></span> <span class='ocrx_word' id='word_1_184' title='bbox 401 2710 580 2794; x_wconf 84' lang='lat' dir='ltr'><strong>quoniam,</strong></span> <span class='ocrx_word' id='word_1_185' title='bbox 598 2712 682 2780; x_wconf 81' lang='lat' dir='ltr'><strong>sicut</strong></span> <span class='ocrx_word' id='word_1_186' title='bbox 706 2713 864 2792; x_wconf 82' lang='lat' dir='ltr'><strong>diximus,</strong></span> <span class='ocrx_word' id='word_1_187' title='bbox 887 2712 1113 2796; x_wconf 75' lang='lat' dir='ltr'><strong>unusquisque</strong></span> <span class='ocrx_word' id='word_1_188' title='bbox 1135 2711 1281 2776; x_wconf 74' lang='lat' dir='ltr'><strong>vestrim</strong></span> 
     </span>
     <span class='ocr_line' id='line_1_28' title="bbox 136 2793 1281 2882; baseline -0.003 -25"><span class='ocrx_word' id='word_1_189' title='bbox 136 2805 261 2882; x_wconf 88' lang='lat' dir='ltr'><strong>partem</strong></span> <span class='ocrx_word' id='word_1_190' title='bbox 279 2793 451 2856; x_wconf 89' lang='lat' dir='ltr'><strong>ministerii</strong></span> <span class='ocrx_word' id='word_1_191' title='bbox 474 2796 574 2856; x_wconf 89' lang='lat' dir='ltr'><strong>nostri</strong></span> <span class='ocrx_word' id='word_1_192' title='bbox 597 2817 656 2878; x_wconf 92' lang='lat' dir='ltr'><strong>per</strong></span> <span class='ocrx_word' id='word_1_193' title='bbox 676 2807 801 2879; x_wconf 86' lang='lat' dir='ltr'><strong>partem</strong></span> <span class='ocrx_word' id='word_1_194' title='bbox 819 2795 939 2856; x_wconf 87' lang='lat' dir='ltr'><strong>hahere</strong></span> <span class='ocrx_word' id='word_1_195' title='bbox 962 2796 1160 2872; x_wconf 87' lang='lat' dir='ltr'><strong>dinoscitur,</strong></span> <span class='ocrx_word' id='word_1_196' title='bbox 1182 2796 1281 2856; x_wconf 84' lang='lat' dir='ltr'><strong>volu-</strong></span> 
     </span>
     <span class='ocr_line' id='line_1_29' title="bbox 137 2877 1279 2962; baseline -0.005 -21"><span class='ocrx_word' id='word_1_197' title='bbox 137 2901 209 2954; x_wconf 82' lang='lat' dir='ltr'><strong>mus</strong></span> <span class='ocrx_word' id='word_1_198' title='bbox 228 2879 359 2951; x_wconf 79' lang='lat' dir='ltr'><strong>studere</strong></span> <span class='ocrx_word' id='word_1_199' title='bbox 378 2887 411 2937; x_wconf 90' lang='lat' dir='ltr'><strong>et</strong></span> <span class='ocrx_word' id='word_1_200' title='bbox 428 2898 487 2959; x_wconf 90' lang='lat' dir='ltr'><strong>per</strong></span> <span class='ocrx_word' id='word_1_201' title='bbox 510 2879 698 2942; x_wconf 87' lang='lat' dir='ltr'><strong>clamatores</strong></span> <span class='ocrx_word' id='word_1_202' title='bbox 724 2888 756 2941; x_wconf 92' lang='lat' dir='ltr'><strong>et</strong></span> <span class='ocrx_word' id='word_1_203' title='bbox 779 2899 839 2962; x_wconf 91' lang='lat' dir='ltr'><strong>per</strong></span> <span class='ocrx_word' id='word_1_204' title='bbox 860 2879 922 2948; x_wconf 89' lang='lat' dir='ltr'><strong>alia</strong></span> <span class='ocrx_word' id='word_1_205' title='bbox 939 2879 1105 2960; x_wconf 87' lang='lat' dir='ltr'><strong>quaelibet</strong></span> <span class='ocrx_word' id='word_1_206' title='bbox 1121 2887 1210 2939; x_wconf 88' lang='lat' dir='ltr'><strong>certa</strong></span> <span class='ocrx_word' id='word_1_207' title='bbox 1226 2877 1279 2936; x_wconf 91' lang='lat' dir='ltr'><strong>in-</strong></span> 
     </span>
     <span class='ocr_line' id='line_1_30' title="bbox 138 2959 1279 3043; baseline -0.006 -18"><span class='ocrx_word' id='word_1_208' title='bbox 138 2962 246 3039; x_wconf 87' lang='lat' dir='ltr'><strong>dicia,</strong></span> <span class='ocrx_word' id='word_1_209' title='bbox 279 2969 312 3022; x_wconf 89' lang='lat' dir='ltr'><strong>et</strong></span> <span class='ocrx_word' id='word_1_210' title='bbox 342 2980 403 3043; x_wconf 91' lang='lat' dir='ltr'><strong>per</strong></span> <span class='ocrx_word' id='word_1_211' title='bbox 430 2959 543 3021; x_wconf 89' lang='lat' dir='ltr'><strong>Missos</strong></span> <span class='ocrx_word' id='word_1_212' title='bbox 573 2971 698 3022; x_wconf 91' lang='lat' dir='ltr'><strong>nostros</strong></span> <span class='ocrx_word' id='word_1_213' title='bbox 726 2983 807 3043; x_wconf 90' lang='lat' dir='ltr'><strong>quos</strong></span> <span class='ocrx_word' id='word_1_214' title='bbox 836 2961 876 3022; x_wconf 91' lang='lat' dir='ltr'><strong>ad</strong></span> <span class='ocrx_word' id='word_1_215' title='bbox 906 2961 968 3032; x_wconf 85' lang='lat' dir='ltr'><strong>hoc</strong></span> <span class='ocrx_word' id='word_1_216' title='bbox 1001 2959 1279 3036; x_wconf 85' lang='lat' dir='ltr'><strong>ordinaverimus,</strong></span> 
     </span>
     <span class='ocr_line' id='line_1_31' title="bbox 137 3041 1278 3128; baseline -0.007 -22"><span class='ocrx_word' id='word_1_217' title='bbox 137 3045 279 3128; x_wconf 75' lang='lat' dir='ltr'><strong>qualiter</strong></span> <span class='ocrx_word' id='word_1_218' title='bbox 303 3041 529 3126; x_wconf 88' lang='lat' dir='ltr'><strong>unusquisque</strong></span> <span class='ocrx_word' id='word_1_219' title='bbox 552 3043 593 3106; x_wconf 91' lang='lat' dir='ltr'><strong>ad</strong></span> <span class='ocrx_word' id='word_1_220' title='bbox 619 3043 688 3114; x_wconf 79' lang='lat' dir='ltr'><strong>hoe·</strong></span> <span class='ocrx_word' id='word_1_221' title='bbox 704 3054 827 3114; x_wconf 84' lang='lat' dir='ltr'><strong>certare</strong></span> <span class='ocrx_word' id='word_1_222' title='bbox 849 3042 1010 3104; x_wconf 88' lang='lat' dir='ltr'><strong>studuerit</strong></span> <span class='ocrx_word' id='word_1_223' title='bbox 1021 3089 1034 3120; x_wconf 81' lang='lat'><strong>,</strong></span> <span class='ocrx_word' id='word_1_224' title='bbox 1058 3052 1090 3104; x_wconf 90' lang='lat' dir='ltr'><strong>et</strong></span> <span class='ocrx_word' id='word_1_225' title='bbox 1109 3062 1168 3124; x_wconf 84' lang='lat' dir='ltr'><strong>per</strong></span> <span class='ocrx_word' id='word_1_226' title='bbox 1189 3063 1278 3104; x_wconf 90' lang='lat' dir='ltr'><strong>com·</strong></span> 
     </span>
     <span class='ocr_line' id='line_1_32' title="bbox 137 3123 1279 3210; baseline -0.004 -23"><span class='ocrx_word' id='word_1_227' title='bbox 137 3149 236 3200; x_wconf 89' lang='lat' dir='ltr'><strong>mune</strong></span> <span class='ocrx_word' id='word_1_228' title='bbox 264 3125 503 3201; x_wconf 83' lang='lat' dir='ltr'><strong>testimonium,</strong></span> <span class='ocrx_word' id='word_1_229' title='bbox 525 3125 559 3185; x_wconf 94' lang='lat' dir='ltr'><strong>id</strong></span> <span class='ocrx_word' id='word_1_230' title='bbox 579 3135 651 3204; x_wconf 85' lang='lat' dir='ltr'><strong>est,</strong></span> <span class='ocrx_word' id='word_1_231' title='bbox 671 3123 909 3210; x_wconf 83' lang='lat' dir='ltr'><strong>Episcoporum</strong></span> <span class='ocrx_word' id='word_1_232' title='bbox 929 3127 969 3186; x_wconf 90' lang='lat' dir='ltr'><strong>de</strong></span> <span class='ocrx_word' id='word_1_233' title='bbox 989 3124 1193 3202; x_wconf 79' lang='lat' dir='ltr'><strong>Comitilms,</strong></span> <span class='ocrx_word' id='word_1_234' title='bbox 1218 3125 1279 3184; x_wconf 90' lang='lat' dir='ltr'><strong>Co-</strong></span> 
     </span>
     <span class='ocr_line' id='line_1_33' title="bbox 137 3206 1279 3292; baseline -0.004 -22"><span class='ocrx_word' id='word_1_235' title='bbox 137 3210 253 3282; x_wconf 84' lang='lat' dir='ltr'><strong>mitum</strong></span> <span class='ocrx_word' id='word_1_236' title='bbox 268 3207 308 3270; x_wconf 90' lang='lat' dir='ltr'><strong>de</strong></span> <span class='ocrx_word' id='word_1_237' title='bbox 321 3207 508 3289; x_wconf 88' lang='lat' dir='ltr'><strong>Episcopis,</strong></span> <span class='ocrx_word' id='word_1_238' title='bbox 518 3212 520 3216; x_wconf 83' lang='lat'>&#39;</span> <span class='ocrx_word' id='word_1_239' title='bbox 532 3209 710 3292; x_wconf 80' lang='lat' dir='ltr'><strong>comperire</strong></span> <span class='ocrx_word' id='word_1_240' title='bbox 724 3209 865 3292; x_wconf 86' lang='lat' dir='ltr'><strong>qualiter</strong></span> <span class='ocrx_word' id='word_1_241' title='bbox 880 3208 1006 3270; x_wconf 86' lang='lat' dir='ltr'><strong>scilicet</strong></span> <span class='ocrx_word' id='word_1_242' title='bbox 1026 3207 1167 3269; x_wconf 77' lang='lat' dir='ltr'><strong>Comites</strong></span> <span class='ocrx_word' id='word_1_243' title='bbox 1189 3206 1279 3266; x_wconf 85' lang='lat' dir='ltr'><strong>iusti-</strong></span> 
     </span>
     <span class='ocr_line' id='line_1_34' title="bbox 136 3289 1277 3382; baseline -0.005 -28"><span class='ocrx_word' id='word_1_244' title='bbox 136 3294 217 3366; x_wconf 84' lang='lat' dir='ltr'><strong>tiam¹</strong></span> <span class='ocrx_word' id='word_1_245' title='bbox 233 3289 370 3377; x_wconf 78' lang='lat' dir='ltr'><strong>diligant</strong></span> <span class='ocrx_word' id='word_1_246' title='bbox 392 3299 425 3351; x_wconf 90' lang='lat' dir='ltr'><strong>et</strong></span> <span class='ocrx_word' id='word_1_247' title='bbox 445 3289 590 3369; x_wconf 81' lang='lat' dir='ltr'><strong>faciant,</strong></span> <span class='ocrx_word' id='word_1_248' title='bbox 611 3299 644 3352; x_wconf 91' lang='lat' dir='ltr'><strong>et</strong></span> <span class='ocrx_word' id='word_1_249' title='bbox 671 3314 768 3382; x_wconf 87' lang='lat' dir='ltr'><strong>quam</strong></span> <span class='ocrx_word' id='word_1_250' title='bbox 791 3289 1116 3374; x_wconf 72' lang='lat' dir='ltr'><strong>religiose-Episcopi</strong></span> <span class='ocrx_word' id='word_1_251' title='bbox 1138 3310 1277 3358; x_wconf 80' lang='lat' dir='ltr'><strong>conver-</strong></span> 
     </span>
     <span class='ocr_line' id='line_1_35' title="bbox 134 3371 1278 3454; baseline -0.007 -17"><span class='ocrx_word' id='word_1_252' title='bbox 134 3384 248 3437; x_wconf 84' lang='lat' dir='ltr'><strong>sentur</strong></span> <span class='ocrx_word' id='word_1_253' title='bbox 273 3383 307 3442; x_wconf 86' lang='lat' dir='ltr'><strong>et</strong></span> <span class='ocrx_word' id='word_1_254' title='bbox 326 3371 539 3454; x_wconf 81' lang='lat' dir='ltr'><strong>praedicent,</strong></span> <span class='ocrx_word' id='word_1_255' title='bbox 555 3383 586 3434; x_wconf 90' lang='lat' dir='ltr'><strong>et</strong></span> <span class='ocrx_word' id='word_1_256' title='bbox 607 3375 893 3450; x_wconf 77' lang='lat' dir='ltr'><strong>amborumrelatu</strong></span> <span class='ocrx_word' id='word_1_257' title='bbox 913 3374 952 3436; x_wconf 90' lang='lat' dir='ltr'><strong>de</strong></span> <span class='ocrx_word' id='word_1_258' title='bbox 970 3371 1278 3448; x_wconf 78' lang='lat' dir='ltr'><strong>aliorumfidelium</strong></span> 
     </span>
     <span class='ocr_line' id='line_1_36' title="bbox 135 3455 1276 3540; baseline -0.006 -22"><span class='ocrx_word' id='word_1_259' title='bbox 135 3458 169 3518; x_wconf 91' lang='lat' dir='ltr'><strong>in</strong></span> <span class='ocrx_word' id='word_1_260' title='bbox 196 3456 261 3530; x_wconf 79' lang='lat' dir='ltr'><strong>suis</strong></span> <span class='ocrx_word' id='word_1_261' title='bbox 278 3455 464 3528; x_wconf 78' lang='lat' dir='ltr'><strong>ministeriis</strong></span> <span class='ocrx_word' id='word_1_262' title='bbox 481 3455 727 3530; x_wconf 87' lang='lat' dir='ltr'><strong>consistentium</strong></span> <span class='ocrx_word' id='word_1_263' title='bbox 746 3457 906 3540; x_wconf 83' lang='lat' dir='ltr'><strong>aequitate</strong></span> <span class='ocrx_word' id='word_1_264' title='bbox 924 3464 958 3526; x_wconf 78' lang='lat' dir='ltr'><strong>et</strong></span> <span class='ocrx_word' id='word_1_265' title='bbox 978 3477 1056 3538; x_wconf 78' lang='lat' dir='ltr'><strong>pace</strong></span> <span class='ocrx_word' id='word_1_266' title='bbox 1080 3463 1177 3536; x_wconf 91' lang='lat' dir='ltr'><strong>atque</strong></span> <span class='ocrx_word' id='word_1_267' title='bbox 1196 3475 1276 3520; x_wconf 88' lang='lat' dir='ltr'><strong>cou-.</strong></span> 
     </span>
     <span class='ocr_line' id='line_1_37' title="bbox 135 3533 1277 3619; baseline -0.005 -19"><span class='ocrx_word' id='word_1_268' title='bbox 135 3540 246 3604; x_wconf 86' lang='lat' dir='ltr'><strong>cordia</strong></span> <span class='ocrx_word' id='word_1_269' title='bbox 265 3559 471 3619; x_wconf 82' lang='lat' dir='ltr'><strong>cognoscere.</strong></span> <span class='ocrx_word' id='word_1_270' title='bbox 513 3538 672 3600; x_wconf 89' lang='lat' dir='ltr'><strong>Similiter</strong></span> <span class='ocrx_word' id='word_1_271' title='bbox 690 3539 787 3600; x_wconf 89' lang='lat' dir='ltr'><strong>etiam</strong></span> <span class='ocrx_word' id='word_1_272' title='bbox 805 3539 956 3610; x_wconf 82' lang='lat' dir='ltr'><strong>volumus</strong></span> <span class='ocrx_word' id='word_1_273' title='bbox 978 3547 1015 3596; x_wconf 90' lang='lat' dir='ltr'><strong>ut</strong></span> <span class='ocrx_word' id='word_1_274' title='bbox 1032 3559 1142 3598; x_wconf 89' lang='lat' dir='ltr'><strong>omnes</strong></span> <span class='ocrx_word' id='word_1_275' title='bbox 1164 3533 1230 3606; x_wconf 90' lang='lat' dir='ltr'><strong>illis</strong></span> <span class='ocrx_word' id='word_1_276' title='bbox 1244 3545 1277 3594; x_wconf 89' lang='lat' dir='ltr'><strong>et</strong></span> 
     </span>
     <span class='ocr_line' id='line_1_38' title="bbox 136 3618 1275 3700; baseline -0.005 -19"><span class='ocrx_word' id='word_1_277' title='bbox 136 3621 187 3681; x_wconf 92' lang='lat' dir='ltr'><strong>illi</strong></span> <span class='ocrx_word' id='word_1_278' title='bbox 207 3619 355 3682; x_wconf 86' lang='lat' dir='ltr'><strong>omnihus</strong></span> <span class='ocrx_word' id='word_1_279' title='bbox 374 3621 414 3680; x_wconf 90' lang='lat' dir='ltr'><strong>de</strong></span> <span class='ocrx_word' id='word_1_280' title='bbox 434 3623 597 3682; x_wconf 89' lang='lat' dir='ltr'><strong>communi</strong></span> <span class='ocrx_word' id='word_1_281' title='bbox 616 3623 770 3684; x_wconf 89' lang='lat' dir='ltr'><strong>societate</strong></span> <span class='ocrx_word' id='word_1_282' title='bbox 786 3631 818 3681; x_wconf 89' lang='lat' dir='ltr'><strong>et</strong></span> <span class='ocrx_word' id='word_1_283' title='bbox 833 3630 917 3683; x_wconf 91' lang='lat' dir='ltr'><strong>statu</strong></span> <span class='ocrx_word' id='word_1_284' title='bbox 932 3622 949 3680; x_wconf 78' lang='lat' dir='ltr'><strong>a</strong></span> <span class='ocrx_word' id='word_1_285' title='bbox 964 3620 1057 3690; x_wconf 84' lang='lat' dir='ltr'><strong>nobis</strong></span> <span class='ocrx_word' id='word_1_286' title='bbox 1074 3618 1275 3700; x_wconf 85' lang='lat' dir='ltr'><strong>interrogati,</strong></span> 
     </span>
     <span class='ocr_line' id='line_1_39' title="bbox 136 3699 1031 3790; baseline -0.003 -25"><span class='ocrx_word' id='word_1_287' title='bbox 136 3724 250 3766; x_wconf 81' lang='lat' dir='ltr'><strong>verum</strong></span> <span class='ocrx_word' id='word_1_288' title='bbox 265 3699 484 3763; x_wconf 88' lang='lat' dir='ltr'><strong>testimonium</strong></span> <span class='ocrx_word' id='word_1_289' title='bbox 503 3705 564 3766; x_wconf 91' lang='lat' dir='ltr'><strong>sibi</strong></span> <span class='ocrx_word' id='word_1_290' title='bbox 577 3714 690 3765; x_wconf 91' lang='lat' dir='ltr'><strong>mutuo</strong></span> <span class='ocrx_word' id='word_1_291' title='bbox 704 3703 877 3787; x_wconf 88' lang='lat' dir='ltr'><strong>perhibere</strong></span> <span class='ocrx_word' id='word_1_292' title='bbox 897 3703 1031 3790; x_wconf 89' lang='lat' dir='ltr'><strong>possint.</strong></span> 
     </span>
    </p>
   </div>
   <div class='ocr_carea' id='block_1_15' title="bbox 235 3801 1175 3903">
    <p class='ocr_par' dir='ltr' id='par_1_15' title="bbox 235 3801 1175 3903">
     <span class='ocr_line' id='line_1_40' title="bbox 235 3801 1175 3903; baseline 0 -27"><span class='ocrx_word' id='word_1_293' title='bbox 235 3816 283 3876; x_wconf 87' lang='lat' dir='ltr'><strong>Dc</strong></span> <span class='ocrx_word' id='word_1_294' title='bbox 307 3801 404 3878; x_wconf 78' lang='lat' dir='ltr'><strong>eamd</strong></span> <span class='ocrx_word' id='word_1_295' title='bbox 422 3831 494 3879; x_wconf 83' lang='lat' dir='ltr'><strong>orta</strong></span> <span class='ocrx_word' id='word_1_296' title='bbox 512 3817 556 3880; x_wconf 80' lang='lat' dir='ltr'><strong>nd</strong></span> <span class='ocrx_word' id='word_1_297' title='bbox 576 3822 852 3882; x_wconf 75' lang='lat' dir='ltr'><strong>inhonorationem</strong></span> <span class='ocrx_word' id='word_1_298' title='bbox 878 3821 968 3900; x_wconf 77' lang='lat' dir='ltr'><strong>regni</strong></span> <span class='ocrx_word' id='word_1_299' title='bbox 986 3819 1175 3903; x_wconf 82' lang='lat' dir='ltr'><strong>pertinente.</strong></span> 
     </span>
    </p>
   </div>
   <div class='ocr_carea' id='block_1_16' title="bbox 128 3917 1361 4346">
    <p class='ocr_par' dir='ltr' id='par_1_16' title="bbox 128 3917 1361 4346">
     <span class='ocr_line' id='line_1_41' title="bbox 215 3917 1275 4010; baseline -0.001 -25"><span class='ocrx_word' id='word_1_300' title='bbox 215 3917 314 3986; x_wconf 85' lang='lat' dir='ltr'><strong>XIII.</strong></span> <span class='ocrx_word' id='word_1_301' title='bbox 355 3923 398 3983; x_wconf 89' lang='lat' dir='ltr'><strong>Et</strong></span> <span class='ocrx_word' id='word_1_302' title='bbox 414 3923 440 3984; x_wconf 91' lang='lat' dir='ltr'><strong>si</strong></span> <span class='ocrx_word' id='word_1_303' title='bbox 456 3924 529 3985; x_wconf 87' lang='lat' dir='ltr'><strong>talis</strong></span> <span class='ocrx_word' id='word_1_304' title='bbox 546 3947 640 3987; x_wconf 87' lang='lat' dir='ltr'><strong>causa</strong></span> <span class='ocrx_word' id='word_1_305' title='bbox 653 3925 687 3986; x_wconf 91' lang='lat' dir='ltr'><strong>in</strong></span> <span class='ocrx_word' id='word_1_306' title='bbox 702 3928 847 4008; x_wconf 86' lang='lat' dir='ltr'><strong>qualibet</strong></span> <span class='ocrx_word' id='word_1_307' title='bbox 863 3927 1030 4010; x_wconf 89' lang='lat' dir='ltr'><strong>provincia</strong></span> <span class='ocrx_word' id='word_1_308' title='bbox 1044 3937 1099 3986; x_wconf 90' lang='lat' dir='ltr'><strong>aut</strong></span> <span class='ocrx_word' id='word_1_309' title='bbox 1114 3926 1147 3984; x_wconf 93' lang='lat' dir='ltr'><strong>in</strong></span> <span class='ocrx_word' id='word_1_310' title='bbox 1164 3923 1275 4005; x_wconf 85' lang='lat' dir='ltr'><strong>aliquo</strong></span> 
     </span>
     <span class='ocr_line' id='line_1_42' title="bbox 136 4006 1275 4090; baseline -0.002 -23"><span class='ocrx_word' id='word_1_311' title='bbox 136 4006 289 4067; x_wconf 85' lang='lat' dir='ltr'><strong>comitatu</strong></span> <span class='ocrx_word' id='word_1_312' title='bbox 305 4015 376 4068; x_wconf 82' lang='lat' dir='ltr'><strong>orta</strong></span> <span class='ocrx_word' id='word_1_313' title='bbox 394 4007 495 4066; x_wconf 85' lang='lat' dir='ltr'><strong>fuerit</strong></span> <span class='ocrx_word' id='word_1_314' title='bbox 514 4027 597 4089; x_wconf 89' lang='lat' dir='ltr'><strong>quae</strong></span> <span class='ocrx_word' id='word_1_315' title='bbox 614 4019 669 4070; x_wconf 84' lang='lat' dir='ltr'><strong>aut</strong></span> <span class='ocrx_word' id='word_1_316' title='bbox 686 4011 727 4070; x_wconf 81' lang='lat' dir='ltr'><strong>ad</strong></span> <span class='ocrx_word' id='word_1_317' title='bbox 747 4010 1037 4072; x_wconf 84' lang='lat' dir='ltr'><strong>inhonorationem</strong></span> <span class='ocrx_word' id='word_1_318' title='bbox 1054 4009 1148 4090; x_wconf 86' lang='lat' dir='ltr'><strong>regni</strong></span> <span class='ocrx_word' id='word_1_319' title='bbox 1165 4009 1275 4066; x_wconf 83' lang='lat' dir='ltr'><strong>autad</strong></span> 
     </span>
     <span class='ocr_line' id='line_1_43' title="bbox 135 4089 1273 4173; baseline 0 -24"><span class='ocrx_word' id='word_1_320' title='bbox 135 4109 306 4150; x_wconf 86' lang='lat' dir='ltr'><strong>commune</strong></span> <span class='ocrx_word' id='word_1_321' title='bbox 326 4090 481 4156; x_wconf 81' lang='lat' dir='ltr'><strong>damnum</strong></span> <span class='ocrx_word' id='word_1_322' title='bbox 493 4089 670 4172; x_wconf 84' lang='lat' dir='ltr'><strong>pertineat,</strong></span> <span class='ocrx_word' id='word_1_323' title='bbox 692 4113 775 4173; x_wconf 86' lang='lat' dir='ltr'><strong>q-uae</strong></span> <span class='ocrx_word' id='word_1_324' title='bbox 792 4093 888 4154; x_wconf 89' lang='lat' dir='ltr'><strong>etiam</strong></span> <span class='ocrx_word' id='word_1_325' title='bbox 906 4093 975 4154; x_wconf 91' lang='lat' dir='ltr'><strong>sine</strong></span> <span class='ocrx_word' id='word_1_326' title='bbox 995 4101 1099 4152; x_wconf 86' lang='lat' dir='ltr'><strong>nostra</strong></span> <span class='ocrx_word' id='word_1_327' title='bbox 1118 4099 1273 4171; x_wconf 84' lang='lat' dir='ltr'><strong>potestate</strong></span> 
     </span>
     <span class='ocr_line' id='line_1_44' title="bbox 135 4171 1361 4256; baseline 0.002 -26"><span class='ocrx_word' id='word_1_328' title='bbox 135 4171 255 4250; x_wconf 81' lang='lat' dir='ltr'><strong>corrigi</strong></span> <span class='ocrx_word' id='word_1_329' title='bbox 278 4194 342 4232; x_wconf 90' lang='lat' dir='ltr'><strong>non</strong></span> <span class='ocrx_word' id='word_1_330' title='bbox 365 4171 484 4250; x_wconf 90' lang='lat' dir='ltr'><strong>possit,</strong></span> <span class='ocrx_word' id='word_1_331' title='bbox 504 4193 562 4233; x_wconf 94' lang='lat' dir='ltr'><strong>nos</strong></span> <span class='ocrx_word' id='word_1_332' title='bbox 576 4172 633 4233; x_wconf 82' lang='lat' dir='ltr'><strong>dit</strong></span> <span class='ocrx_word' id='word_1_333' title='bbox 654 4175 753 4236; x_wconf 88' lang='lat' dir='ltr'><strong>latere</strong></span> <span class='ocrx_word' id='word_1_334' title='bbox 775 4197 841 4237; x_wconf 93' lang='lat' dir='ltr'><strong>non</strong></span> <span class='ocrx_word' id='word_1_335' title='bbox 860 4175 1071 4256; x_wconf 80' lang='lat' dir='ltr'><strong>permittatis,</strong></span> <span class='ocrx_word' id='word_1_336' title='bbox 1089 4175 1145 4254; x_wconf 86' lang='lat' dir='ltr'><strong>qui</strong></span> <span class='ocrx_word' id='word_1_337' title='bbox 1166 4173 1274 4233; x_wconf 88' lang='lat' dir='ltr'><strong>omnia</strong></span> <span class='ocrx_word' id='word_1_338' title='bbox 1359 4211 1361 4216; x_wconf 68' lang='lat'><strong>,</strong></span> 
     </span>
     <span class='ocr_line' id='line_1_45' title="bbox 128 4253 1274 4346; baseline 0.001 -32"><span class='ocrx_word' id='word_1_339' title='bbox 128 4254 298 4338; x_wconf 73' lang='lat' dir='ltr'><strong>corrigere</strong></span> <span class='ocrx_word' id='word_1_340' title='bbox 325 4253 496 4322; x_wconf 86' lang='lat' dir='ltr'><strong>dehemus:</strong></span> <span class='ocrx_word' id='word_1_341' title='bbox 522 4255 598 4346; x_wconf 84' lang='lat' dir='ltr'><strong>quia</strong></span> <span class='ocrx_word' id='word_1_342' title='bbox 621 4257 782 4346; x_wconf 89' lang='lat' dir='ltr'><strong>quiequid</strong></span> <span class='ocrx_word' id='word_1_343' title='bbox 800 4258 959 4328; x_wconf 73' lang='lat' dir='ltr'><strong>hacteuus</strong></span> <span class='ocrx_word' id='word_1_344' title='bbox 983 4259 1019 4328; x_wconf 70' lang='lat' dir='ltr'><strong>iu</strong></span> <span class='ocrx_word' id='word_1_345' title='bbox 1043 4257 1093 4326; x_wconf 79' lang='lat' dir='ltr'><strong>liis</strong></span> <span class='ocrx_word' id='word_1_346' title='bbox 1125 4277 1208 4341; x_wconf 80' lang='lat' dir='ltr'><strong>qnae</strong></span> <span class='ocrx_word' id='word_1_347' title='bbox 1235 4255 1274 4319; x_wconf 81' lang='lat' dir='ltr'><strong>ad</strong></span> 
     </span>
    </p>
   </div>
   <div class='ocr_carea' id='block_1_17' title="bbox 0 0 1468 4986">
    <p class='ocr_par' dir='ltr' id='par_1_17' title="bbox 0 0 1468 4986">
     <span class='ocr_line' id='line_1_46' title="bbox 0 0 1468 4986; baseline 0 1"><span class='ocrx_word' id='word_1_348' title='bbox 0 0 1468 4986; x_wconf 95' lang='lat' dir='ltr'><strong> </strong></span> 
     </span>
    </p>
   </div>
  </div>
 </body>
</html>
