2928 4986
158 303 232 382 388
422 319 564 378 aena.
671 319 930 378 castrassent
1025 320 1089 383 aas.

156 486 268 550 usque·
284 464 362 526 dum
389 481 448 522 nos
468 459 509 522 ad
530 458 681 543 generale
703 461 858 544 placitam
881 470 1029 524 nocuum
1048 483 1124 525 cum
1151 464 1310 528 fidelibus

158 550 277 612 nostris
292 545 513 610 inuenerimus
529 553 561 606 ct
576 543 840 608 constituerimus
860 546 1003 628 qualiter
1025 544 1060 606 in
1084 547 1234 611 'futurum
1263 549 1308 612 de

156 633 208 696 bis
225 631 297 692 fieri
318 630 444 693 debeat.

242 713 300 775 Vl.
342 711 502 776 Volumus
523 719 560 770 ut
577 709 682 770 omnis
699 709 882 791 inquisitio,
904 733 988 795 quae
1008 711 1049 774 de
1068 712 1228 775 rebusad
1253 712 1308 775 itas

157 799 225 862 tisci
243 796 344 860 nostri
364 793 606 876 pertinentibus
622 792 773 856 facienda
799 803 860 866 est,
879 814 944 854 uon
965 815 1025 878 per
1039 804 1135 858 testes
1150 797 1208 878 qui
1231 817 1308 879 pro-

160 881 249 946 ducti
275 878 411 958 fuerint,
436 875 494 936 sed
516 897 576 958 per
600 875 674 938 illos
696 875 754 958 qui
779 875 812 934 in
842 896 881 936 eo
905 877 1069 938 Comitatu
1096 879 1247 940 meliores
1272 887 1309 942 et

156 963 341 1028 veraciores
361 981 430 1022 esse
447 969 699 1040 cognoscuntur,
715 979 776 1040 per
793 957 925 1018 itlorum
946 961 1167 1022 testimonium
1196 960 1308 1042 inqui·

157 1047 233 1110 sitio
253 1047 319 1122 fiat,
344 1052 376 1104 et
395 1043 484 1102 iuxta
498 1041 588 1125 quod
613 1041 662 1103 itti
687 1040 847 1102 testificati
869 1043 1005 1121 fuerint,
1028 1043 1083 1107 vel
1107 1045 1307 1106 continean-
1374 1081 1377 1090 ·

158 1140 223 1207 tur,
243 1128 296 1190 vel
315 1124 503 1188 reddantur.

238 1210 317 1272 Vlia
361 1206 607 1276 Itemvolnmus
625 1215 662 1268 nt
676 1207 716 1267 de
731 1205 828 1268 rebus
855 1227 934 1288 quas
960 1207 1139 1269 Matfredus
1163 1227 1225 1290 per
1250 1206 1305 1268 di-

154 1317 247 1360 versa
269 1293 339 1356 loca
358 1299 389 1352 et
402 1311 462 1373 per
477 1289 776 1351 diversoshomines
801 1291 989 1373 adquisivit,
1014 1291 1076 1374 ipsi
1094 1291 1153 1374 qui
1173 1289 1307 1351 easdem

154 1401 207 1442 res
228 1377 258 1439 ei
281 1375 442 1437 dederunt
463 1371 707 1455 interrogentur
730 1372 757 1434 si
786 1373 904 1455 aliquis
928 1395 1042 1435 eorum
1071 1395 1123 1435 eas
1152 1381 1304 1456 repetere

157 1461 247 1524 velit.
288 1459 332 1520 Et
343 1455 534 1540 quicunque
548 1455 612 1518 hoc
628 1477 661 1518 se
684 1455 771 1518 velie
794 1457 1059 1542 pronuntiaverit
1076 1459 1110 1540 p)
1139 1455 1180 1518 ad
1201 1473 1305 1538 genc-

155 1545 224 1605 rale
241 1539 397 1624 placitum
421 1547 568 1600 nostrum
593 1539 705 1601 venire
727 1537 889 1620 iubeatur,
911 1548 947 1601 ιιι
969 1539 1047 1604 inde
1072 1543 1159 1616 (cum
1186 1536 1305 1600 eodem

155 1623 316 1688 Matfredo
334 1621 493 1684 rationem
509 1620 630 1683 habore
645 1623 754 1707 possit.
776 1629 812 1704 q)

462 1759 599 1824 Αιιι
643 1763 912 1826 Carrrntt
954 1769 994 1838 r).

488 1871 538 1932 De
561 1871 768 1957 inscriptione
789 1885 975 1957 temporum.

239 1977 267 2042 I.
308 1978 400 2042 Licet
423 1977 647 2061 iampridemd
667 1979 760 2042 uobis
780 1980 880 2042 fuerit
907 1965 1092 2040 oidinatnm
1118 1987 1156 2040 ut
1178 1977 1205 2040 si
1228 1976 1302 2059 quis

157 2064 192 2126 in
214 2061 338 2148 populo
357 2067 469 2124 nostro
483 2055 635 2124 barbarae
649 2063 789 2124 nationis
807 2084 942 2144 persona
957 2063 1061 2124 autin
1077 2083 1113 2123 re
1141 2084 1199 2123 sua
1219 2080 1302 2122 con-

155 2147 283 2211 sisteret
299 2153 353 2206 ant
370 2144 471 2206 atium
495 2143 674 2222 invitasset,
693 2156 750 2206 aut
768 2146 795 2206 si
815 2157 934 2207 terram
959 2145 1000 2206 ad
1019 2143 1226 2207 habitandum
1245 2164 1299 2202 vo⁴

156 2227 319 2290 luntarius
335 2229 530 2312 deputasset,
548 2249 683 2310 eamque
703 2251 762 2312 per
777 2250 879 2292 annos
897 2229 1089 2312 quindecim
1106 2227 1172 2290 sine
1190 2224 1294 2287 tertiis

155 2311 334 2388 habuisset,
350 2313 385 2370 in
409 2310 576 2374 voluntate
597 2311 697 2394 ipsius
717 2323 933 2393 permaneret,
953 2334 1062 2394 neque
1077 2309 1192 2373 exinde
1206 2307 1298 2390 quic-

182 2415 256 2454 uam
281 2393 343 2456 sibi
360 2392 418 2455 ill'e
442 2393 501 2475 qui
520 2393 653 2456 dederat
672 2395 769 2456 sciret
794 2391 1105 2474 esseffcddeudum,
1130 2401 1236 2452 tamen
1261 2397 1300 2449 ut

156 2415 211 2540 bs
235 2498 276 2538 ue
292 2477 363 2539 ulla
384 2476 622 2559 permutatione
647 2477 897 2562 omnitempore
919 2477 1115 2560 generaliter
1127 2481 1302 2534 memorata

158 2581 221 2623 con
247 2559 305 2620 itio
324 2559 443 2622 debeat
462 2554 633 2640 custodiri,
653 2560 817 2644 praesenti
834 2561 958 2644 placuit
976 2561 1047 2643 tege
1066 2557 1230 2620 constitui.

430 2659 512 2728 Item
541 2661 582 2728 de
611 2667 819 2752 inscriptione
847 2675 1031 2754 tenapornm.

241 2773 288 2837 ll.
331 2773 365 2834 si
390 2772 464 2856 quis
480 2793 558 2834 vero
573 2783 692 2835 terram
705 2775 744 2835 ab
763 2773 867 2836 altero
891 2775 954 2836 sibi
965 2772 1114 2834 traditam
1135 2770 1302 2834 violenter

157 2858 289 2935 dixerit,
306 2866 339 2916 et
356 2855 535 2918 convicerit
552 2857 651 2918 fuisse
663 2855 820 2918 sublatam
834 2857 925 2940 prius
936 2877 1035 2940 quam
1049 2855 1182 2937 triginta
1198 2875 1302 2914 anno⁴

156 2964 230 3006 rum
243 2937 403 3002 terminus
429 2939 641 3022 compleatur,
656 2949 689 3002 et
701 2959 771 3000 rem
788 2941 970 3002 constiterit
983 2947 1180 3022 occupatam,
1199 2945 1232 2996 et
1249 2957 1302 2997 re·

157 3024 290 3122 quirere
307 3021 437 3104 poterit,
462 3030 496 3082 et
524 3021 704 3104 repetentis
733 3023 879 3105 partibus
905 3023 1092 3083 resonuisse.
1133 3021 1302 3096 Ceterum,

157 3131 185 3170 sa
208 3103 350 3188 impletis
370 3103 504 3186 triginta
529 3103 624 3188 annis
649 3114 747 3181 terra,
768 3106 786 3166 d
815 3123 1015 3187 quoeunque
1036 3103 1133 3166 etiam
1164 3123 1302 3184 pervasa

155 3188 256 3252 fuisse
271 3186 409 3263 dicatur,
430 3206 495 3247 non
518 3186 619 3248 fuerit
638 3187 795 3264 restituta,
813 3187 899 3250 nibil
917 3187 978 3249 sibi
1004 3186 1210 3248 reddendum
1231 3205 1301 3246 esse

158 3278 340 3354 cognoscat.
375 3272 590 3354 'Quapropter
618 3290 728 3331 omues
760 3270 914 3348 Comites,
944 3269 1070 3354 quoties
1097 3270 1137 3331 de
1164 3267 1299 3350 privatis

157 3352 260 3417 causis
278 3351 446 3414 contentio
460 3353 559 3414 suerit
573 3362 735 3434 generata,
751 3354 931 3416 secundum
948 3353 1097 3415 ordinem
1112 3352 1194 3433 legis
1208 3349 1298 3412 istius

156 3433 302 3498 iudicare
322 3433 492 3496 curabunt.
531 3435 575 3499 Et
597 3435 674 3518 quia
695 3435 803 3498 omnia
825 3436 866 3499 ad
878 3437 1023 3520 quietem
1037 3434 1185 3497 omnium
1197 3432 1300 3516 perti·

192 3646 226 3713 p)
243 3639 279 3696 al.
297 3656 345 3691 ms.
363 3637 476 3691 dixerit.
821 3640 958 3714 superiora
976 3637 1108 3691 Ludnvici
1127 3636 1167 3688 Pii
1182 3634 1297 3707 Capitu-

194 3715 236 3784 q)
253 3709 288 3762 al.
306 3727 354 3761 ms.
373 3726 434 3762 cum
448 3706 575 3781 fidelium
594 3721 703 3764 nostro·
821 3713 963 3780 la.ttegino
976 3726 1039 3762 vero
1058 3706 1298 3762 AbbasPrunsien-

194 3799 196 3803 ’
229 3797 290 3833 mm
307 3778 486 3834 decernamus
504 3781 628 3850 qualiter
646 3782 703 3835 ina*
819 3783 854 3834 sis
873 3799 905 3834 ea
922 3783 1004 3834 refert
1030 3797 1064 3831 ex
1092 3776 1296 3848 Capitnlaribus

228 3863 283 3903 tum
301 3861 348 3902 est.
820 3852 944 3906 eiusdem
975 3849 1116 3904 Lndovici.
1169 3847 1211 3898 Ob
1236 3864 1297 3898 cam

195 3925 224 3987 r)
244 3918 394 3990 Sequentia
410 3919 462 3972 tria
473 3917 611 3990 capitula,
650 3935 703 3974 uas
822 3939 930 3976 causam
949 3938 998 3973 nos
1020 3920 1068 3971 ilta
1093 3917 1154 3970 heic
1172 3919 1297 3969 ammissa

228 3998 336 4112 sumpta
347 3939 703 4057 suntexlibrotegumbur-
795 4055 798 4063 Ι
821 3991 970 4054 noluimus,
989 3987 1136 4044 tumetiarn
1150 3986 1299 4056 quinutu!-

230 4076 285 4126 guu
307 4059 407 4110 icarum
417 4069 445 4112 et
455 4077 489 4110 ex
500 4059 602 4112 Codice
612 4059 702 4113 Theo·
821 4071 850 4116 ta
867 4061 926 4114 illic
944 4055 1049 4115 diversa
1067 4063 1133 4112 aaut
1148 4048 1296 4123 denigratis

228 4129 350 4192 dosiano,
370 4129 455 4183 deseri
477 4138 505 4181 ta
527 4131 702 4202 reperiuntur
821 4131 987 4187 editionibus
1030 4127 1138 4185 illarum
1182 4129 1296 4194 tagum.

152 4230 156 4236 -
224 4199 255 4249 in
266 4197 413 4250 Codieibua
423 4147 546 4251 Psintino
564 4209 592 4252 ct
608 4199 702 4254 Sancti
823 4203 963 4258 natusne.
1197 4216 1200 4222 '

225 4266 367 4324 Yincsntii
385 4269 515 4326 Metensis
532 4270 623 4326 statim
640 4281 702 4346 post
