2920 4972
235 295 285 374 84
497 309 533 367 e.
552 308 641 370 cua.
749 305 1006 366 currrunssus
1108 305 1171 370 aas.

230 503 235 528 ¹
315 483 486 562 obnoxios,
505 483 670 567 refugiens
684 481 735 544 sni
755 481 908 566 Episcopi
930 480 1080 566 regulare
1108 481 1280 544 iudicium.
1323 482 1375 544 Ab

229 593 233 607 ⁴
320 569 481 635 universis
501 566 671 651 Episcopis
691 566 894 668 dictumest:
915 565 1076 628 Omnibus
1094 563 1211 650 placet.

513 675 564 738 Dc
597 675 788 738 subiectione
811 673 1083 753 presbyterorum.

596 783 843 847 Sacanno
866 803 1023 846 risus.

228 927 232 936 ·
314 892 463 956 xxxvl.
505 892 587 952 Item
605 888 639 950 in
660 888 775 952 eodem
797 888 945 986 Concilio
965 889 1051 952 infra
1070 891 1136 988 duo
1159 891 1313 976 capitula,
1334 903 1373 956 ut

230 977 343 1041 nnllus
362 975 535 1058 Presbyter
551 981 663 1036 contra
678 993 773 1034 suum
789 972 986 1056 Episcopum
1000 975 1169 1057 superbire
1187 976 1314 1038 audeat.

228 1087 352 1148 'Cone
375 1081 485 1143 Carth.
504 1101 573 1141 can.
594 1101 640 1142 ιο.
669 1099 715 1139 ιι.
756 1077 893 1162 Alypius
914 1081 1106 1164 Episcopus,
1137 1084 1274 1165 Legatos
1294 1105 1371 1166 pro-

313 1163 442 1229 vinciae
455 1163 626 1224 Numidiae
642 1161 742 1223 dixit:
762 1163 829 1222 Nec
846 1161 930 1223 illud
955 1164 1278 1246 praetermittendum
1307 1176 1369 1244 est,

229 1252 233 1260 '
311 1257 348 1310 ut
363 1248 389 1309 si
406 1247 479 1329 quis
499 1246 582 1308 forte
598 1245 772 1328 Presbyter
786 1245 826 1305 ab
840 1244 1002 1342 Episcopo
1021 1269 1080 1308 suo
1101 1259 1281 1332 correptus,
1310 1258 1371 1308 tu·

311 1351 401 1392 more
421 1330 475 1392 vel
493 1349 531 1391 su
556 1326 988 1412 erbilinllatus,putaver1t
1014 1330 1185 1412 separatim
1209 1331 1370 1393 sacrificia

311 1415 383 1474 Deo
400 1351 573 1489 offerendi,
590 1411 641 1474 vel
666 1411 756 1472 aliud
773 1411 966 1494 erigendum
984 1413 1083 1473 altare
1101 1425 1214 1476 contra
1234 1413 1370 1475 ecelesi-
1446 1481 1447 1492 ,

310 1495 441 1557 usticam
458 1495 554 1556 fidem
583 1493 635 1556 vel
659 1493 863 1578 disciplinam
889 1493 1076 1574 crediderit,
1106 1518 1172 1558 non
1195 1506 1288 1558 exeat
1309 1497 1369 1556 im-

294 1579 452 1662 punitus.
494 1575 689 1639 Valentinus
705 1579 825 1658 primae
853 1576 938 1640 sedis
965 1577 1154 1658 provinciae
1181 1579 1367 1656 Numidiae,
1446 1621 1447 1626 κ

231 1661 234 1671 ’
310 1661 409 1724 dixit:
425 1659 610 1722 Necessario
626 1659 817 1742 disciplinae
830 1659 1066 1721 ecclesiasticae
1082 1671 1115 1722 et
1129 1661 1205 1723 fidei
1222 1683 1369 1744 congrua

308 1753 384 1806 sunt
402 1765 485 1825 quae
511 1742 611 1803 frater
624 1751 733 1803 noster
749 1742 884 1826 Alypius
911 1753 1101 1826 prosecutus
1123 1753 1179 1806 est.
1221 1743 1368 1805 Proinde
1446 1741 1447 1778 ²

309 1827 390 1908 quid
406 1827 555 1902 videatur
585 1834 711 1886 vestrae
741 1824 920 1904 dilectioni,
947 1825 1075 1888 edicite.
1116 1825 1166 1888 Ab
1201 1826 1367 1888 universis

230 1923 236 1954 ι’
308 1909 478 1992 Episcopis
498 1907 699 1968 dictumest:
723 1908 756 1968 si
780 1909 852 1990 quis
871 1907 1043 1992 Presbyter
1065 1909 1280 1993 dpraeposito
1305 1931 1367 1970 suo

308 2001 475 2089 correptus
490 1990 706 2066 fuerit,dehet
726 1991 839 2073 utique
857 1991 944 2072 apud
961 1991 1084 2053 vicinos
1095 1993 1270 2076 Episcopus
1288 2013 1368 2054 con-

311 2097 418 2158 queri,
442 2084 479 2134 ut
496 2071 535 2132 ab
557 2073 633 2156 ipsis
652 2073 721 2134 eius
746 2096 840 2135 eausa
856 2071 957 2155 possit
979 2074 1097 2152 audiri,
1121 2097 1158 2136 uc
1190 2097 1251 2158 per
1277 2075 1366 2158 ipsos

230 2187 237 2200 ·
308 2179 369 2220 suo
381 2157 543 2242 Episcopo
562 2155 777 2218 reconciliari.
819 2155 916 2233 Quod
935 2156 997 2218 nisi
1022 2156 1146 2236 fecerit,
1169 2158 1227 2220 sed
1247 2179 1366 2254 super-

231 2273 234 2284 ·
306 2239 372 2318 hit,
387 2239 477 2324 quod
497 2238 588 2316 absit,
614 2237 756 2316 inflatus,
772 2237 1009 2300 secernendum
1032 2262 1065 2302 se
1088 2240 1127 2300 ah
1143 2239 1260 2323 Episco
1284 2239 1364 2300 ssui
1447 2281 1448 2286 κ

231 2355 235 2366 ·
309 2322 537 2384 communione
553 2319 693 2398 duxerit,
709 2343 745 2381 ac
761 2320 932 2404 separatim
954 2343 1029 2382 cum
1047 2321 1209 2404 aliquibus
1225 2263 1364 2384 sclisma
1447 2335 1448 2408 J

306 2405 441 2484 faciens,
461 2402 655 2466 sacrificium
669 2406 739 2464 Deo
753 2403 919 2480 obtulerit,
947 2405 1114 2465 anathema
1139 2403 1306 2482 habeatur,
1329 2414 1365 2465 et

307 2487 417 2548 locum
434 2487 575 2556 amittut;
597 2507 634 2546 ac
651 2485 678 2546 si
695 2485 933 2581 querimoniam
947 2486 1062 2548 iustam
1086 2487 1239 2549 adversds
1264 2488 1364 2572 Epis·

309 2591 427 2652 copum
443 2583 512 2630 non
533 2567 694 2644 habuerit,
710 2567 945 2650 inquirendum
959 2570 1031 2630 erit.

245 2651 326 2714 Can.
352 2662 451 2736 apost
473 2653 524 2712 52.
566 2651 600 2712 si
626 2649 698 2732 quis
725 2651 908 2734 Presbyter,
933 2663 1144 2715 contemnens
1164 2653 1365 2737 Episcopum

307 2757 412 2812 suum,
427 2755 571 2797 seorsum
585 2732 766 2816 collegerit,
791 2743 824 2794 et
851 2733 950 2794 altare
977 2735 1068 2798 aliud
1092 2737 1244 2813 erexerit,
1276 2735 1364 2796 nihil

229 2839 238 2852 ·
308 2817 516 2898 habensque
537 2815 755 2897 reprehendat
777 2815 975 2900 Episcopum
1000 2817 1034 2877 iu
1065 2839 1160 2879 causa
1179 2818 1310 2902 pietatis
1329 2828 1365 2880 et
1448 2831 1449 2848 ¹

308 2900 460 2976 iustitiae,
485 2899 680 2980 deponatur,
698 2899 790 2978 quasi
819 2898 1019 2982 principatus
1047 2911 1168 2962 amatos·
1200 2901 1362 2972 existens;

310 2981 362 3045 est
384 2983 471 3044 enim
500 2990 665 3064 tyrannus.
706 2983 749 3041 Et
774 2981 892 3044 caeteri
922 2981 1053 3062 Clerici,
1084 2984 1273 3067 quicunque
1303 2983 1363 3044 tuli

230 3103 236 3116 ·
310 3065 530 3141 consentiunt,
553 3064 767 3146 deponantur.
809 3064 897 3126 Laici
915 3066 992 3126 veris
1012 3076 1232 3148 segregentur.
1274 3067 1363 3127 Haec

311 3158 418 3208 autem
433 3157 505 3230 post
527 3167 625 3206 unam
646 3155 679 3207 et
692 3147 866 3208 secundam
880 3156 913 3208 et
934 3148 1063 3210 tertiam
1091 3149 1244 3234 Episcopi
1266 3149 1363 3212 obsc-

313 3229 501 3308 urationem,
522 3228 593 3290 lieri
611 3229 796 3292 conveniat.

518 3338 567 3397 De
586 3336 717 3398 Clericis
733 3336 936 3398 ecclesiastici
950 3337 1083 3400 ordinis.

673 3443 916 3505 ousssus
1064 3439 1068 3450 ’

310 3553 479 3633 xxxva„
516 3553 598 3614 uem
616 3549 792 3628 raconem,
808 3559 845 3610 ut
861 3548 981 3610 curus
997 3523 1206 3626 ecclesiastis
1222 3551 1359 3630 orans,

228 3639 253 3698 sl
278 3635 648 3732 culpam-incurrerint,
673 3634 760 3716 apud
790 3631 1022 3694 ecclesiasticos
1059 3635 1255 3714 iudicentur,
1291 3657 1359 3696 non

161 3739 165 3748 ’
197 3775 200 3779 .
228 3719 315 3802 apud
337 3719 510 3781 seculares.¹

246 3828 346 3888 Cone.
363 3824 472 3887 Carth.
488 3847 557 3886 can.
578 3823 624 3888 15.
659 3823 747 3884 »Item
762 3823 885 3905 placuit
905 3833 940 3883 ut
956 3824 1102 3907 quisquis
1111 3824 1357 3908 Episcoporum,

267 3927 270 3936 ’
298 3909 580 3992 ,Ριεεὶιγίθτοτιιω,
596 3904 825 3983 Diaconorum,
840 3927 897 3966 seu
918 3907 1131 3986 Clericorum,
1155 3907 1230 3968 ciam
1246 3906 1280 3966 in
1293 3908 1358 3966 Ec-

264 4035 283 4058 „
304 3990 401 4054 clesiu
420 3991 450 4051 ei
469 3990 570 4051 fuerit
585 3987 706 4050 crimen
724 3987 918 4066 institutum,
934 3991 987 4052 vel
1009 3991 1116 4052 civilis
1143 4012 1237 4051 causa
1257 3989 1359 4054 fuerit
1448 4023 1449 4026 ι

227 4109 237 4144 ς
302 4083 471 4150 commota,
497 4071 523 4133 si
544 4072 659 4133 relicto
678 4070 893 4134 ecclesiastico
916 4071 1037 4136 iudicio
1063 4073 1204 4156 publicis
1227 4071 1358 4134 iudiciis

227 4210 235 4218 .
301 4156 431 4240 purgari
452 4155 606 4230 voluerit,
624 4153 748 4214 etiamsi
768 4165 827 4298 pro
845 4153 915 4236 ipso
932 4157 1166 4252 fueritprolata
1184 4154 1355 4230 sententia,

304 4241 412 4302 locum
432 4260 525 4300 suum
542 4237 674 4300 amittat.
711 4238 754 4324 Et
794 4255 831 4298 oc
846 4235 880 4298 in
897 4239 1059 4306 criminals
1077 4239 1214 4302 actione.
1258 4237 1357 4298 lnci-
