2958 4986
295 247 456 372 uean„
560 295 954 356 aeouuruancoruu
1062 299 1123 356 eos.
1211 275 1282 354 tte

221 441 279 502 *De
296 442 416 525 hirqui
438 438 482 502 od
500 459 606 502 eatam
632 441 696 503 Dei
716 460 766 501 res
791 462 863 500 suas
883 439 1010 500 tradere
1026 439 1197 502 voliteriat.

230 547 287 611 VI.
330 547 395 624 Qui
412 568 462 608 res
487 569 558 609 suas
579 550 653 630 pro'
668 547 774 606 anima
796 569 854 608 sua
872 546 912 608 ad
940 567 1044 608 oasam
1066 546 1129 606 Dei
1153 547 1284 610 ⁴tradere

142 629 302 708 voluerit,
322 630 408 692 domi
424 627 631 692 traditionem
649 630 745 690 faciat
767 651 875 692 coram
894 629 1028 692 testibus
1049 629 1210 712 legitimis.
1243 632 1287 691 Et

134 735 232 798 'quae
262 711 419 774 haetenus
449 714 481 772 in
515 713 607 773 hoste
631 713 733 774 factae
774 723 849 774 sunt
876 713 1077 789 traditiones,
1103 713 1142 773 de
1167 712 1286 796 quibus

146 798 242 859 nulla
267 807 314 857 est
333 796 490 878 quaestio,
514 795 643 857 stabiles
662 806 881 878 permaneant.
924 797 958 856 Si
986 817 1064 857 vero
1088 795 1205 878 aliquis
1230 797 1287 856 alii

145 903 201 942 res
221 901 292 941 suas
308 877 488 956 tradiderit,
509 887 541 940 et
567 878 601 937 in
621 877 746 939 hostem
763 880 928 962 profectus
956 878 1066 955 fuerit,
1099 887 1131 938 et
1152 879 1209 940 ille
1233 879 1287 940 cui

146 983 201 1026 res
223 963 355 1022 traditae
369 971 456 1022 sunt*
469 961 601 1023 interim
617 971 763 1024 mortuus
776 962 887 1042 fucrit,
905 961 962 1042 qui
983 983 1034 1024 res
1054 960 1197 1040 tradidit,
1213 983 1288 1022 oum

147 1067 302 1108 reversus·
322 1044 433 1122 fuerit,
454 1043 606 1106 adhibitis
619 1045 753 1106 testibus
778 1067 886 1106 coram
913 1044 1030 1127 quihus
1054 1043 1185 1106 traditio
1204 1044 1290 1104 facta

149 1138 211 1206 est,
228 1150 279 1188 res
299 1151 370 1190 snas
388 1127 534 1210 recipiat.
577 1127 611 1190 si
630 1137 739 1189 autem
755 1137 787 1190 et
808 1128 874 1210 ipse
892 1137 1038 1190 mortuus
1061 1127 1172 1206 fuerit,
1195 1125 1290 1188 here·

148 1211 209 1272 des
222 1211 291 1272 eius
314 1210 451 1293 legitimi
470 1231 521 1273 res
536 1211 667 1274 traditas
688 1210 857 1296 recipiant.

55 1423 65 1432 ι
142 1387 148 1396 .
231 1341 282 1402 De
300 1342 426 1402 bomine
444 1344 500 1425 qai
514 1362 576 1428 pet·
593 1343 733 1404 chartam
750 1342 927 1404 libertatem
948 1355 1131 1404 consecutus
1151 1355 1207 1405 est.

233 1449 307 1513 VII.
341 1447 375 1508 Si
391 1447 463 1530 quis
483 1468 543 1531 per
560 1447 702 1509 chartam
719 1447 931 1530 ingenuitatis
953 1447 1118 1509 idomino
1139 1469 1198 1510 suo
1216 1449 1295 1532 legi·

147 1530 228 1592 time
250 1529 431 1592 libertatem
450 1540 498 1592 est
512 1541 705 1593 consecutus
728 1532 813 1592 liber
832 1539 1027 1614 permaneat.
1071 1532 1105 1592 si
1127 1553 1207 1594 vero
1230 1533 1294 1594 ali-

148 1613 225 1696 quis
241 1612 446 1674 euminiuste
469 1613 628 1678 inservire
649 1613 833 1691 tentaverit,
853 1623 885 1674 et
906 1613 962 1674 ille
983 1613 1126 1674 chartam
1141 1614 1306 1698 ingenui-A

148 1696 224 1758 tatis
238 1718 313 1758 suae
339 1696 528 1774 ostenderit,
546 1707 578 1758 et
606 1697 825 1759 adversarium
850 1696 980 1772 (iniuste
1001 1701 1041 1774 m)
1071 1718 1105 1758 se
1134 1698 1294 1760 inservire

149 1780 245 1842 velle
265 1780 535 1862 comprobaverit,
558 1780 615 1862 ille
638 1780 696 1862 qui
720 1779 793 1854 hoc=
811 1779 959 1857 tentavit,
987 1779 1121 1839 multam
1147 1801 1231 1862 quae
1259 1781 1294 1840 iu

144 1861 264 1924 charta
282 1862 443 1946 descripta
461 1872 518 1940 est,
536 1864 664 1926 solvere
685 1874 827 1946 cogatur.
870 1863 904 1924 si
924 1883 1000 1924 vero
1023 1861 1134 1923 charta
1153 1884 1219 1923 non
1240 1857 1296 1947 pa·
1366 1917 1370 1930 ,

143 1944 268 2022 -ruerit,
283 1945 341 2006 sed
362 1945 425 2006 iam
449 1945 561 2009 abillo
580 1946 638 2028 qui
653 1967 728 2007 eum
743 1943 903 2008 inservire
925 1945 1068 2027 voluerit
1085 1945 1220 2008 disfacta
1236 1955 1295 2025 est,

148 2027 373 2110 widrigildum
392 2027 461 2090 eius
481 2036 669 2112 componat,
684 2030 760 2090 duas
792 2038 898 2111 partes
927 2028 977 2088 illi
1006 2050 1106 2110 quem
1135 2028 1295 2091 inservire

150 2109 305 2188 voluerit,
325 2110 454 2172 tertiam
473 2111 573 2196 Regii
597 2121 628 2174 et
650 2112 712 2174 ille
734 2113 853 2173 iterum
873 2133 933 2197 per
962 2120 1173 2196 praeceptum
1199 2111 1296 2196 Regis

151 2191 339 2256 libertatem
355 2217 445 2256 suam
459 2195 642 2278 conquirat.
713 2227 719 2238 ι
741 2220 744 2228 ’
816 2223 819 2230 ·

323 2327 373 2386 De
397 2327 497 2388 libero
520 2326 646 2389 homine
659 2329 715 2408 qui
729 2348 761 2388 se
777 2327 847 2390 loco
861 2325 966 2388 wadii
985 2327 1132 2388 tradidit.

218 2433 309 2513 Vm.
337 2433 435 2496 Liber
451 2433 510 2516 qui
527 2455 560 2496 se
581 2433 654 2494 loco
669 2434 765 2496 wadii
787 2432 821 2494 in
838 2434 974 2496 alterius
991 2443 1180 2518 potestatem
1204 2455 1293 2496 com-

153 2513 291 2593 miserit,
310 2516 420 2598 ibique
444 2517 636 2578 constitutus
663 2517 816 2578 damnum
843 2517 977 2599 aliquod
1004 2517 1140 2577 cuilibet
1167 2517 1296 2595 fecerit,

155 2600 215 2680 qui
235 2621 310 2660 eum
328 2601 361 2660 in
380 2601 497 2680 locum}
505 2599 601 2662 wadii
623 2600 774 2682 suscepit,
794 2609 849 2660 aut
870 2600 1023 2660 damnum
1040 2600 1144 2660 solvat
1168 2609 1224 2660 aut
1242 2600 1300 2660 ho-

147 2683 278 2746 miuem
300 2683 334 2744 iu
356 2684 454 2744 mallo
470 2682 666 2766 productum
690 2683 840 2760 dimittat,
867 2683 1007 2766 perdens
1032 2683 1127 2744 simul
1153 2683 1299 2744 debiturn

153 2775 291 2849 propter
311 2766 400 2848 quod
418 2766 543 2832 eumin
563 2765 667 2826 wadio
691 2766 840 2848 suscepit.
883 2768 924 2826 Et
950 2767 1007 2848 qui
1030 2766 1183 2828 damnum
1207 2765 1298 2842 fecit,

156 2848 307 2912 dimissus
340 2849 429 2910 iuxta
446 2845 635 2930 qualitatem
653 2849 702 2910 rei
715 2859 749 2924 n)
767 2858 900 2930 cogatur
925 2849 1109 2910 emendare.
1151 2849 1185 2908 si
1215 2869 1296 2910 vero

157 2931 295 2992 liberam
316 2933 472 2992 feminam
494 2931 657 3008 habuerit,
684 2954 785 3014 usque
808 2931 885 2992 dum
903 2933 936 2991 in
951 2933 1069 3015 pignus
1087 2930 1244 3009 extiterit,
1267 2939 1299 2991 et
1346 2999 1348 3004 Α

156 3013 243 3090 filios
263 3013 446 3092 habuerint,
469 3013 564 3076 liberi
580 3023 800 3096 permaneant.

322 3123 371 3182 De
387 3119 502 3182 debitis
526 3110 696 3199 regulibm,
716 3121 854 3204 qualiter
879 3119 965 3181 solui
985 3119 1128 3182 debeant.

240 3225 301 3290 IX.
343 3227 463 3299 Omnia
480 3226 589 3288 debita
603 3247 686 3308 quae
700 3227 740 3286 ad
761 3235 884 3308 partem
898 3226 993 3308 Regis
1011 3227 1137 3289 solvere
1158 3227 1297 3305 debent,

156 3308 271 3374 solidis
288 3309 460 3378 duodecim
482 3308 690 3371 denariorum
714 3309 850 3386 solvant,
880 3319 1015 3389 excepto
1039 3309 1131 3370 freda
1157 3331 1240 3394 quae
1265 3311 1299 3368 in

156 3393 345 3476 legeSalica
358 3391 539 3476 conscripta
562 3401 647 3452 sunt.
670 3392 731 3452 Illa
751 3393 871 3454 eisdem
884 3393 995 3453 solidis
1015 3391 1134 3474 quibus
1155 3402 1300 3456 caeterae

157 3476 408 3560 compositiones
425 3475 508 3538 solvi
525 3475 656 3554 debent,
675 3484 920 3558 componantur.

294 3607 343 3666 De
358 3627 394 3668 eo
414 3607 470 3688 qui
486 3627 612 3668 causam
630 3607 803 3668 iudicatum
819 3621 960 3691 repetere
979 3609 1163 3693 praesumit.

241 3713 282 3773 'X.
315 3712 359 3774 'Si
382 3713 455 3796 quis
471 3735 598 3776 causam
619 3711 794 3774 iudicatam
817 3723 967 3796 repetere
993 3713 1243 3797 praesumpserit
1266 3714 1300 3776 iu

157 3794 269 3871 mallo,
287 3793 397 3878 ibique
422 3795 555 3856 testibus
577 3795 747 3857 convietus
769 3796 880 3874 fuerit,
900 3805 955 3856 aut
970 3791 1158 3880 quindecim
1181 3798 1302 3859 solidos

158 3887 342 3962 componat,
358 3888 414 3938 aut
433 3877 623 3961 quindecim
639 3879 722 3942 ictus
740 3879 779 3940 ab
797 3878 964 3941 Scahineis
982 3880 1039 3963 qui
1061 3901 1191 3948 causam¹
1207 3879 1303 3966 prius

152 3955 404 4040 iudicaverunt,
431 3960 577 4045 accipiat.

194 4240 235 4326 m)
251 4266 381 4322 Decetia
398 4266 432 4320 al.
450 4283 510 4320 rati.
786 4269 821 4343 Q)
838 4265 873 4320 ι1.
891 4281 951 4320 mss.
972 4266 1053 4337 regi.-
