2958 4986
257 381 401 442 acan.
507 380 644 441 aeeon
664 379 905 439 rasucoauu
1011 384 1073 440 aco.
1180 363 1251 439 145

106 529 143 590 in
162 526 241 591 villa
261 525 328 605 illa,
345 545 472 586 mansos
497 523 631 586 vestitos
644 523 779 587 serviles
796 520 857 601 IV,
885 523 998 586 absum
1023 525 1050 588 I.
1082 523 1121 588 de
1149 527 1253 589 vineis

103 612 250 698 picturas
275 609 315 669 II.
357 607 530 672 Vualtheri
548 606 646 668 babet
666 607 700 668 in
726 607 925 670 beneficium
947 609 982 668 in
1006 609 1076 693 ipso
1106 631 1188 694 pago
1217 612 1250 671 in

104 695 189 760 villa
208 693 276 769 illa,
289 713 365 752 cum
383 711 455 754 casa
475 688 670 752 dominicata
691 711 820 752 mansos
840 691 973 754 vestitos
981 693 1122 756 serviles
1142 693 1254 755 VI.de

106 775 217 841 vineis
234 776 377 858 picturas
394 773 453 836 VI.
471 773 511 834 de
538 782 629 857 prata
651 774 691 837 ad
707 774 854 836 carradas
870 773 933 845 VI;
957 785 990 836 et
1013 777 1101 838 inter
1128 779 1255 838 Loren-

108 859 291 924 nenvillare
322 867 357 920 et
383 860 430 920 He
455 854 601 918 fanheim
629 866 662 918 et
686 856 950 922 Vuinolfesbeim
971 881 1097 920 mansos
1122 859 1255 921 vestitos

432 879 484 1002 II.
526 941 568 1000 Et
584 939 681 1002 babet
695 941 762 1024 ipse
785 941 1009 1039 Vualtheriin
1023 965 1104 1038 pago
1124 942 1256 1026 Spiren-

108 944 247 1008 serviles
266 940 308 1002 II.
328 939 419 1002 absos

108 1050 146 1092 se
169 1027 203 1087 in
221 1025 301 1087 villa
321 1025 464 1086 Tatastat
477 1021 649 1084 ecclesiam
664 1023 691 1087 I.
711 1044 785 1086 cnm
810 1044 881 1084 casa
909 1025 1105 1086 dominicata
1128 1045 1255 1084 mansos

108 1110 246 1174 vestitos
259 1106 443 1190 ingenuiles
455 1104 515 1167 IV.
529 1107 665 1168 serviles
689 1106 821 1169 vestitos
840 1105 882 1169 X.
900 1107 1013 1170 elisum
1036 1107 1063 1170 l.
1085 1107 1124 1170 de
1150 1105 1256 1170 rineis

108 1194 255 1343 picturas
284 1189 326 1251 V.
357 1189 397 1252 de
430 1199 521 1272 prata
545 1190 586 1250 ad
609 1190 756 1254 carradas
790 1186 876 1264 XX;
911 1201 944 1254 et
962 1191 1007 1254 sic
1025 1191 1186 1255 ceterade
1206 1199 1256 1250 ta-

125 1277 201 1338 ibus
217 1274 314 1337 rebus
334 1271 484 1336 breviare
508 1271 615 1334 debes.

124 1417 126 1424 '
149 1441 243 1496 neu
268 1439 553 1496 anaaevnuoun
574 1437 622 1492 aa
641 1439 807 1492 recusus
826 1439 874 1492 ne
896 1407 1114 1493 nlursra'mo
1136 1439 1220 1494 nco

430 1510 583 1563 nuans
608 1511 679 1564 vau
712 1510 942 1594 carasseon.

198 1605 387 1670 Invenimus
410 1603 444 1664 in
462 1602 605 1686 Asnapio
633 1603 710 1666 fisco
740 1603 906 1666 dominico
931 1607 1030 1666 salam
1051 1607 1194 1691 regalem
1217 1625 1258 1668 ex

112 1689 225 1775 lapide
247 1691 365 1750 factam
384 1687 516 1772 optime,
546 1708 689 1750 cameras
709 1686 772 1750 III.
793 1688 919 1750 solariis
933 1699 1047 1750 totam.
1060 1710 1165 1752 casam
1193 1690 1259 1751 cir·

112 1774 310 1850 cumdatam,
334 1794 408 1834 cum
430 1769 657 1854 pisilibus'Xt.
682 1770 768 1832 infra
796 1766 967 1832 cellarium
994 1773 1020 1834 Ι.
1044 1774 1189 1857 porticus
1214 1769 1259 1835 ΙΙ.

113 1859 196 1932 alias
215 1878 302 1927 casas
324 1855 411 1916 infra
427 1864 553 1916 curtem
570 1875 611 1916 en
637 1853 728 1937 ligno
751 1855 850 1916 factas
875 1853 987 1918 XVII.
1021 1873 1096 1916 cu'm
1124 1855 1261 1918 totidem

114 1940 265 2019 cameris,
283 1948 316 2000 et
332 1936 448 2000 ceteris
464 1936 668 2081 appendiciis
683 1937 767 1999 bene
787 1939 974 2021 conpositis,
989 1941 1149 2001 stabolum
1163 1941 1190 2002 I.
1209 1960 1261 2000 co·

114 2025 254 2108 quinam
271 2021 295 2084 I.
311 2020 485 2106 pistrinum
525 2065 534 2098 ‚
553 2020 690 2104 spicaria
711 2020 756 2082 Il.
772 2043 882 2084 scuras
901 2022 963 2084 ΙΙΙ.
980 2033 1116 2100 curtem,
1133 2021 1261 2083 tunimo

115 2119 254 2172 strenue
278 2105 449 2181 munitam,
468 2125 543 2164 cum
562 2113 656 2186 porta
672 2104 813 2186 lapidea,
833 2113 866 2166 et
887 2107 1027 2189 desuper
1044 2105 1199 2168 solarium
1220 2103 1262 2165 ad

116 2189 383 2272 dispensandum,
401 2186 603 2248 curticulam
619 2187 770 2250 similiter
784 2186 911 2250 tunimo
928 2189 1156 2251 interclausam
1176 2187 1263 2251 ordi·

116 2269 275 2336 nabiliter
299 2269 495 2354 dispositam,
525 2269 711 2354 diversique
741 2271 870 2354 generis
894 2272 1070 2358 plantatam
1099 2272 1260 2334 arborum.

116 2356 339 2420 Vestimentas
360 2355 484 2418 lectum
499 2353 680 2436 parandum
701 2353 727 2416 I.
748 2355 885 2438 drappas
899 2355 940 2417 ad
959 2355 1085 2418 discum
1099 2355 1262 2439 inperan-

117 2441 213 2510 dum;
235 2439 378 2506 toaclam
409 2437 436 2498 Ι.
479 2435 655 2508 Utensilia:
685 2459 801 2500 concas
823 2459 931 2500 aereas
952 2438 998 2503 ΙΙ.
1024 2437 1195 2522 poculares
1216 2436 1260 2500 ll.

118 2522 266 2592 calderas
281 2543 389 2583 aereas
410 2519 455 2582 II.
477 2521 584 2582 ferrea
598 2518 624 2582 Ι.
646 2521 840 2604 sartaginem
854 2522 878 2582 l.
896 2523 1086 2604 gramalium
1106 2521 1132 2584 I.
1157 2521 1261 2583 ande-

119 2607 195 2668 dam
213 2605 362 2666 Isaram
379 2603 406 2666 l.
427 2625 557 2666 secures
573 2601 618 2666 II.
635 2603 827 2666 dolatoriam
841 2603 885 2665 II.
903 2606 1051 2668 terebros
1071 2604 1115 2668 ΙΙ.
1142 2606 1261 2667 asciam

117 2689 148 2752 I.
172 2688 334 2770 scalprum
353 2687 380 2750 Ι.
399 2686 573 2748 runcinam
594 2685 620 2748 l.
638 2687 767 2769 planam
784 2687 810 2748 I.
839 2687 939 2750 falces
960 2687 1005 2751 II.
1026 2689 1194 2751 falciculas
1215 2687 1260 2749 ll.

116 2772 209 2856 palas
227 2773 452 2852 ferroparatas
468 2769 513 2833 II.
555 2770 715 2831 Utensilia
735 2765 845 2853 lignea
864 2771 905 2832 ad
920 2771 1170 2836 ministrandum
1190 2773 1261 2832 suf-

117 2855 278 2916 ficienter.
319 2857 368 2915 De
399 2854 626 2917 conlaboratu:
648 2852 751 2937 spelta
779 2862 872 2914 vetus
899 2855 938 2916 dc
954 2877 1041 2916 anno
1071 2854 1260 2936 praeterito,

118 2937 235 3002 corbes
254 2937 322 2998 XC.
344 2959 427 3018 quae
442 2946 576 3020 possunt
595 2936 667 2997 fieri
692 2935 732 2996 de
760 2936 865 2996 farina
884 2959 1000 3020 pensas
1027 2939 1175 3000 CCCCL.
1204 2959 1260 2998 or·

119 3023 219 3087 deum
233 3019 358 3081 modios
373 3022 408 3081 C.
424 3019 586 3103 praesenti
600 3039 686 3080 anno
702 3019 837 3079 fuerunt
858 3021 979 3100 speltae
996 3021 1109 3082 corbes
1123 3020 1189 3082 CX.
1206 3041 1259 3080 se-

119 3105 248 3164 minum
266 3125 306 3164 ex
326 3103 404 3186 ipsas
418 3103 530 3166 corbes
546 3101 620 3173 LX;
643 3102 770 3183 reliqua
788 3104 987 3183 reperimus:
1009 3101 1165 3165 frumenti
1187 3124 1259 3162 mo·
1323 3143 1325 3151 ·
1429 3125 1431 3132 ·

119 3185 192 3249 dios
228 3188 264 3246 C.
296 3185 458 3251 seminum
477 3187 545 3262 LX,
580 3184 709 3266 reliqua
737 3185 936 3266 reperimus:
970 3188 1108 3270 siliginis
1133 3185 1258 3247 modios

94 3333 95 3340 χ
119 3269 269 3332 XCVIII.
287 3269 447 3330 seminum
465 3269 617 3339 totidem
641 3268 740 3328 ordeo
756 3268 880 3330 modios
898 3270 987 3330 mille
1007 3271 1135 3340 DCCC;
1160 3268 1259 3330 semi-

119 3373 202 3413 num
228 3351 252 3412 I.
270 3353 306 3414 C.
321 3351 448 3434 reliqua
462 3351 643 3436 reperimus
659 3371 761 3412 avena
786 3351 911 3413 modios
943 3352 1155 3414 CCCCXXX.
1185 3352 1258 3412 saba

118 3435 267 3496 modium
290 3433 317 3494 l.
341 3434 428 3518 pisos
447 3434 571 3498 modios
595 3435 667 3494 XII.
697 3433 737 3494 de
761 3433 891 3496 molinis
917 3435 956 3494 V.
979 3435 1105 3496 modios
1132 3436 1257 3496 DCCC.

119 3519 161 3579 ad
184 3516 342 3578 minorem
357 3539 549 3596 mensuram,
571 3516 724 3577 dedimus·
732 3517 971 3598 praebendariis
991 3518 1115 3578 modios
1135 3517 1258 3577 CCXL.
1304 3575 1309 3584 .

117 3599 249 3682 reliqua
271 3599 462 3682 reperimus.
503 3604 552 3662 De
572 3599 781 3660 rambonibus
808 3601 866 3662 IV.
883 3600 1007 3665 modios
1020 3602 1113 3660 DCL.
1135 3599 1176 3659 ad
1194 3594 1258 3657 mi-

120 3705 237 3745 norem
249 3704 432 3748 mensuram
448 3684 492 3748 ¹de
513 3681 664 3767 pontll.
683 3682 748 3742 sale
764 3683 886 3743 modios
899 3683 965 3744 LX.
995 3693 1027 3743 et
1057 3681 1178 3743 solidos
1211 3679 1256 3742 ll.

119 3769 163 3833 de
180 3766 258 3830 ortis
277 3765 336 3828 IV.
354 3767 413 3828 sol.
425 3769 481 3828 XI.
501 3767 566 3828 mel
583 3765 667 3826 mod.
686 3764 748 3826 III.
771 3765 810 3825 de
831 3787 943 3843 censu,
959 3766 1112 3848 butyrum
1132 3761 1217 3824 mod.
1229 3760 1257 3824 I.

33 3911 36 3940 r
118 3849 249 3911 lardum
270 3849 310 3910 de
330 3848 505 3932 praeterito
527 3853 626 3926 anno‚'
641 3848 799 3908 baccones
816 3850 862 3926 X,¹
883 3870 983 3912 novos
1009 3849 1168 3909 baccones
1191 3847 1257 3906 CC.

34 3959 36 3996 ε
119 3954 196 3994 cum
214 3931 352 3994 minutia
368 3941 400 3992 et
415 3932 543 4005 unctis;
564 3931 749 3993 formaticos
770 3930 810 3991 de
839 3953 924 3993 anno
953 3931 1115 4014 praesenti
1141 3947 1258 4011 pensas

119 4011 242 4078 XLIII.
264 4015 304 4076 de
317 4015 448 4098 peculio
466 4016 609 4076 iumenta
625 4013 745 4074 maiora
761 4013 866 4096 capita
880 4015 931 4075 LI.
948 4017 988 4076 de
1005 4035 1090 4074 anno
1110 4012 1206 4074 tertio
1216 4009 1257 4073 V.

36 4093 38 4128 l
119 4099 161 4193 de
174 4098 348 4182 praeterito
368 4097 443 4160 Vll.
468 4099 507 4160 dc
528 4096 691 4180 praesenti
713 4095 790 4156 VII.
805 4097 956 4179 poledros
978 4099 1080 4158 bimos
1102 4096 1141 4157 X.
1158 4114 1259 4155 anno·

37 4239 40 4256 Ι
119 4191 206 4243 unos
226 4180 321 4250 VIII.
343 4180 522 4242 emissarios
536 4182 595 4241 III.
610 4179 711 4241 boves
732 4181 820 4239 XVI.
847 4179 952 4242 asinos
968 4183 1009 4241 ΙΙ.
1038 4201 1151 4242 vaccas
1182 4196 1259 4239 cam
1347 4179 1349 4182 ’

119 4264 233 4326 vitulis
248 4265 285 4324 L.
305 4264 462 4326 iuvencos
487 4264 556 4324 XX.
584 4261 706 4323 vitulos
733 4262 905 4323 annotinos
934 4265 1119 4328 XXXVIII.
1150 4271 1257 4322 tauros

101 4347 184 4410 ΙΙΙ.
206 4367 321 4431 porcos
343 4345 479 4408 maiores
496 4347 617 4408 CCLX.
644 4345 805 4429 porcellos
837 4348 872 4407 C.
901 4367 1012 4410 verres
1037 4349 1074 4408 V.
1113 4346 1258 4410 vervices

964 4461 1011 4532 10
