2952 4988
260 361 295 417 a
315 360 403 418 cua.
510 361 648 420 nsouu
668 359 908 422 saauconun
1004 359 1069 422 uo.
1173 341 1249 417 293.

108 509 147 562 nt
172 521 242 563 eam
262 503 374 564 solerti
395 503 472 564 cunt
490 503 649 586 praedicti
668 505 756 567 Missi
776 505 879 568 nostri
906 501 1152 586 omnes,'prout
1167 501 1254 567 insi-¹

109 585 279 664 nuaveris,
305 587 519 648 transcribere
538 587 659 668 absque
675 588 743 647 ulla
767 588 997 674 depravatione
1016 593 1060 646 et·
1072 586 1249 649 detrunca-

107 667 198 727 tione
219 678 468 750 praemoneant;
492 669 646 750 quoniam
660 671 812 752 qualiter
833 670 1008 753 diligenter
1022 668 1248 751 studioseque,

109 749 262 811 distincte
287 761 320 812 et
343 751 453 838 aperte
470 753 718 828 transcribatur,
733 753 808 813 illos
822 752 896 814 satis
912 749 1123 812 instituimus.
1145 751 1249 812 Cuius

110 853 228 914 nempe
262 835 427 916 exemplar
461 834 583 895 idcirco
610 835 645 894 in
675 835 812 896 armario
837 834 949 917 palatii
976 833 1078 894 nostri
1112 833 1252 894 recondi

108 913 264 991 fecimus,
287 925 323 975 ut
339 938 398 998 per
411 917 473 976 hoc
497 937 591 978 nosse
612 926 644 978 et
668 917 837 999 inquirere
860 937 1024 998 possemus
1039 917 1191 975 utnlmne
1209 915 1252 974 ali

109 995 228 1079 aliquo
246 999 451 1081 negligenter
472 1000 679 1080 transscripta
702 999 820 1070 fuerit;
843 999 939 1081 quia,
962 1008 999 1058 ut
1016 998 1249 1078 comperimus,

110 1079 188 1142 dum
211 1079 244 1138 in
270 1081 385 1142 eodem
405 1103 495 1142 sacro
514 1081 663 1142 Concilio
685 1083 930 1165 perlegeretur,
953 1081 1127 1161 antequem
1143 1101 1251 1140 coram

109 1162 202 1224 nobis
222 1163 261 1222 ab
278 1164 393 1224 eodem
407 1163 558 1224 Concilio
574 1165 718 1248 prolata,
741 1173 775 1224 et
797 1163 938 1227 necdum
959 1184 1109 1223 mensura
1133 1161 1197 1223 cibi
1218 1172 1252 1223 et

108 1247 204 1328 potes
220 1243 324 1327 plane
346 1256 463 1307 statuta
487 1247 620 1324 fuisset,
642 1246 747 1306 invidi
769 1267 883 1328 magna
904 1268 944 1306 ex
968 1253 1058 1326 parte
1082 1243 1170 1304 illam
1192 1245 1250 1304 de-

108 1338 317 1404 truncantes,
339 1329 499 1410 quaedam
525 1330 666 1412 capitula
694 1328 879 1390 inconsulte
913 1349 952 1388 ex
976 1349 1012 1387 ea
1037 1327 1251 1408 transcripse-

107 1420 196 1471 runt.
239 1410 332 1471 Unde
356 1432 486 1474 necesse
514 1416 617 1472 estut
645 1411 672 1474 si
704 1412 846 1494 aliquem
876 1409 908 1469 in
937 1419 991 1470 tua
1021 1407 1162 1470 dioecesi
1186 1409 1250 1468 tale

107 1491 224 1554 fecisse
253 1493 431 1573 repereris,
460 1493 685 1555 huiuscemodi
717 1495 840 1554 sactum
869 1513 976 1553 coram
998 1490 1251 1574 provincialium

107 1585 240 1636 tuorum
265 1571 498 1659 Episcoporum
519 1587 707 1652 conventu,
737 1586 769 1638 et
792 1597 900 1636 coram
919 1573 1124 1658 praescriptis
1145 1573 1252 1634 Missis

108 1656 248 1734 nostris,
270 1657 455 1735 frustreris,
478 1668 510 1720 et
525 1659 609 1720 hanc
626 1658 866 1736 authenticam,
889 1666 926 1716 ut
941 1657 1180 1741 praemisimus,
1204 1655 1253 1716 di-

108 1740 268 1822 ligenter,
288 1739 373 1800 sicut
399 1740 487 1801 Missi
513 1741 613 1802 nostri
633 1741 679 1802 eis
700 1740 961 1817 insinuaverint,
982 1738 1152 1799 transcribi
1174 1759 1251 1820 per-

108 1843 251 1885 censeas.
295 1821 454 1908 Volumus
473 1845 550 1904 ergo
570 1833 606 1884 ut
623 1845 734 1884 omnes
749 1822 890 1884 Praelati
912 1822 1151 1884 Canonicorum
1172 1821 1250 1882 dili·

108 1914 225 1988 genter
258 1903 348 1964 illam
373 1905 610 1984 transcribant,
648 1905 790 1967 studiose
816 1905 1022 1987 intelligant,
1059 1903 1250 1980 efficaciter,

106 1987 266 2070 quantiam
281 1987 441 2048 Dominus
462 1989 508 2049 eis
521 2010 614 2070 posse
638 1988 784 2064 dederit,
814 1987 855 2048 ob
876 2010 964 2049 suam
981 1986 1251 2068 subditorumque

109 2069 285 2130 utilitatem
299 2091 396 2152 opere
414 2070 591 2154 adimplere
612 2079 807 2152 procurent;
832 2079 868 2130 ut
881 2070 1012 2150 quando
1028 2091 1103 2143 nos,
1122 2070 1205 2132 sicut
1215 2067 1250 2127 in

111 2173 226 2214 eorum
251 2174 341 2213 sacro
361 2162 392 2229 et
414 2154 595 2214 venerabili
616 2152 757 2214 concilio
780 2151 976 2235 generaliter
995 2153 1143 2213 omnibus
1163 2150 1251 2213 dixi-

109 2257 203 2312 mus,
226 2235 339 2296 Missos
364 2243 489 2297 nostros
510 2235 607 2297 huius
627 2235 750 2314 negotii
776 2234 964 2317 inquirendi
980 2234 1081 2313 gratie
1101 2255 1162 2317 per
1179 2232 1251 2292 uni-

110 2339 243 2381 versum
264 2317 443 2400 Imperium
469 2328 640 2395 nostrum,
674 2318 833 2379 Kalendis
858 2316 1055 2400 Septembris
1083 2315 1251 2391 venturis,
1276 2381 1279 2385 ,

111 2397 345 2477 direxerimus,
369 2421 498 2472 omnes,
521 2399 662 2463 Praelati
685 2399 840 2461 videlicet
865 2408 896 2460 et
918 2391 1061 2476 Subditi,
1084 2399 1173 2459 iuxta
1194 2420 1250 2459 ca-

109 2481 283 2566 pacitatem
307 2491 339 2545 et
364 2483 610 2564 possibilitatem
636 2505 745 2560 suam,
768 2483 881 2543 eedem
902 2481 1117 2544 instructione
1145 2482 1250 2542 infor·

109 2565 188 2625 mati
210 2575 306 2645 atque
325 2564 494 2643 instructi,
518 2566 662 2628 eiusdem
683 2573 866 2646 operatores
888 2564 1100 2626 inveniantur
1114 2563 1250 2626 strenui.

110 2647 275 2725 Quoniam
291 2647 440 2729 diligenti
454 2648 626 2730 indagine,
649 2648 714 2710 vitai
728 2647 864 2724 comite,
882 2647 1048 2728 inquirere
1066 2647 1250 2708 iubebimus

110 2729 252 2811 qualiter
271 2731 493 2824 unusquisque
514 2732 737 2792 Praelatorum
757 2729 972 2790 ministerium
994 2752 1089 2791 suum
1109 2731 1253 2813 expleat,

21 2836 25 2843 ·
111 2811 253 2894 qualiter
270 2812 405 2872 iussioni
426 2823 552 2874 nostrae
574 2814 608 2873 in
630 2813 779 2875 claustris
799 2822 831 2874 et
850 2814 984 2874 caeteris
1009 2814 1250 2874 Canonicotum

111 2894 299 2956 necessariis
319 2892 592 2974 habitationibus,
615 2906 648 2958 et
672 2897 705 2956 in
730 2917 843 2956 eorum
868 2895 1038 2977 stipendiis
1063 2895 1194 2973 dandis,
1217 2903 1250 2954 et

109 2975 324 3059 receptaculis
351 2999 531 3060 pauperum
566 2979 795 3062 praeparandis
833 2977 1155 3061 obtemperaverint,
1194 2976 1249 3038 vel

25 3104 29 3110 s
111 3059 184 3140 quis
204 3060 329 3120 clerum
356 3082 451 3122 suum
477 3062 656 3123 secundem
682 3061 781 3122 liuius
800 3061 1017 3122 Institutionis
1048 3081 1193 3120 normam
1217 3068 1250 3118 et

110 3150 237 3214 caetera
270 3141 428 3224 spiritalia
459 3145 612 3206 exercitia
635 3144 810 3204 informare
837 3143 1016 3221 studuerit,
1047 3152 1103 3202 aut
1127 3142 1154 3204 si
1176 3143 1249 3222 quis

110 3244 208 3305 quem
225 3245 337 3285 eorum
353 3247 434 3306 quos
451 3227 484 3286 in
504 3227 566 3288 Dei
587 3226 721 3288 servitio
739 3227 976 3286 rationabiliter
996 3225 1175 3308 gubernare
1194 3245 1250 3306 po-
1283 3265 1285 3268 -

110 3305 190 3384 tuit,
212 3309 306 3368 causd
325 3309 476 3370 avaritiae
491 3309 645 3371 abiecerit
660 3335 667 3367 ε
687 3307 763 3389 quia
778 3319 814 3369 ut
827 3309 908 3370 haec
921 3329 1003 3389 quae
1015 3307 1249 3390 praemisimus,

112 3387 233 3469 absque
253 3389 352 3452 ullius
368 3392 565 3454 difficultatis
582 3390 805 3474 oppositione,
827 3391 861 3450 in
882 3392 961 3452 locis
980 3393 1013 3452 in
1032 3390 1151 3472 quibus
1164 3390 1250 3449 lacta

110 3473 251 3532 necdum
266 3483 380 3551 erant,
402 3474 473 3536 fieri
490 3472 757 3557 opportunissime
775 3483 929 3556 possent,
954 3472 1052 3533 unius
1075 3472 1152 3531 anni
1176 3493 1256 3553 spa--

110 3552 216 3630 tium,
239 3553 323 3616 sicut
346 3557 450 3636 nosti,
482 3559 522 3618 ad
545 3558 626 3618 haec
649 3555 834 3640 peragenda
859 3548 1040 3617 tribuimus.
1082 3555 1149 3632 Qui
1171 3574 1250 3614 vero

110 3633 174 3695 boc
196 3657 306 3696 annuo
337 3647 482 3721 tempore
504 3649 650 3716 nostrae,
685 3637 848 3719 immoque
884 3639 944 3698 Dei
973 3636 1128 3714 iussioni,
1161 3637 1252 3695 iuxta

110 3716 197 3777 vires
212 3717 433 3802 obtemperare
447 3721 645 3804 neglexerit,
669 3721 822 3796 coeteris,
839 3740 879 3780 ne
893 3720 969 3780 talia
979 3721 1085 3780 facere
1097 3719 1249 3793 audeant,

110 3808 269 3862 terrorem
290 3804 405 3882 procul
422 3803 520 3864 dubio
543 3804 689 3865 incutiet.
732 3802 878 3864 Misimus
905 3803 1013 3884 itaque
1039 3801 1097 3861 tibi
1115 3800 1250 3861 institu-

111 3881 209 3950 tionis
226 3883 362 3944 formam
382 3907 479 3966 quam
500 3886 585 3946 idem
604 3907 730 3947 sacrum
747 3895 778 3946 et
798 3885 985 3946 venerabile
1004 3884 1191 3946 Concilium
1209 3903 1250 3942 ex

111 3975 296 4025 sanctorum
315 3967 447 4028 Patrum
469 3967 637 4030 sententiis
664 3969 841 4049 diligenter
873 3967 1050 4049 excerpsit,
1072 3976 1104 4027 et
1122 3964 1251 4026 Sancti·

110 4047 306 4109 monialibus
323 4049 356 4109 in
380 4072 447 4110 uno
469 4051 608 4134 collegio
629 4051 784 4111 canonice
804 4049 997 4132 degentibus
1017 4047 1251 4110 observandam

109 4131 321 4212 percensuit:
341 4153 438 4214 quom
458 4133 527 4194 sive
547 4154 605 4214 per
625 4143 674 4204 te,
696 4134 764 4194 sive
788 4154 846 4214 per
867 4131 1155 4214 comprovinciales
1179 4139 1251 4190 tuos

111 4212 306 4295 Episco'pos,
331 4215 365 4274 in
381 4215 535 4276 ¹omnibus
561 4225 635 4275 tuae
657 4215 840 4276 dioeceseos
865 4214 1066 4296 puellaribus
1088 4221 1258 4277 monaste„

111 4294 189 4374 riis,
212 4295 246 4356 in
265 4297 383 4382 quibus
400 4297 556 4362 canonice
573 4297 715 4378 vivitur,
735 4297 875 4361 studiose
892 4299 1123 4384 praescriptam
1139 4293 1251 4371 baberi
