2928 4986
101 325 112 338 ·
208 300 281 374 316
441 320 477 378 a,
497 319 585 388 cun.
694 321 952 380 carnotenus
1054 321 1118 382 eit.

207 465 256 526 De
270 463 456 524 uestimento
472 463 640 524 Monacltis
653 485 708 525 uec
725 467 801 525 satis
818 465 959 548 pretioso
981 485 1037 525 uec
1053 466 1129 524 satis
1147 464 1208 524 viti
1226 461 1362 525 dando.

289 565 366 632 XX.
408 571 450 629 Ut
470 568 517 630 eis
537 569 729 632 vestimenta
757 573 971 634 necmultum
996 570 1094 650 vilia,
1125 592 1187 632 neo
1208 571 1363 631 multum
1458 593 1459 598 ¹

205 653 357 740 pretiosa,
387 651 443 714 sed
461 651 637 715 mediocria
654 653 784 716 dentur.

577 761 626 820 De
651 762 792 822 cucullae
821 783 975 822 mensura.

290 841 385 910 XXI.
429 845 471 904 Ut
493 864 643 905 mensura
660 845 810 906 cucullae
831 849 861 923 a)
884 845 1009 906 duobus
1031 842 1184 906 consistat
1198 842 1335 906 cubitis.

207 955 263 1018 De
278 961 435 1038 potestate
453 949 604 1028 Abbatis,
627 953 656 1008 si
669 964 764 1012 extra
777 972 955 1012 mensuram
971 949 1059 1033 infru
1071 953 1211 1036 positam
1224 951 1361 1036 aliquid

585 1032 769 1094 addendum
789 1033 978 1094 decreverit.

292 1113 407 1181 XXII.
449 1117 493 1176 Ut
519 1115 545 1176 si
565 1115 649 1176 iufrd
670 1117 793 1212 positae
809 1137 980 1178 mensurae
999 1115 1214 1200 quantitatem
1232 1117 1357 1180 decre-

207 1197 293 1266 verit
312 1200 418 1261 Ahhas
438 1199 532 1262 causat
556 1199 754 1262 necessitatis
773 1199 941 1284 quippiam
960 1201 1091 1282 angeri,
1119 1201 1154 1260 in
1173 1199 1265 1261 illius
1287 1222 1358 1260 ma-

95 1327 97 1336 .
207 1291 284 1346 neat
300 1291 467 1368 potestate.
510 1281 665 1364 Alioquin
688 1281 752 1344 hoc
773 1281 907 1344 omnino
929 1283 1117 1366 provideat,
1147 1293 1183 1344 ut
1201 1283 1356 1345 camisias

208 1365 297 1442 duas,
321 1374 354 1427 et
372 1365 498 1426 tunicas
513 1363 602 1443 duas,
629 1375 663 1426 et
679 1365 824 1428 cucullas
847 1365 937 1445 duas,
964 1377 997 1428 et
1018 1389 1132 1449 cappas
1151 1367 1230 1429 duas
1245 1388 1355 1426 unus-

209 1448 347 1531 quisque
368 1445 602 1509 Monachorum
620 1447 753 1520 habeam
782 1448 902 1532 quihus
921 1472 999 1514 vero
1022 1471 1154 1512 necesse
1173 1459 1222 1512 est
1248 1449 1354 1510 adda-

208 1541 264 1592 tur
291 1539 323 1592 et
348 1529 463 1608 tertia,
500 1540 533 1592 et
558 1531 694 1614 pedules
716 1542 857 1614 quatuor
879 1533 993 1614 paria,
1026 1541 1058 1594 et
1085 1531 1255 1594 femoralia
1282 1531 1353 1592 duo

207 1613 316 1698 paria,
354 1633 488 1676 roccum
510 1635 629 1692 unum,
662 1614 811 1697 pellicias
841 1636 944 1698 usque
973 1615 1014 1676 ad
1042 1616 1124 1677 talos
1152 1617 1249 1692 duas,
1282 1615 1352 1674 fas·

209 1697 309 1758 ciolas
335 1695 430 1768 duas;
457 1697 576 1780 quibus
602 1707 709 1758 autern
732 1719 863 1760 necesse
892 1707 940 1760 est
965 1697 1092 1760 itineris
1122 1699 1235 1776 causa,
1270 1696 1351 1756 alias

157 1833 159 1839 ,
209 1780 288 1842 duas
318 1780 473 1858 manicas,
501 1801 580 1862 quas
606 1781 703 1862 vulgo
729 1795 855 1844 wantos
886 1781 1112 1863 appellamus,
1144 1783 1178 1841 in
1208 1787 1351 1855 aestate,

209 1861 361 1946 muffulas
398 1862 431 1923 iu
459 1864 575 1946 hyeme
605 1865 821 1942 vervecinas,
862 1863 1071 1926 calciamenta
1110 1863 1229 1925 diurna
1258 1861 1351 1945 paria

209 1946 292 2025 duo,
321 1945 498 2009 subtalares
521 1970 581 2030 per
604 1956 733 2010 noctem
754 1947 788 2008 in
814 1957 932 2009 aestate
957 1946 1055 2026 duas,
1080 1948 1113 2008 in
1131 1948 1247 2032 hyeme
1269 1966 1351 2006 vero

208 2050 337 2108 soccos,
370 2034 522 2112 saponem
550 2040 583 2092 et
606 2041 776 2092 uncturam
805 2029 1024 2108 sufficienter,
1050 2031 1287 2114 pinguedinem
1308 2026 1352 2087 ad

210 2133 311 2189 esum,
342 2123 478 2196 excepto
499 2115 586 2176 sextat
605 2114 687 2177 laria
710 2124 743 2176 et
768 2113 883 2196 viginti
906 2113 1019 2174 diebus
1047 2109 1123 2176 ante
1147 2111 1351 2174 nativitatem

209 2195 360 2272 Domini,
392 2205 424 2258 et
443 2196 621 2278 septimana
648 2197 705 2258 ills
734 2217 816 2279 quae
846 2206 920 2258 aute
943 2196 1221 2281 quadragesimam
1252 2215 1351 2255 voca-

210 2288 265 2340 tur
293 2280 557 2363 quinquagesima.
611 2279 673 2341 Ubi
699 2289 807 2340 autem
834 2281 949 2344 vinum
969 2301 1035 2340 non
1063 2291 1110 2342 est
1133 2279 1220 2340 unde
1242 2278 1352 2338 emina

211 2361 316 2440 detur,
335 2360 499 2444 duplicem
514 2363 640 2425 eminae
655 2385 839 2426 mensuram
855 2364 894 2424 de
911 2362 1048 2424 cervisia
1060 2363 1156 2424 hona.
1197 2362 1241 2422 Et
1253 2381 1354 2442 quae-

211 2466 342 2526 cunque
366 2454 495 2526 praeter
525 2445 605 2509 haec
630 2448 744 2530 regula
771 2448 880 2522 iuh'et,
910 2446 1051 2536 singuli,
1079 2468 1154 2508 eum
1177 2444 1354 2524 necessitas

210 2527 436 2612 postulaverit,
462 2529 580 2612 absque
605 2530 763 2591 dilatione
790 2529 959 2612 accipiant.

435 2636 484 2695 De
499 2635 633 2719 pedibus
642 2635 788 2718 fratrum
805 2638 948 2696 vicissim
965 2635 1124 2698 lavandis.

297 2739 427 2803 XXIII.
469 2743 565 2804 Utin
591 2739 859 2826 Quadragesima,
889 2743 971 2804 sicut
990 2753 1022 2803 et
1048 2743 1081 2802 in
1106 2741 1171 2802 alio
1196 2751 1357 2823 tempore,

215 2823 357 2890 vicissim
372 2825 433 2887 sibi
448 2826 547 2908 pedes
562 2827 684 2903 lavent,
701 2836 733 2887 et
746 2825 940 2908 antiphonas
958 2825 1036 2886 huic
1051 2825 1159 2886 officio
1175 2846 1360 2906 congruen-

214 2917 262 2970 tes
281 2908 464 2970 decantent.
506 2911 544 2969 In
558 2911 668 2970 Coena
686 2930 765 2972 vero
782 2909 915 2970 Domini
931 2908 1030 2992 pedes
1046 2911 1191 2984 fratrum,
1209 2907 1233 2967 si
1255 2907 1358 2983 valet,

215 2990 319 3053 Abbas
345 2993 433 3054 lavet
458 3002 490 3053 et
513 2991 696 3071 osculetur,
718 2995 763 3070 (et
781 2991 912 3053 demum
935 2992 1066 3076 proprisi
1085 3011 1181 3052 manu
1198 2989 1360 3072 poculum

216 3074 262 3138 eis
284 3075 428 3160 porrigat
454 3077 492 3154 b).
631 3087 634 3094 ’
673 3110 676 3116 ·
807 3111 812 3140 t

439 3185 488 3243 De
507 3185 658 3248 mandate
680 3193 719 3258 e)
741 3198 814 3269 post
831 3205 959 3245 coenam
968 3179 1134 3264 faciendo.

296 3289 425 3355 XXIV.
467 3293 510 3353 Ut
530 3292 725 3370 mandatum,
741 3291 767 3353 si
787 3300 911 3373 tempus
930 3310 1050 3352 coenae
1067 3298 1125 3366 est,
1144 3297 1209 3348 tam
1221 3286 1357 3348 fratrum

216 3375 313 3460 quam
331 3375 428 3436 etiam
445 3376 704 3459 peregrinorum,
727 3383 799 3458 post
820 3394 955 3434 coenam
971 3370 1034 3432 fiat.

217 3483 266 3569 De
285 3503 434 3544 mensura
450 3483 701 3555 Monaelrorum,
725 3493 759 3541 ut
778 3478 816 3540 ecl
829 3479 966 3540 Abbates
983 3477 1113 3538 illorum
1132 3479 1195 3538 sint
1210 3476 1357 3550 contenti.

298 3589 409 3654 XXV.
452 3593 495 3651 Ut
515 3593 552 3653 eat
579 3611 678 3676 quam
702 3585 855 3650 Monachi
886 3585 937 3647 sui
964 3583 1086 3645 hahent
1114 3583 1263 3645 mensura
1295 3581 1359 3643 sint
1458 3647 1459 3650 Ἴ

217 3673 356 3736 Abbates
377 3675 535 3753 contenti,
558 3674 593 3734 in
612 3671 851 3746 manducando,
876 3669 909 3727 in
926 3667 1080 3742 bibendo,
1104 3667 1139 3727 in
1156 3665 1357 3742 dormiendo,

219 3759 252 3817 in
270 3756 450 3834 vestiendo,
469 3757 503 3817 in
520 3755 696 3842 operand0,
714 3752 844 3840 quando
862 3752 896 3812 iu
912 3749 983 3812 aliis
1001 3750 1194 3812 utilitatibus
1210 3770 1276 3811 non
1292 3749 1359 3808 fue-

219 3841 286 3906 rint
309 3839 468 3922 occupati.

321 3947 369 4006 De
390 3946 480 4006 villis
493 3945 659 4027 fratrum,
684 3959 718 4006 ut
738 3964 791 4006 eos
811 3963 873 4004 non
893 3943 1087 4002 circumeant
1106 3938 1265 4002 Monaclei.

305 4050 432 4114 XXVI.
475 4053 519 4112 Ut
538 4052 633 4116 villas
648 4053 857 4136 frequenter,
884 4057 915 4108 et
937 4047 997 4108 nisi
1021 4044 1192 4106 necessitas
1208 4043 1359 4126 coegerit,

226 4165 473 4182 w

257 4219 289 4277 a)
307 4211 341 4262 al.
361 4228 407 4263 ms.
428 4209 593 4280 scapularis.
855 4211 884 4269 c)
902 4205 936 4254 al.
957 4221 1002 4254 ms.
1036 4203 1076 4254 De
1103 4197 1235 4254 mandato
1261 4216 1362 4271 perape·
1458 4223 1459 4226 ¹

258 4284 287 4338 1¹)
307 4283 339 4332 al.
359 4300 417 4333 iuss.
445 4292 469 4333 et
485 4279 613 4350 poculum
630 4279 766 4350 porrigat.
907 4293 973 4326 rum.
1458 4293 1459 4308 .
