2958 4986
173 328 246 408 tte
379 345 522 432 scen.
628 344 885 414 corruimus
988 345 1052 414 m

336 487 387 556 De
409 490 608 556 monasteriis
631 490 686 556 ubi
704 509 840 576 corpora
858 503 1038 554 sanctonum
1064 501 1146 556 tunt

254 595 344 666 xlii.
376 597 426 660 De
449 595 642 662 monasterio
660 593 716 658 ubi
733 615 868 680 corpore
885 605 1071 658 sanctorum
1087 607 1175 679 suut,
1195 609 1232 664 ut
1250 599 1317 664 hs·

170 681 444 830 ppppupxputfpsppum
465 681 549 744 intre
565 681 722 756 claustra,
753 679 810 741 ubi
833 678 999 764 peculiare
1020 681 1166 745 officium
1185 693 1218 747 et
1241 685 1304 797 diu

198 873 241 938 Ut
254 893 317 958 pro
336 869 569 934 introeuntibus
586 869 621 932 in
635 870 862 932 monasterium
876 873 1020 958 praemia
1037 894 1101 936 non
1114 873 1298 954 exigantur.

252 977 343 1046 xlv.
363 975 556 1042 Audivimus
573 975 661 1042 euim
678 986 716 1038 ut
733 977 867 1074 quidam
884 977 1024 1042 Abbatcs
1041 980 1217 1065 cupiditate
1234 981 1319 1043 duc-

173 1065 199 1128 ti
225 1063 367 1148 praemio
399 1083 459 1146 pro
484 1059 726 1124 introeuntibus
748 1082 782 1121 m
799 1063 993 1126 monasterio
1014 1065 1195 1146 requirant.
1234 1063 1317 1124 Ideo

173 1146 298 1234 placuit
316 1144 410 1208 nobis
439 1153 473 1206 et
495 1153 624 1206 sanctae
644 1141 787 1227 syuodo,
817 1165 878 1241 pro
904 1145 1120 1230 suscipiendis
1143 1147 1178 1208 in
1201 1154 1317 1214 sancto

174 1231 291 1294 ordine
307 1226 462 1291 irsuibus
482 1247 689 1311 nequaquam
705 1228 846 1308 pecumd
870 1229 1096 1312 requiruntur,
1116 1230 1175 1294 sed
1193 1250 1320 1294 secun-

174 1315 253 1380 ddm
271 1311 417 1396 regulum
436 1309 536 1372 sancti
558 1309 728 1372 Benedicti
745 1309 972 1394 suscipiantur.

324 1417 367 1482 Ut
385 1417 493 1482 Atlas
513 1419 580 1480 sine
599 1437 754 1480 consensu
769 1413 922 1503 Episcopi
938 1441 1003 1482 non
1025 1419 1169 1502 eligatur.

257 1526 330 1590 XV.
363 1527 408 1588 Ut
424 1525 529 1588 Abbos
544 1523 578 1586 iu
595 1523 847 1607 congregatione
869 1547 935 1588 nou
958 1528 1113 1612 eligatur,
1137 1527 1194 1608 ubi
1214 1523 1318 1590 iussio

175 1609 272 1694 Regis
292 1609 411 1690 fuerit,
435 1607 497 1672 nisi
517 1627 577 1691 per
595 1628 790 1670 consensum
806 1607 961 1695 Episcopi
980 1611 1045 1674 loci
1072 1612 1172 1673 illius.

197 1717 296 1783 Nulla
316 1739 360 1780 ex
374 1717 468 1800 culpa
488 1716 665 1780 Monacltos
683 1714 801 1778 Abbati
817 1736 946 1779 coecare
966 1731 1022 1780 aut
1040 1718 1188 1780 mutilare
1210 1717 1297 1780 licet.

259 1828 348 1892 XVI.
379 1829 422 1889 Ut
439 1825 596 1904 Abbates,
622 1821 768 1906 quilibet
791 1823 887 1905 culpi
907 1825 925 1886 l
946 1825 1114 1887 Monechis
1136 1823 1318 1904 commissi,

177 1931 382 1993 nequequam
401 1909 616 1994 permittimus
633 1907 780 1988 coecari,
802 1917 859 1968 aut
876 1907 1094 1977 membrorum
1116 1907 1321 1971 debilitatem

178 1994 340 2078 ingerere,
365 1993 427 2054 nisi
450 1990 608 2074 regularis
628 1989 802 2072 disciplina
820 1987 993 2052 subiaceat

322 2101 371 2164 Ne
394 2099 511 2164 Clerici
532 2111 587 2160 aut
603 2099 756 2162 Monaebi
775 2097 924 2160 tabernas
942 2094 1174 2177 ingrediantur.

260 2208 365 2272 xvtl.
399 2209 442 2268 Ut
455 2203 652 2290 Presbyteri,
669 2202 821 2282 Disconi,
839 2203 1012 2292 Monachi,
1024 2214 1057 2266 et
1073 2201 1196 2270 Clerici
1213 2201 1321 2266 tuber-

180 2291 295 2358 netad
318 2289 497 2352 bibendum
522 2310 587 2356 uon
605 2287 840 2372 ingrediantur.

364 2395 542 2482 Episcopus
557 2416 692 2458 canones
716 2408 747 2458 et
769 2395 912 2476 regulam
931 2397 1013 2458 scire
1030 2393 1133 2458 debet.

182 2539 204 2603 .-
261 2503 383 2568 xvtss.
425 2505 467 2567 Ut
487 2503 857 2595 Episcopum-canones
889 2511 924 2567 et
953 2502 1101 2588 regulum
1126 2523 1193 2566 non
1221 2501 1323 2567 liceat

181 2607 341 2709 Quonim·
408 2643 486 2730 Dies
514 2647 676 2730 dominica
695 2667 854 2752 quomodb
876 2667 1086 2734 observanda.

236 2774 349 2920 itllx.
383 2776 427 2844 Ut
453 2775 522 2840 dies
550 2773 714 2846 dominice
744 2776 763 2840 d
790 2795 1054 2860 respersusque
1084 2777 1125 2839 ad
1147 2798 1323 2864 vesperum

180 2880 272 2924 serve
290 2881 338 2921 ur.
358 2881 360 2886 ·

365 2941 418 3004 Ne·
439 2943 473 3003 in
491 2940 580 3003 uillis
601 2961 637 3002 oc
655 2941 738 3004 vicis
758 2937 950 3002 ordinentur
968 2938 1132 3027 Episcopi.

222 3045 341 3192 dxx*
380 3048 477 3129 Quod
499 3069 567 3115 uon
590 3055 738 3133 oporteat
760 3047 796 3109 iu
818 3047 940 3113 villolis
959 3069 1020 3111 uec
1043 3049 1123 3112 vicis
1141 3049 1322 3138 Episcopos

183 3151 220 3194 or
245 3152 344 3193 snare.
468 3189 470 3193 ,
1099 3171 1101 3178 ,

244 3238 380 3304 Seruum
402 3241 470 3300 sine
489 3237 614 3302 domini
637 3239 768 3302 licentio
784 3255 874 3308 nemo
893 3240 1028 3324 recipiat
1048 3239 1103 3301 vel
1119 3237 1256 3300 ordinet.

262 3341 356 3407 XXI.
389 3346 439 3408 De
459 3345 561 3410 servis
578 3347 706 3426 alienis,
730 3350 799 3410 uti
824 3348 954 3410 nemine
970 3347 1183 3433 recipiantur,
1210 3369 1319 3432 neque

181 3425 220 3488 ab
239 3428 406 3511 Episcopis
422 3439 601 3509 sacrentur,
620 3430 691 3492 sine
705 3431 840 3494 licentia
855 3431 1071 3493 dominorum.

316 3535 361 3598 Ut
377 3535 493 3600 Clerici
511 3551 542 3600 et
561 3539 712 3602 Monacbi
731 3541 765 3601 in
782 3542 950 3625 proposito
968 3550 1184 3622 permaneant.
1241 3525 1246 3536 ’

263 3641 373 3786 ΧΧιΠ.
402 3645 452 3708 De
474 3644 612 3708 Clericis
625 3655 660 3714 et
673 3646 852 3735 Monechis,
876 3655 913 3709 ut
932 3646 965 3707 in
982 3669 1040 3710 suo
1055 3645 1221 3730 proposito
1240 3667 1317 3730 per--

181 3746 317 3788 mansan
333 3770 342 3788 .

183 3831 383 3902 Ut'decimas
396 3845 427 3894 et
444 3854 543 3896 nonas
561 3826 721 3897 Ecclesiae
735 3836 862 3898 solvant
873 3837 930 3921 qui
946 3833 1072 3908 debent,
1097 3848 1128 3898 et
1142 3857 1249 3898 omnes
1263 3835 1319 3898 eie·

442 3919 555 3979 cimam
579 3917 619 3978 de
637 3940 693 3980 sua
709 3921 905 4004 proprietate
927 3918 1054 3980 donent.
1247 3935 1250 3940 ·

210 4073 218 4085 ,
261 4022 381 4086 ΧΧΙΙΙ.
421 4024 464 4085 Ut
482 4023 666 4086 deeimaset
686 4047 787 4090 nonas
805 4027 874 4089 sive
896 4049 1012 4090 census
1032 4049 1143 4089 omnes
1160 4028 1318 4110 generali·

179 4113 229 4166 ter
248 4105 375 4167 donent
390 4103 448 4186 qui
469 4106 631 4168 debitores
648 4119 724 4170 sunt
738 4131 779 4171 ex
800 4110 968 4172 beneficiis
986 4121 1017 4171 et
1038 4111 1135 4172 rebus
1151 4111 1316 4172 Ecclesia-

177 4207 263 4264 rnm,
285 4187 464 4252 secundum
486 4189 628 4270 priorem
644 4191 854 4274 capitularem
867 4195 986 4256 Domni
1008 4194 1113 4278 Regis.
1156 4195 1198 4254 Et
1210 4194 1315 4254 omnis

109 4316 112 4320 .
179 4267 276 4334 bomo
301 4290 342 4330 ex
368 4291 424 4330 suu
453 4273 648 4361 proprietate
674 4273 850 4358 legitimam
879 4276 1035 4339 decimum
1065 4276 1107 4356 ud
1135 4275 1314 4358 Ecclesium
