<?xml version="1.0" encoding="UTF-8"?>
<!DOCTYPE html PUBLIC "-//W3C//DTD XHTML 1.0 Transitional//EN"
    "http://www.w3.org/TR/xhtml1/DTD/xhtml1-transitional.dtd">
<html xmlns="http://www.w3.org/1999/xhtml" xml:lang="en" lang="en">
 <head>
  <title>
</title>
<meta http-equiv="Content-Type" content="text/html;charset=utf-8" />
  <meta name='ocr-system' content='tesseract 3.04.00' />
  <meta name='ocr-capabilities' content='ocr_page ocr_carea ocr_par ocr_line ocrx_word'/>
</head>
<body>
  <div class='ocr_page' id='page_1' title='image "./corpusiurisgerm05visigoog_0047.png"; bbox 0 0 2920 4972; ppageno 0'>
   <div class='ocr_carea' id='block_1_1' title="bbox 228 297 1177 386">
    <p class='ocr_par' dir='ltr' id='par_1_1' title="bbox 228 297 1177 386">
     <span class='ocr_line' id='line_1_1' title="bbox 228 297 1177 386; baseline 0.005 -14"><span class='ocrx_word' id='word_1_1' title='bbox 228 297 277 373; x_wconf 76' lang='lat' dir='ltr'><strong>st</strong></span> <span class='ocrx_word' id='word_1_2' title='bbox 462 317 496 372; x_wconf 80' lang='lat' dir='ltr'><strong>A,</strong></span> <span class='ocrx_word' id='word_1_3' title='bbox 517 317 605 375; x_wconf 82' lang='lat' dir='ltr'><strong>cun.</strong></span> <span class='ocrx_word' id='word_1_4' title='bbox 709 315 965 386; x_wconf 79' lang='lat' dir='ltr'><strong>cnrrrutanm</strong></span> <span class='ocrx_word' id='word_1_5' title='bbox 1042 319 1177 382; x_wconf 46' lang='lat' dir='ltr'><strong>oms</strong></span> 
     </span>
    </p>
   </div>
   <div class='ocr_carea' id='block_1_2' title="bbox 226 454 1363 626">
    <p class='ocr_par' dir='ltr' id='par_1_2' title="bbox 226 454 1363 626">
     <span class='ocr_line' id='line_1_2' title="bbox 226 454 1363 544; baseline 0.002 -24"><span class='ocrx_word' id='word_1_6' title='bbox 226 460 351 544; x_wconf 88' lang='lat' dir='ltr'><strong>placet,</strong></span> <span class='ocrx_word' id='word_1_7' title='bbox 383 466 487 542; x_wconf 85' lang='lat' dir='ltr'><strong>potest</strong></span> <span class='ocrx_word' id='word_1_8' title='bbox 509 457 567 518; x_wconf 75' lang='lat' dir='ltr'><strong>ille</strong></span> <span class='ocrx_word' id='word_1_9' title='bbox 596 454 725 520; x_wconf 65' lang='lat' dir='ltr'><strong>dimissi</strong></span> <span class='ocrx_word' id='word_1_10' title='bbox 753 479 935 542; x_wconf 88' lang='lat' dir='ltr'><strong>comparem</strong></span> <span class='ocrx_word' id='word_1_11' title='bbox 960 480 1050 519; x_wconf 84' lang='lat' dir='ltr'><strong>suam</strong></span> <span class='ocrx_word' id='word_1_12' title='bbox 1071 459 1223 520; x_wconf 80' lang='lat' dir='ltr'><strong>ancillam</strong></span> <span class='ocrx_word' id='word_1_13' title='bbox 1240 461 1363 522; x_wconf 90' lang='lat' dir='ltr'><strong>domini</strong></span> 
     </span>
     <span class='ocr_line' id='line_1_3' title="bbox 227 539 1183 626; baseline -0.002 -20"><span class='ocrx_word' id='word_1_14' title='bbox 227 543 278 606; x_wconf 84' lang='lat' dir='ltr'><strong>sui</strong></span> <span class='ocrx_word' id='word_1_15' title='bbox 298 539 461 626; x_wconf 86' lang='lat' dir='ltr'><strong>acciperc;</strong></span> <span class='ocrx_word' id='word_1_16' title='bbox 491 541 548 603; x_wconf 89' lang='lat' dir='ltr'><strong>sed</strong></span> <span class='ocrx_word' id='word_1_17' title='bbox 568 539 684 602; x_wconf 87' lang='lat' dir='ltr'><strong>melius</strong></span> <span class='ocrx_word' id='word_1_18' title='bbox 708 551 757 603; x_wconf 89' lang='lat' dir='ltr'><strong>est</strong></span> <span class='ocrx_word' id='word_1_19' title='bbox 776 565 866 603; x_wconf 87' lang='lat' dir='ltr'><strong>suam</strong></span> <span class='ocrx_word' id='word_1_20' title='bbox 889 541 1040 602; x_wconf 75' lang='lat' dir='ltr'><strong>ancillam</strong></span> <span class='ocrx_word' id='word_1_21' title='bbox 1060 552 1183 604; x_wconf 87' lang='lat' dir='ltr'><strong>tenere.</strong></span> 
     </span>
    </p>
   </div>
   <div class='ocr_carea' id='block_1_3' title="bbox 269 659 1361 840">
    <p class='ocr_par' dir='ltr' id='par_1_3' title="bbox 269 659 1361 840">
     <span class='ocr_line' id='line_1_4' title="bbox 269 659 1361 760; baseline 0.002 -24"><span class='ocrx_word' id='word_1_22' title='bbox 269 676 390 737; x_wconf 71' lang='lat' dir='ltr'><strong>Servus</strong></span> <span class='ocrx_word' id='word_1_23' title='bbox 411 659 433 735; x_wconf 70' lang='lat' dir='ltr'><strong>t</strong></span> <span class='ocrx_word' id='word_1_24' title='bbox 449 674 579 736; x_wconf 86' lang='lat' dir='ltr'><strong>domino</strong></span> <span class='ocrx_word' id='word_1_25' title='bbox 598 674 742 736; x_wconf 71' lang='lat' dir='ltr'><strong>libertate</strong></span> <span class='ocrx_word' id='word_1_26' title='bbox 763 673 919 746; x_wconf 74' lang='lat' dir='ltr'><strong>donatus,</strong></span> <span class='ocrx_word' id='word_1_27' title='bbox 951 679 979 735; x_wconf 85' lang='lat' dir='ltr'><strong>si</strong></span> <span class='ocrx_word' id='word_1_28' title='bbox 991 679 1105 760; x_wconf 70' lang='lat' dir='ltr'><strong>postet</strong></span> <span class='ocrx_word' id='word_1_29' title='bbox 1128 673 1198 738; x_wconf 69' lang='lat' dir='ltr'><strong>cu&#39;m</strong></span> <span class='ocrx_word' id='word_1_30' title='bbox 1217 681 1284 737; x_wconf 77' lang='lat' dir='ltr'><strong>cius</strong></span> <span class='ocrx_word' id='word_1_31' title='bbox 1305 701 1361 738; x_wconf 84' lang='lat' dir='ltr'><strong>an-</strong></span> 
     </span>
     <span class='ocr_line' id='line_1_5' title="bbox 349 759 1322 840; baseline -0.001 -19"><span class='ocrx_word' id='word_1_32' title='bbox 349 759 425 821; x_wconf 82' lang='lat' dir='ltr'><strong>cillo</strong></span> <span class='ocrx_word' id='word_1_33' title='bbox 445 759 638 830; x_wconf 79' lang='lat' dir='ltr'><strong>moechatur,</strong></span> <span class='ocrx_word' id='word_1_34' title='bbox 663 759 734 836; x_wconf 82' lang='lat' dir='ltr'><em>cogi</em></span> <span class='ocrx_word' id='word_1_35' title='bbox 750 770 856 840; x_wconf 78' lang='lat' dir='ltr'><strong>potest</strong></span> <span class='ocrx_word' id='word_1_36' title='bbox 877 771 911 817; x_wconf 84' lang='lat' dir='ltr'><strong>ut</strong></span> <span class='ocrx_word' id='word_1_37' title='bbox 933 780 1067 819; x_wconf 76' lang='lat' dir='ltr'><strong>uxorem</strong></span> <span class='ocrx_word' id='word_1_38' title='bbox 1087 761 1177 820; x_wconf 85' lang='lat' dir='ltr'><strong>illam</strong></span> <span class='ocrx_word' id='word_1_39' title='bbox 1197 761 1322 822; x_wconf 78' lang='lat' dir='ltr'><strong>babeat.</strong></span> 
     </span>
    </p>
   </div>
   <div class='ocr_carea' id='block_1_4' title="bbox 177 861 1361 1375">
    <p class='ocr_par' dir='ltr' id='par_1_4' title="bbox 177 861 1361 1375">
     <span class='ocr_line' id='line_1_6' title="bbox 305 861 1361 958; baseline -0.003 -19"><span class='ocrx_word' id='word_1_40' title='bbox 305 877 393 940; x_wconf 87' lang='lat' dir='ltr'>VIII.</span> <span class='ocrx_word' id='word_1_41' title='bbox 415 875 450 937; x_wconf 86' lang='lat' dir='ltr'><strong>si</strong></span> <span class='ocrx_word' id='word_1_42' title='bbox 473 875 546 956; x_wconf 91' lang='lat' dir='ltr'><strong>quis</strong></span> <span class='ocrx_word' id='word_1_43' title='bbox 567 894 691 950; x_wconf 86' lang='lat' dir='ltr'><strong>servus,</strong></span> <span class='ocrx_word' id='word_1_44' title='bbox 714 872 863 934; x_wconf 87' lang='lat' dir='ltr'><strong>libertate</strong></span> <span class='ocrx_word' id='word_1_45' title='bbox 881 877 898 935; x_wconf 71' lang='lat' dir='ltr'><strong>i</strong></span> <span class='ocrx_word' id='word_1_46' title='bbox 915 873 1046 936; x_wconf 88' lang='lat' dir='ltr'><strong>domino</strong></span> <span class='ocrx_word' id='word_1_47' title='bbox 1065 898 1124 936; x_wconf 89' lang='lat' dir='ltr'><strong>suo</strong></span> <span class='ocrx_word' id='word_1_48' title='bbox 1142 897 1215 937; x_wconf 86' lang='lat' dir='ltr'><strong>acce</strong></span> <span class='ocrx_word' id='word_1_49' title='bbox 1240 861 1284 952; x_wconf 70' lang='lat' dir='ltr'><strong>td,</strong></span> <span class='ocrx_word' id='word_1_50' title='bbox 1306 899 1361 958; x_wconf 91' lang='lat' dir='ltr'><strong>po-</strong></span> 
     </span>
     <span class='ocr_line' id='line_1_7' title="bbox 222 899 1360 1042; baseline -0.002 -20"><span class='ocrx_word' id='word_1_51' title='bbox 222 961 290 1022; x_wconf 76' lang='lat' dir='ltr'><strong>sted</strong></span> <span class='ocrx_word' id='word_1_52' title='bbox 319 983 393 1022; x_wconf 90' lang='lat' dir='ltr'><strong>cum</strong></span> <span class='ocrx_word' id='word_1_53' title='bbox 418 959 539 1019; x_wconf 86' lang='lat' dir='ltr'><strong>ancilla</strong></span> <span class='ocrx_word' id='word_1_54' title='bbox 558 956 628 1018; x_wconf 87' lang='lat' dir='ltr'><strong>eius</strong></span> <span class='ocrx_word' id='word_1_55' title='bbox 651 955 849 1016; x_wconf 74' lang='lat' dir='ltr'><strong>adulterium</strong></span> <span class='ocrx_word' id='word_1_56' title='bbox 873 960 1126 1042; x_wconf 83' lang='lat' dir='ltr'><strong>perpetraverit,</strong></span> <span class='ocrx_word' id='word_1_57' title='bbox 1161 960 1188 1021; x_wconf 91' lang='lat' dir='ltr'><strong>si</strong></span> <span class='ocrx_word' id='word_1_58' title='bbox 1211 899 1360 1020; x_wconf 70' lang='lat' dir='ltr'><strong>(lominus</strong></span> 
     </span>
     <span class='ocr_line' id='line_1_8' title="bbox 223 1038 1359 1126; baseline -0.007 -20"><span class='ocrx_word' id='word_1_59' title='bbox 223 1046 293 1106; x_wconf 89' lang='lat' dir='ltr'><strong>eius</strong></span> <span class='ocrx_word' id='word_1_60' title='bbox 311 1044 393 1120; x_wconf 83' lang='lat' dir='ltr'><strong>vult,</strong></span> <span class='ocrx_word' id='word_1_61' title='bbox 415 1042 496 1104; x_wconf 84' lang='lat' dir='ltr'><strong>velit</strong></span> <span class='ocrx_word' id='word_1_62' title='bbox 514 1041 597 1102; x_wconf 89' lang='lat' dir='ltr'><strong>nolit</strong></span> <span class='ocrx_word' id='word_1_63' title='bbox 614 1039 716 1121; x_wconf 85' lang='lat' dir='ltr'><strong>ipsam</strong></span> <span class='ocrx_word' id='word_1_64' title='bbox 738 1038 777 1099; x_wconf 91' lang='lat' dir='ltr'><strong>ad</strong></span> <span class='ocrx_word' id='word_1_65' title='bbox 803 1061 940 1101; x_wconf 79' lang='lat' dir='ltr'><strong>uxorem</strong></span> <span class='ocrx_word' id='word_1_66' title='bbox 963 1039 1103 1103; x_wconf 82' lang='lat' dir='ltr'><strong>habebit</strong></span> <span class='ocrx_word' id='word_1_67' title='bbox 1145 1041 1244 1122; x_wconf 82' lang='lat' dir='ltr'><strong>Qubd</strong></span> <span class='ocrx_word' id='word_1_68' title='bbox 1269 1042 1296 1101; x_wconf 92' lang='lat' dir='ltr'><strong>si</strong></span> <span class='ocrx_word' id='word_1_69' title='bbox 1315 1042 1359 1126; x_wconf 87' lang='lat' dir='ltr'><strong>ip-</strong></span> 
     </span>
     <span class='ocr_line' id='line_1_9' title="bbox 177 1122 1360 1206; baseline 0.003 -24"><span class='ocrx_word' id='word_1_70' title='bbox 177 1173 178 1182; x_wconf 70' lang='grc'>,</span> <span class='ocrx_word' id='word_1_71' title='bbox 222 1150 289 1188; x_wconf 88' lang='lat' dir='ltr'><strong>sam</strong></span> <span class='ocrx_word' id='word_1_72' title='bbox 308 1125 476 1204; x_wconf 86' lang='lat' dir='ltr'>dimiserit,</span> <span class='ocrx_word' id='word_1_73' title='bbox 501 1133 533 1184; x_wconf 87' lang='lat' dir='ltr'><strong>et</strong></span> <span class='ocrx_word' id='word_1_74' title='bbox 557 1123 654 1184; x_wconf 85' lang='lat' dir='ltr'><strong>aliam</strong></span> <span class='ocrx_word' id='word_1_75' title='bbox 672 1122 813 1199; x_wconf 86' lang='lat' dir='ltr'><strong>duxerit,</strong></span> <span class='ocrx_word' id='word_1_76' title='bbox 836 1133 969 1206; x_wconf 76' lang='lat' dir='ltr'><strong>cogatur</strong></span> <span class='ocrx_word' id='word_1_77' title='bbox 988 1125 1121 1186; x_wconf 73' lang='lat' dir='ltr'><strong>omnint</strong></span> <span class='ocrx_word' id='word_1_78' title='bbox 1145 1135 1181 1188; x_wconf 89' lang='lat' dir='ltr'><strong>ut</strong></span> <span class='ocrx_word' id='word_1_79' title='bbox 1204 1124 1360 1206; x_wconf 90' lang='lat' dir='ltr'><strong>posterio-</strong></span> 
     </span>
     <span class='ocr_line' id='line_1_10' title="bbox 220 1205 1358 1289; baseline -0.002 -19"><span class='ocrx_word' id='word_1_80' title='bbox 220 1232 291 1270; x_wconf 85' lang='lat' dir='ltr'><strong>rem</strong></span> <span class='ocrx_word' id='word_1_81' title='bbox 310 1207 460 1286; x_wconf 86' lang='lat' dir='ltr'><strong>dimittat,</strong></span> <span class='ocrx_word' id='word_1_82' title='bbox 482 1216 513 1286; x_wconf 86' lang='lat' dir='ltr'><strong>et</strong></span> <span class='ocrx_word' id='word_1_83' title='bbox 534 1205 635 1289; x_wconf 88' lang='lat' dir='ltr'><strong>ipsam</strong></span> <span class='ocrx_word' id='word_1_84' title='bbox 653 1227 728 1266; x_wconf 90' lang='lat' dir='ltr'><strong>cum</strong></span> <span class='ocrx_word' id='word_1_85' title='bbox 745 1227 810 1288; x_wconf 89' lang='lat' dir='ltr'><strong>qua</strong></span> <span class='ocrx_word' id='word_1_86' title='bbox 830 1205 920 1288; x_wconf 73' lang='lat' dir='ltr'><strong>priris</strong></span> <span class='ocrx_word' id='word_1_87' title='bbox 939 1206 1139 1268; x_wconf 82' lang='lat' dir='ltr'><strong>adulterium</strong></span> <span class='ocrx_word' id='word_1_88' title='bbox 1158 1209 1251 1284; x_wconf 81' lang='lat' dir='ltr'><strong>fecit,</strong></span> <span class='ocrx_word' id='word_1_89' title='bbox 1278 1208 1358 1269; x_wconf 90' lang='lat' dir='ltr'><strong>reei-</strong></span> 
     </span>
     <span class='ocr_line' id='line_1_11' title="bbox 221 1287 1018 1375; baseline 0 -25"><span class='ocrx_word' id='word_1_90' title='bbox 221 1293 300 1375; x_wconf 86' lang='lat' dir='ltr'><strong>piat,</strong></span> <span class='ocrx_word' id='word_1_91' title='bbox 322 1301 378 1352; x_wconf 87' lang='lat' dir='ltr'><strong>aut</strong></span> <span class='ocrx_word' id='word_1_92' title='bbox 397 1291 454 1351; x_wconf 74' lang='lat' dir='ltr'><strong>ill-t</strong></span> <span class='ocrx_word' id='word_1_93' title='bbox 476 1290 606 1353; x_wconf 81' lang='lat' dir='ltr'><strong>vivente</strong></span> <span class='ocrx_word' id='word_1_94' title='bbox 631 1288 756 1348; x_wconf 88' lang='lat' dir='ltr'><strong>nullam</strong></span> <span class='ocrx_word' id='word_1_95' title='bbox 778 1287 874 1348; x_wconf 86' lang='lat' dir='ltr'><strong>aliam</strong></span> <span class='ocrx_word' id='word_1_96' title='bbox 894 1289 1018 1350; x_wconf 83' lang='lat' dir='ltr'><strong>habeat.</strong></span> 
     </span>
    </p>
   </div>
   <div class='ocr_carea' id='block_1_5' title="bbox 262 1407 1317 1492">
    <p class='ocr_par' dir='ltr' id='par_1_5' title="bbox 262 1407 1317 1492">
     <span class='ocr_line' id='line_1_12' title="bbox 262 1407 1317 1492; baseline 0 -24"><span class='ocrx_word' id='word_1_97' title='bbox 262 1409 311 1468; x_wconf 88' lang='lat' dir='ltr'><strong>De</strong></span> <span class='ocrx_word' id='word_1_98' title='bbox 323 1409 458 1468; x_wconf 82' lang='lat' dir='ltr'><strong>&#39;muliere</strong></span> <span class='ocrx_word' id='word_1_99' title='bbox 473 1428 552 1490; x_wconf 77' lang='lat' dir='ltr'><strong>quac</strong></span> <span class='ocrx_word' id='word_1_100' title='bbox 571 1409 678 1468; x_wconf 78' lang='lat' dir='ltr'><strong>virum</strong></span> <span class='ocrx_word' id='word_1_101' title='bbox 694 1427 785 1466; x_wconf 82' lang='lat' dir='ltr'><strong>suum</strong></span> <span class='ocrx_word' id='word_1_102' title='bbox 806 1407 841 1466; x_wconf 83' lang='lat' dir='ltr'><strong>in</strong></span> <span class='ocrx_word' id='word_1_103' title='bbox 861 1407 925 1466; x_wconf 86' lang='lat' dir='ltr'><strong>alio</strong></span> <span class='ocrx_word' id='word_1_104' title='bbox 943 1427 1026 1492; x_wconf 80' lang='lat' dir='ltr'><strong>pago</strong></span> <span class='ocrx_word' id='word_1_105' title='bbox 1046 1409 1135 1490; x_wconf 80' lang='lat' dir='ltr'><strong>sequi</strong></span> <span class='ocrx_word' id='word_1_106' title='bbox 1154 1429 1217 1468; x_wconf 85' lang='lat' dir='ltr'><strong>non</strong></span> <span class='ocrx_word' id='word_1_107' title='bbox 1235 1409 1317 1469; x_wconf 81' lang='lat' dir='ltr'><strong>vult.</strong></span> 
     </span>
    </p>
   </div>
   <div class='ocr_carea' id='block_1_6' title="bbox 212 1513 1358 2268">
    <p class='ocr_par' dir='ltr' id='par_1_6' title="bbox 212 1513 1358 2268">
     <span class='ocr_line' id='line_1_13' title="bbox 303 1513 1358 1598; baseline 0.004 -23"><span class='ocrx_word' id='word_1_108' title='bbox 303 1516 358 1576; x_wconf 86' lang='lat' dir='ltr'>IX.</span> <span class='ocrx_word' id='word_1_109' title='bbox 384 1515 420 1576; x_wconf 89' lang='lat' dir='ltr'><strong>si</strong></span> <span class='ocrx_word' id='word_1_110' title='bbox 437 1515 511 1596; x_wconf 85' lang='lat' dir='ltr'><strong>quis</strong></span> <span class='ocrx_word' id='word_1_111' title='bbox 531 1514 719 1578; x_wconf 77' lang='lat' dir='ltr'><strong>necessitate</strong></span> <span class='ocrx_word' id='word_1_112' title='bbox 740 1513 923 1578; x_wconf 83' lang='lat' dir='ltr'><strong>inevitabili</strong></span> <span class='ocrx_word' id='word_1_113' title='bbox 943 1525 1078 1598; x_wconf 83' lang='lat' dir='ltr'><strong>cogente</strong></span> <span class='ocrx_word' id='word_1_114' title='bbox 1094 1516 1244 1578; x_wconf 79' lang='lat' dir='ltr'><strong>inalium</strong></span> <span class='ocrx_word' id='word_1_115' title='bbox 1262 1518 1358 1579; x_wconf 82' lang='lat' dir='ltr'><strong>duca-</strong></span> 
     </span>
     <span class='ocr_line' id='line_1_14' title="bbox 217 1598 1358 1682; baseline 0 -22"><span class='ocrx_word' id='word_1_116' title='bbox 217 1609 288 1660; x_wconf 91' lang='lat' dir='ltr'><strong>tum</strong></span> <span class='ocrx_word' id='word_1_117' title='bbox 309 1620 367 1660; x_wconf 86' lang='lat' dir='ltr'><strong>seu</strong></span> <span class='ocrx_word' id='word_1_118' title='bbox 383 1598 586 1681; x_wconf 81' lang='lat' dir='ltr'><strong>provinciam</strong></span> <span class='ocrx_word' id='word_1_119' title='bbox 608 1598 745 1682; x_wconf 80' lang='lat' dir='ltr'><strong>fugerit,</strong></span> <span class='ocrx_word' id='word_1_120' title='bbox 774 1608 829 1660; x_wconf 88' lang='lat' dir='ltr'><strong>aut</strong></span> <span class='ocrx_word' id='word_1_121' title='bbox 851 1598 1011 1658; x_wconf 86' lang='lat' dir='ltr'><strong>seniorem</strong></span> <span class='ocrx_word' id='word_1_122' title='bbox 1035 1621 1147 1677; x_wconf 89' lang='lat' dir='ltr'><strong>suum,</strong></span> <span class='ocrx_word' id='word_1_123' title='bbox 1179 1601 1233 1661; x_wconf 90' lang='lat' dir='ltr'><strong>cui</strong></span> <span class='ocrx_word' id='word_1_124' title='bbox 1260 1601 1358 1664; x_wconf 86' lang='lat' dir='ltr'><strong>Iidem</strong></span> 
     </span>
     <span class='ocr_line' id='line_1_15' title="bbox 215 1681 1357 1764; baseline 0.002 -21"><span class='ocrx_word' id='word_1_125' title='bbox 215 1681 433 1744; x_wconf 78' lang='lat' dir='ltr'><strong>mentirinon</strong></span> <span class='ocrx_word' id='word_1_126' title='bbox 455 1692 592 1764; x_wconf 88' lang='lat' dir='ltr'><strong>poterat,</strong></span> <span class='ocrx_word' id='word_1_127' title='bbox 610 1691 739 1744; x_wconf 88' lang='lat' dir='ltr'><strong>secutus</strong></span> <span class='ocrx_word' id='word_1_128' title='bbox 755 1681 873 1750; x_wconf 77' lang='lat' dir='ltr'><strong>fuerit5</strong></span> <span class='ocrx_word' id='word_1_129' title='bbox 904 1690 936 1741; x_wconf 91' lang='lat' dir='ltr'><strong>et</strong></span> <span class='ocrx_word' id='word_1_130' title='bbox 954 1703 1038 1742; x_wconf 86' lang='lat' dir='ltr'><strong>uxor</strong></span> <span class='ocrx_word' id='word_1_131' title='bbox 1057 1683 1145 1758; x_wconf 82' lang='lat' dir='ltr'><strong>eius,</strong></span> <span class='ocrx_word' id='word_1_132' title='bbox 1177 1683 1252 1744; x_wconf 78' lang='lat' dir='ltr'><strong>edm</strong></span> <span class='ocrx_word' id='word_1_133' title='bbox 1269 1685 1357 1746; x_wconf 85' lang='lat' dir='ltr'><strong>valet</strong></span> 
     </span>
     <span class='ocr_line' id='line_1_16' title="bbox 217 1767 1358 1848; baseline 0 -21"><span class='ocrx_word' id='word_1_134' title='bbox 217 1777 249 1827; x_wconf 89' lang='lat' dir='ltr'><strong>et</strong></span> <span class='ocrx_word' id='word_1_135' title='bbox 270 1773 387 1848; x_wconf 90' lang='lat' dir='ltr'><strong>potest,</strong></span> <span class='ocrx_word' id='word_1_136' title='bbox 407 1785 513 1825; x_wconf 88' lang='lat' dir='ltr'><strong>amore</strong></span> <span class='ocrx_word' id='word_1_137' title='bbox 530 1773 701 1848; x_wconf 87' lang='lat' dir='ltr'><strong>parentum</strong></span> <span class='ocrx_word' id='word_1_138' title='bbox 722 1773 777 1824; x_wconf 85' lang='lat' dir='ltr'><strong>aut</strong></span> <span class='ocrx_word' id='word_1_139' title='bbox 797 1785 907 1825; x_wconf 88' lang='lat' dir='ltr'><strong>rerum</strong></span> <span class='ocrx_word' id='word_1_140' title='bbox 926 1786 1068 1843; x_wconf 86' lang='lat' dir='ltr'><strong>suarum,</strong></span> <span class='ocrx_word' id='word_1_141' title='bbox 1093 1787 1169 1826; x_wconf 91' lang='lat' dir='ltr'><strong>eum</strong></span> <span class='ocrx_word' id='word_1_142' title='bbox 1188 1767 1282 1848; x_wconf 89' lang='lat' dir='ltr'><strong>sequi</strong></span> <span class='ocrx_word' id='word_1_143' title='bbox 1302 1789 1358 1828; x_wconf 91' lang='lat' dir='ltr'><strong>no-</strong></span> 
     </span>
     <span class='ocr_line' id='line_1_17' title="bbox 213 1845 1356 1931; baseline -0.002 -21"><span class='ocrx_word' id='word_1_144' title='bbox 213 1849 326 1925; x_wconf 89' lang='lat' dir='ltr'><strong>luerit,</strong></span> <span class='ocrx_word' id='word_1_145' title='bbox 348 1847 416 1929; x_wconf 86' lang='lat' dir='ltr'><strong>ipsa</strong></span> <span class='ocrx_word' id='word_1_146' title='bbox 438 1849 698 1931; x_wconf 89' lang='lat' dir='ltr'><strong>omnitempore,</strong></span> <span class='ocrx_word' id='word_1_147' title='bbox 719 1848 866 1930; x_wconf 88' lang='lat' dir='ltr'><strong>quandiu</strong></span> <span class='ocrx_word' id='word_1_148' title='bbox 886 1845 938 1908; x_wconf 83' lang='lat' dir='ltr'><strong>vir</strong></span> <span class='ocrx_word' id='word_1_149' title='bbox 954 1846 1036 1926; x_wconf 87' lang='lat' dir='ltr'><strong>eius,</strong></span> <span class='ocrx_word' id='word_1_150' title='bbox 1052 1871 1150 1930; x_wconf 88' lang='lat' dir='ltr'><strong>quem</strong></span> <span class='ocrx_word' id='word_1_151' title='bbox 1163 1861 1272 1910; x_wconf 83' lang='lat' dir='ltr'><strong>secuta</strong></span> <span class='ocrx_word' id='word_1_152' title='bbox 1290 1872 1356 1910; x_wconf 92' lang='lat' dir='ltr'><strong>non</strong></span> 
     </span>
     <span class='ocr_line' id='line_1_18' title="bbox 214 1930 1356 2015; baseline 0 -22"><span class='ocrx_word' id='word_1_153' title='bbox 214 1932 289 2008; x_wconf 88' lang='lat' dir='ltr'><strong>fuit,</strong></span> <span class='ocrx_word' id='word_1_154' title='bbox 311 1930 409 2008; x_wconf 85' lang='lat' dir='ltr'><strong>vivit,</strong></span> <span class='ocrx_word' id='word_1_155' title='bbox 436 1943 563 2015; x_wconf 86' lang='lat' dir='ltr'><strong>semper</strong></span> <span class='ocrx_word' id='word_1_156' title='bbox 589 1931 729 2014; x_wconf 82' lang='lat' dir='ltr'><strong>innupta</strong></span> <span class='ocrx_word' id='word_1_157' title='bbox 757 1939 953 2013; x_wconf 80' lang='lat' dir='ltr'><strong>permaneat.</strong></span> <span class='ocrx_word' id='word_1_158' title='bbox 1003 1932 1085 1992; x_wconf 86' lang='lat' dir='ltr'><strong>Nam</strong></span> <span class='ocrx_word' id='word_1_159' title='bbox 1117 1931 1174 1994; x_wconf 90' lang='lat' dir='ltr'><strong>illc</strong></span> <span class='ocrx_word' id='word_1_160' title='bbox 1197 1933 1250 1995; x_wconf 84' lang='lat' dir='ltr'><strong>vir</strong></span> <span class='ocrx_word' id='word_1_161' title='bbox 1274 1934 1356 2010; x_wconf 89' lang='lat' dir='ltr'><strong>eius,</strong></span> 
     </span>
     <span class='ocr_line' id='line_1_19' title="bbox 214 2012 1355 2098; baseline 0.002 -23"><span class='ocrx_word' id='word_1_162' title='bbox 214 2014 273 2098; x_wconf 90' lang='lat' dir='ltr'><strong>qui</strong></span> <span class='ocrx_word' id='word_1_163' title='bbox 294 2013 484 2076; x_wconf 85' lang='lat' dir='ltr'><strong>necessitate</strong></span> <span class='ocrx_word' id='word_1_164' title='bbox 501 2025 638 2098; x_wconf 81' lang='lat' dir='ltr'><strong>cogente</strong></span> <span class='ocrx_word' id='word_1_165' title='bbox 660 2014 694 2073; x_wconf 95' lang='lat' dir='ltr'><strong>in</strong></span> <span class='ocrx_word' id='word_1_166' title='bbox 713 2012 814 2074; x_wconf 88' lang='lat' dir='ltr'><strong>alium</strong></span> <span class='ocrx_word' id='word_1_167' title='bbox 834 2014 944 2076; x_wconf 88' lang='lat' dir='ltr'><strong>locum</strong></span> <span class='ocrx_word' id='word_1_168' title='bbox 965 2014 1061 2096; x_wconf 82' lang='lat' dir='ltr'><strong>fugit,</strong></span> <span class='ocrx_word' id='word_1_169' title='bbox 1085 2017 1112 2078; x_wconf 93' lang='lat' dir='ltr'><strong>si</strong></span> <span class='ocrx_word' id='word_1_170' title='bbox 1131 2037 1300 2096; x_wconf 87' lang='lat' dir='ltr'><strong>nunquam</strong></span> <span class='ocrx_word' id='word_1_171' title='bbox 1320 2017 1355 2077; x_wconf 91' lang='lat' dir='ltr'><strong>in</strong></span> 
     </span>
     <span class='ocr_line' id='line_1_20' title="bbox 212 2095 1354 2184; baseline -0.001 -24"><span class='ocrx_word' id='word_1_172' title='bbox 212 2119 303 2165; x_wconf 85' lang='lat' dir='ltr'><strong>suam</strong></span> <span class='ocrx_word' id='word_1_173' title='bbox 323 2097 459 2176; x_wconf 83' lang='lat' dir='ltr'><strong>patriam</strong></span> <span class='ocrx_word' id='word_1_174' title='bbox 481 2121 516 2172; x_wconf 80' lang='lat' dir='ltr'><strong>se</strong></span> <span class='ocrx_word' id='word_1_175' title='bbox 529 2118 741 2182; x_wconf 80' lang='lat' dir='ltr'><strong>reversurum</strong></span> <span class='ocrx_word' id='word_1_176' title='bbox 759 2107 878 2179; x_wconf 84' lang='lat' dir='ltr'><strong>sperat,</strong></span> <span class='ocrx_word' id='word_1_177' title='bbox 908 2095 934 2158; x_wconf 90' lang='lat' dir='ltr'><strong>si</strong></span> <span class='ocrx_word' id='word_1_178' title='bbox 954 2118 988 2158; x_wconf 87' lang='lat' dir='ltr'><strong>se</strong></span> <span class='ocrx_word' id='word_1_179' title='bbox 1009 2097 1171 2160; x_wconf 84' lang='lat' dir='ltr'><strong>abstinere</strong></span> <span class='ocrx_word' id='word_1_180' title='bbox 1193 2100 1259 2159; x_wconf 88' lang='lat' dir='ltr'><strong>non</strong></span> <span class='ocrx_word' id='word_1_181' title='bbox 1283 2108 1354 2184; x_wconf 91' lang='lat' dir='ltr'><strong>pot-</strong></span> 
     </span>
     <span class='ocr_line' id='line_1_21' title="bbox 213 2179 1166 2268; baseline -0.002 -24"><span class='ocrx_word' id='word_1_182' title='bbox 213 2191 273 2268; x_wconf 76' lang='lat' dir='ltr'><strong>est,</strong></span> <span class='ocrx_word' id='word_1_183' title='bbox 296 2181 392 2240; x_wconf 86' lang='lat' dir='ltr'><strong>aliam</strong></span> <span class='ocrx_word' id='word_1_184' title='bbox 413 2203 550 2244; x_wconf 85' lang='lat' dir='ltr'><strong>uxorem</strong></span> <span class='ocrx_word' id='word_1_185' title='bbox 566 2203 642 2244; x_wconf 89' lang='lat' dir='ltr'><strong>cum</strong></span> <span class='ocrx_word' id='word_1_186' title='bbox 661 2179 866 2264; x_wconf 84' lang='lat' dir='ltr'><strong>poenitentia</strong></span> <span class='ocrx_word' id='word_1_187' title='bbox 888 2189 995 2263; x_wconf 89' lang='lat' dir='ltr'><strong>potest</strong></span> <span class='ocrx_word' id='word_1_188' title='bbox 1010 2181 1166 2266; x_wconf 85' lang='lat' dir='ltr'><strong>accipere.</strong></span> 
     </span>
    </p>
   </div>
   <div class='ocr_carea' id='block_1_7' title="bbox 414 2311 1154 2396">
    <p class='ocr_par' dir='ltr' id='par_1_7' title="bbox 414 2311 1154 2396">
     <span class='ocr_line' id='line_1_22' title="bbox 414 2311 1154 2396; baseline 0.003 -24"><span class='ocrx_word' id='word_1_189' title='bbox 414 2314 463 2373; x_wconf 85' lang='lat' dir='ltr'><strong>De</strong></span> <span class='ocrx_word' id='word_1_190' title='bbox 476 2311 557 2396; x_wconf 82' lang='lat' dir='ltr'><strong>filio</strong></span> <span class='ocrx_word' id='word_1_191' title='bbox 578 2313 634 2396; x_wconf 84' lang='lat' dir='ltr'><strong>qui</strong></span> <span class='ocrx_word' id='word_1_192' title='bbox 651 2333 722 2375; x_wconf 84' lang='lat' dir='ltr'><strong>tum</strong></span> <span class='ocrx_word' id='word_1_193' title='bbox 747 2333 887 2375; x_wconf 80' lang='lat' dir='ltr'><strong>noverca</strong></span> <span class='ocrx_word' id='word_1_194' title='bbox 903 2317 1082 2374; x_wconf 77' lang='lat' dir='ltr'><strong>moechatus</strong></span> <span class='ocrx_word' id='word_1_195' title='bbox 1099 2328 1154 2376; x_wconf 82' lang='lat' dir='ltr'><strong>est.</strong></span> 
     </span>
    </p>
   </div>
   <div class='ocr_carea' id='block_1_8' title="bbox 211 2419 1354 2735">
    <p class='ocr_par' dir='ltr' id='par_1_8' title="bbox 211 2419 1354 2735">
     <span class='ocr_line' id='line_1_23' title="bbox 268 2419 1352 2506; baseline -0.003 -22"><span class='ocrx_word' id='word_1_196' title='bbox 268 2431 270 2439; x_wconf 82' lang='grc'>’</span> <span class='ocrx_word' id='word_1_197' title='bbox 298 2424 339 2483; x_wconf 87' lang='grc' dir='ltr'><strong>Χ.</strong></span> <span class='ocrx_word' id='word_1_198' title='bbox 365 2419 400 2482; x_wconf 86' lang='lat' dir='ltr'><strong>si</strong></span> <span class='ocrx_word' id='word_1_199' title='bbox 423 2419 510 2479; x_wconf 88' lang='lat' dir='ltr'><strong>lilius</strong></span> <span class='ocrx_word' id='word_1_200' title='bbox 527 2441 603 2479; x_wconf 90' lang='lat' dir='ltr'><strong>cum</strong></span> <span class='ocrx_word' id='word_1_201' title='bbox 620 2441 760 2482; x_wconf 84' lang='lat' dir='ltr'><strong>noverca</strong></span> <span class='ocrx_word' id='word_1_202' title='bbox 779 2442 836 2481; x_wconf 89' lang='lat' dir='ltr'><strong>sua</strong></span> <span class='ocrx_word' id='word_1_203' title='bbox 855 2441 957 2482; x_wconf 81' lang='lat' dir='ltr'><strong>uxore</strong></span> <span class='ocrx_word' id='word_1_204' title='bbox 977 2419 1076 2506; x_wconf 86' lang='lat' dir='ltr'><strong>patris</strong></span> <span class='ocrx_word' id='word_1_205' title='bbox 1100 2421 1151 2482; x_wconf 92' lang='lat' dir='ltr'><strong>sui</strong></span> <span class='ocrx_word' id='word_1_206' title='bbox 1172 2421 1352 2500; x_wconf 90' lang='lat' dir='ltr'><strong>dormierit,</strong></span> 
     </span>
     <span class='ocr_line' id='line_1_24' title="bbox 214 2503 1352 2587; baseline -0.004 -19"><span class='ocrx_word' id='word_1_207' title='bbox 214 2528 277 2568; x_wconf 90' lang='lat' dir='ltr'><strong>nec</strong></span> <span class='ocrx_word' id='word_1_208' title='bbox 296 2505 354 2566; x_wconf 92' lang='lat' dir='ltr'><strong>ille</strong></span> <span class='ocrx_word' id='word_1_209' title='bbox 379 2523 440 2564; x_wconf 89' lang='lat' dir='ltr'><strong>nec</strong></span> <span class='ocrx_word' id='word_1_210' title='bbox 460 2503 518 2564; x_wconf 89' lang='lat' dir='ltr'><strong>illa</strong></span> <span class='ocrx_word' id='word_1_211' title='bbox 538 2511 681 2584; x_wconf 87' lang='lat' dir='ltr'><strong>possunt·</strong></span> <span class='ocrx_word' id='word_1_212' title='bbox 694 2503 735 2564; x_wconf 87' lang='lat' dir='ltr'><strong>ad</strong></span> <span class='ocrx_word' id='word_1_213' title='bbox 767 2503 957 2587; x_wconf 79' lang='lat' dir='ltr'><strong>coniugium</strong></span> <span class='ocrx_word' id='word_1_214' title='bbox 979 2503 1164 2586; x_wconf 86' lang='lat' dir='ltr'><strong>pervenire.</strong></span> <span class='ocrx_word' id='word_1_215' title='bbox 1208 2503 1273 2565; x_wconf 90' lang='lat' dir='ltr'><strong>Sed</strong></span> <span class='ocrx_word' id='word_1_216' title='bbox 1295 2504 1352 2564; x_wconf 92' lang='lat' dir='ltr'><strong>ille</strong></span> 
     </span>
     <span class='ocr_line' id='line_1_25' title="bbox 211 2585 1354 2670; baseline -0.007 -17"><span class='ocrx_word' id='word_1_217' title='bbox 211 2590 275 2667; x_wconf 77' lang='lat' dir='ltr'><strong>vir,</strong></span> <span class='ocrx_word' id='word_1_218' title='bbox 302 2587 329 2650; x_wconf 91' lang='lat' dir='ltr'><strong>si</strong></span> <span class='ocrx_word' id='word_1_219' title='bbox 346 2585 436 2664; x_wconf 81' lang='lat' dir='ltr'><strong>vult,</strong></span> <span class='ocrx_word' id='word_1_220' title='bbox 457 2593 563 2670; x_wconf 87' lang='lat' dir='ltr'><strong>potest</strong></span> <span class='ocrx_word' id='word_1_221' title='bbox 582 2586 679 2646; x_wconf 85' lang='lat' dir='ltr'><strong>aliam</strong></span> <span class='ocrx_word' id='word_1_222' title='bbox 700 2607 836 2648; x_wconf 84' lang='lat' dir='ltr'><strong>uxorem</strong></span> <span class='ocrx_word' id='word_1_223' title='bbox 858 2587 998 2648; x_wconf 84' lang='lat' dir='ltr'><strong>habere:</strong></span> <span class='ocrx_word' id='word_1_224' title='bbox 1019 2587 1077 2650; x_wconf 87' lang='lat' dir='ltr'><strong>scd</strong></span> <span class='ocrx_word' id='word_1_225' title='bbox 1094 2585 1211 2650; x_wconf 85' lang='lat' dir='ltr'><strong>melius</strong></span> <span class='ocrx_word' id='word_1_226' title='bbox 1229 2596 1278 2648; x_wconf 90' lang='lat' dir='ltr'><strong>est</strong></span> <span class='ocrx_word' id='word_1_227' title='bbox 1296 2587 1354 2646; x_wconf 85' lang='lat' dir='ltr'><strong>ab·</strong></span> 
     </span>
     <span class='ocr_line' id='line_1_26' title="bbox 213 2672 1293 2735; baseline -0.003 0"><span class='ocrx_word' id='word_1_228' title='bbox 213 2672 346 2735; x_wconf 87' lang='lat' dir='ltr'><strong>stinere.</strong></span> <span class='ocrx_word' id='word_1_229' title='bbox 700 2693 702 2698; x_wconf 74' lang='grc'>’</span> <span class='ocrx_word' id='word_1_230' title='bbox 1290 2693 1293 2700; x_wconf 81' lang='grc'><strong>’</strong></span> 
     </span>
    </p>
   </div>
   <div class='ocr_carea' id='block_1_9' title="bbox 156 2803 1355 3270">
    <p class='ocr_par' dir='ltr' id='par_1_9' title="bbox 156 2803 1355 3270">
     <span class='ocr_line' id='line_1_27' title="bbox 156 2803 1325 2890; baseline -0.002 -24"><span class='ocrx_word' id='word_1_231' title='bbox 156 2841 177 2879; x_wconf 61' lang='grc' dir='ltr'><strong>ῃ</strong></span> <span class='ocrx_word' id='word_1_232' title='bbox 239 2805 290 2866; x_wconf 83' lang='lat' dir='ltr'><strong>De</strong></span> <span class='ocrx_word' id='word_1_233' title='bbox 308 2823 345 2865; x_wconf 87' lang='lat' dir='ltr'><strong>eo</strong></span> <span class='ocrx_word' id='word_1_234' title='bbox 360 2804 415 2888; x_wconf 85' lang='lat' dir='ltr'><strong>qui</strong></span> <span class='ocrx_word' id='word_1_235' title='bbox 437 2823 507 2864; x_wconf 86' lang='lat' dir='ltr'><strong>cum</strong></span> <span class='ocrx_word' id='word_1_236' title='bbox 531 2804 683 2890; x_wconf 78' lang='lat' dir='ltr'><strong>privigna</strong></span> <span class='ocrx_word' id='word_1_237' title='bbox 697 2803 759 2884; x_wconf 40' lang='lat' dir='ltr'><strong>vel,</strong></span> <span class='ocrx_word' id='word_1_238' title='bbox 776 2825 846 2866; x_wconf 85' lang='lat' dir='ltr'><strong>cum</strong></span> <span class='ocrx_word' id='word_1_239' title='bbox 867 2806 981 2868; x_wconf 81' lang='lat' dir='ltr'><strong>uxoris</strong></span> <span class='ocrx_word' id='word_1_240' title='bbox 1003 2824 1114 2866; x_wconf 78' lang='lat' dir='ltr'><strong>sorore</strong></span> <span class='ocrx_word' id='word_1_241' title='bbox 1135 2805 1325 2866; x_wconf 82' lang='lat' dir='ltr'><strong>moechatur.</strong></span> 
     </span>
     <span class='ocr_line' id='line_1_28' title="bbox 295 2899 1355 2996; baseline -0.005 -24"><span class='ocrx_word' id='word_1_242' title='bbox 295 2913 351 2988; x_wconf 85' lang='lat' dir='ltr'>XI.</span> <span class='ocrx_word' id='word_1_243' title='bbox 375 2911 410 2974; x_wconf 89' lang='lat' dir='ltr'><strong>si</strong></span> <span class='ocrx_word' id='word_1_244' title='bbox 433 2911 507 2996; x_wconf 90' lang='lat' dir='ltr'><strong>quis</strong></span> <span class='ocrx_word' id='word_1_245' title='bbox 531 2931 606 2973; x_wconf 89' lang='lat' dir='ltr'><strong>cnm</strong></span> <span class='ocrx_word' id='word_1_246' title='bbox 623 2910 756 2974; x_wconf 84' lang='lat' dir='ltr'><strong>filiastra</strong></span> <span class='ocrx_word' id='word_1_247' title='bbox 777 2933 835 2974; x_wconf 86' lang='lat' dir='ltr'><strong>sua</strong></span> <span class='ocrx_word' id='word_1_248' title='bbox 858 2912 1042 2992; x_wconf 85' lang='lat' dir='ltr'><strong>dormierit,</strong></span> <span class='ocrx_word' id='word_1_249' title='bbox 1066 2899 1166 2974; x_wconf 90' lang='lat' dir='ltr'><strong>simili</strong></span> <span class='ocrx_word' id='word_1_250' title='bbox 1191 2909 1355 2972; x_wconf 65' lang='lat' dir='ltr'><strong>sententie</strong></span> 
     </span>
     <span class='ocr_line' id='line_1_29' title="bbox 214 2994 1354 3082; baseline -0.005 -24"><span class='ocrx_word' id='word_1_251' title='bbox 214 3003 297 3058; x_wconf 81' lang='lat' dir='ltr'><strong>stare</strong></span> <span class='ocrx_word' id='word_1_252' title='bbox 328 3001 461 3082; x_wconf 58' lang='lat' dir='ltr'><strong>potest,</strong></span> <span class='ocrx_word' id='word_1_253' title='bbox 477 3001 612 3082; x_wconf 73' lang='lat' dir='ltr'><strong>etcum</strong></span> <span class='ocrx_word' id='word_1_254' title='bbox 640 3013 750 3056; x_wconf 86' lang='lat' dir='ltr'><strong>sorore</strong></span> <span class='ocrx_word' id='word_1_255' title='bbox 777 2996 889 3059; x_wconf 82' lang='lat' dir='ltr'><strong>uxoris</strong></span> <span class='ocrx_word' id='word_1_256' title='bbox 912 3017 997 3082; x_wconf 28' lang='lat' dir='ltr'><strong>suae,</strong></span> <span class='ocrx_word' id='word_1_257' title='bbox 1019 2994 1118 3058; x_wconf 90' lang='lat' dir='ltr'><strong>simili</strong></span> <span class='ocrx_word' id='word_1_258' title='bbox 1141 2995 1237 3060; x_wconf 86' lang='lat' dir='ltr'><strong>modo</strong></span> <span class='ocrx_word' id='word_1_259' title='bbox 1269 3002 1354 3068; x_wconf 86' lang='lat' dir='ltr'><strong>stare</strong></span> 
     </span>
     <span class='ocr_line' id='line_1_30' title="bbox 215 3085 979 3170; baseline -0.007 -30"><span class='ocrx_word' id='word_1_260' title='bbox 215 3087 331 3166; x_wconf 85' lang='lat' dir='ltr'><strong>potest.</strong></span> <span class='ocrx_word' id='word_1_261' title='bbox 567 3089 569 3096; x_wconf 89' lang='lat'>&#39;</span> <span class='ocrx_word' id='word_1_262' title='bbox 806 3159 816 3164; x_wconf 90' lang='lat'><strong>..</strong></span> <span class='ocrx_word' id='word_1_263' title='bbox 902 3085 907 3154; x_wconf 65' lang='lat'>[</span> <span class='ocrx_word' id='word_1_264' title='bbox 953 3161 979 3170; x_wconf 63' lang='lat'><strong>..</strong></span> 
     </span>
     <span class='ocr_line' id='line_1_31' title="bbox 289 3169 1187 3270; baseline -0.003 -22"><span class='ocrx_word' id='word_1_265' title='bbox 289 3211 292 3216; x_wconf 94' lang='lat'>·</span> <span class='ocrx_word' id='word_1_266' title='bbox 374 3169 434 3248; x_wconf 31' lang='lat' dir='ltr'><strong>&#39;Dc</strong></span> <span class='ocrx_word' id='word_1_267' title='bbox 457 3205 494 3245; x_wconf 87' lang='lat' dir='ltr'><strong>eo</strong></span> <span class='ocrx_word' id='word_1_268' title='bbox 518 3186 661 3270; x_wconf 80' lang='lat' dir='ltr'><strong>quicum</strong></span> <span class='ocrx_word' id='word_1_269' title='bbox 681 3179 802 3247; x_wconf 74' lang='lat' dir='ltr'><strong>duabus</strong></span> <span class='ocrx_word' id='word_1_270' title='bbox 824 3187 985 3250; x_wconf 78' lang='lat' dir='ltr'><strong>sororibus</strong></span> <span class='ocrx_word' id='word_1_271' title='bbox 1007 3185 1187 3249; x_wconf 83' lang='lat' dir='ltr'><strong>dormierit.</strong></span> 
     </span>
    </p>
   </div>
   <div class='ocr_carea' id='block_1_10' title="bbox 214 3275 1356 3629">
    <p class='ocr_par' dir='ltr' id='par_1_10' title="bbox 214 3275 1356 3629">
     <span class='ocr_line' id='line_1_32' title="bbox 298 3275 1354 3371; baseline -0.005 -17"><span class='ocrx_word' id='word_1_272' title='bbox 298 3281 372 3354; x_wconf 81' lang='lat' dir='ltr'>XII.</span> <span class='ocrx_word' id='word_1_273' title='bbox 398 3290 465 3370; x_wconf 90' lang='lat' dir='ltr'><strong>Qui</strong></span> <span class='ocrx_word' id='word_1_274' title='bbox 482 3291 651 3356; x_wconf 88' lang='lat' dir='ltr'><strong>dormierit</strong></span> <span class='ocrx_word' id='word_1_275' title='bbox 670 3316 745 3355; x_wconf 89' lang='lat' dir='ltr'><strong>cum</strong></span> <span class='ocrx_word' id='word_1_276' title='bbox 764 3275 888 3356; x_wconf 82' lang='lat' dir='ltr'><strong>duabus</strong></span> <span class='ocrx_word' id='word_1_277' title='bbox 909 3292 1084 3371; x_wconf 87' lang='lat' dir='ltr'><strong>sororibus,</strong></span> <span class='ocrx_word' id='word_1_278' title='bbox 1104 3302 1137 3354; x_wconf 88' lang='lat' dir='ltr'><strong>et</strong></span> <span class='ocrx_word' id='word_1_279' title='bbox 1160 3315 1226 3352; x_wconf 88' lang='lat' dir='ltr'><strong>una</strong></span> <span class='ocrx_word' id='word_1_280' title='bbox 1251 3314 1292 3354; x_wconf 87' lang='lat' dir='ltr'><strong>ex</strong></span> <span class='ocrx_word' id='word_1_281' title='bbox 1315 3291 1354 3350; x_wconf 92' lang='lat' dir='ltr'><strong>il-</strong></span> 
     </span>
     <span class='ocr_line' id='line_1_33' title="bbox 214 3375 1353 3454; baseline -0.005 -16"><span class='ocrx_word' id='word_1_282' title='bbox 214 3376 256 3438; x_wconf 92' lang='lat' dir='ltr'><strong>lis</strong></span> <span class='ocrx_word' id='word_1_283' title='bbox 276 3377 371 3454; x_wconf 71' lang='lat' dir='ltr'><strong>antei</strong></span> <span class='ocrx_word' id='word_1_284' title='bbox 396 3395 481 3436; x_wconf 80' lang='lat' dir='ltr'><strong>uxor</strong></span> <span class='ocrx_word' id='word_1_285' title='bbox 501 3376 614 3454; x_wconf 86' lang='lat' dir='ltr'><strong>fuerit,</strong></span> <span class='ocrx_word' id='word_1_286' title='bbox 635 3376 760 3438; x_wconf 89' lang='lat' dir='ltr'><strong>nullam</strong></span> <span class='ocrx_word' id='word_1_287' title='bbox 781 3397 822 3437; x_wconf 86' lang='lat' dir='ltr'><strong>cx</strong></span> <span class='ocrx_word' id='word_1_288' title='bbox 846 3377 912 3438; x_wconf 88' lang='lat' dir='ltr'><strong>illis</strong></span> <span class='ocrx_word' id='word_1_289' title='bbox 932 3375 1065 3436; x_wconf 87' lang='lat' dir='ltr'><strong>habeat:</strong></span> <span class='ocrx_word' id='word_1_290' title='bbox 1091 3397 1151 3437; x_wconf 89' lang='lat' dir='ltr'><strong>nec</strong></span> <span class='ocrx_word' id='word_1_291' title='bbox 1176 3375 1234 3434; x_wconf 87' lang='lat' dir='ltr'><strong>illa</strong></span> <span class='ocrx_word' id='word_1_292' title='bbox 1257 3375 1353 3435; x_wconf 91' lang='lat' dir='ltr'><strong>adul-</strong></span> 
     </span>
     <span class='ocr_line' id='line_1_34' title="bbox 214 3457 1356 3556; baseline -0.004 -36"><span class='ocrx_word' id='word_1_293' title='bbox 214 3469 285 3556; x_wconf 74' lang='lat' dir='ltr'><strong>tera</strong></span> <span class='ocrx_word' id='word_1_294' title='bbox 301 3477 404 3556; x_wconf 73' lang='lat' dir='ltr'><strong>soror,</strong></span> <span class='ocrx_word' id='word_1_295' title='bbox 427 3478 489 3522; x_wconf 88' lang='lat' dir='ltr'><strong>nec</strong></span> <span class='ocrx_word' id='word_1_296' title='bbox 502 3458 559 3521; x_wconf 91' lang='lat' dir='ltr'><strong>ille</strong></span> <span class='ocrx_word' id='word_1_297' title='bbox 574 3459 626 3526; x_wconf 79' lang='lat' dir='ltr'><strong>vir</strong></span> <span class='ocrx_word' id='word_1_298' title='bbox 639 3460 697 3546; x_wconf 88' lang='lat' dir='ltr'><strong>qui</strong></span> <span class='ocrx_word' id='word_1_299' title='bbox 712 3481 787 3524; x_wconf 85' lang='lat' dir='ltr'><strong>cum</strong></span> <span class='ocrx_word' id='word_1_300' title='bbox 799 3459 857 3522; x_wconf 81' lang='lat' dir='ltr'><strong>illa</strong></span> <span class='ocrx_word' id='word_1_301' title='bbox 878 3457 1082 3538; x_wconf 83' lang='lat' dir='ltr'><strong>adulteravit,</strong></span> <span class='ocrx_word' id='word_1_302' title='bbox 1106 3457 1184 3520; x_wconf 83' lang='lat' dir='ltr'><strong>alios</strong></span> <span class='ocrx_word' id='word_1_303' title='bbox 1210 3463 1356 3540; x_wconf 80' lang='lat' dir='ltr'><strong>unquam</strong></span> 
     </span>
     <span class='ocr_line' id='line_1_35' title="bbox 218 3549 1008 3629; baseline -0.001 -27"><span class='ocrx_word' id='word_1_304' title='bbox 218 3549 389 3629; x_wconf 81' lang='lat' dir='ltr'><strong>acctprant.</strong></span> <span class='ocrx_word' id='word_1_305' title='bbox 1006 3560 1008 3572; x_wconf 91' lang='grc'><strong><em>·</em></strong></span> 
     </span>
    </p>
   </div>
   <div class='ocr_carea' id='block_1_11' title="bbox 274 3673 1300 3760">
    <p class='ocr_par' dir='ltr' id='par_1_11' title="bbox 274 3673 1300 3760">
     <span class='ocr_line' id='line_1_36' title="bbox 274 3673 1300 3760; baseline 0.002 -26"><span class='ocrx_word' id='word_1_306' title='bbox 274 3675 339 3760; x_wconf 82' lang='lat' dir='ltr'><strong>Qui</strong></span> <span class='ocrx_word' id='word_1_307' title='bbox 357 3673 506 3736; x_wconf 72' lang='lat' dir='ltr'><strong>anatllom</strong></span> <span class='ocrx_word' id='word_1_308' title='bbox 522 3674 634 3736; x_wconf 83' lang='lat' dir='ltr'><strong>volens</strong></span> <span class='ocrx_word' id='word_1_309' title='bbox 652 3695 787 3738; x_wconf 80' lang='lat' dir='ltr'><strong>uxorem</strong></span> <span class='ocrx_word' id='word_1_310' title='bbox 806 3674 924 3750; x_wconf 79' lang='lat' dir='ltr'><strong>duxlt,</strong></span> <span class='ocrx_word' id='word_1_311' title='bbox 955 3699 1025 3740; x_wconf 84' lang='lat' dir='ltr'><strong>cum</strong></span> <span class='ocrx_word' id='word_1_312' title='bbox 1051 3700 1088 3738; x_wconf 84' lang='lat' dir='ltr'><strong>ea</strong></span> <span class='ocrx_word' id='word_1_313' title='bbox 1103 3688 1300 3760; x_wconf 83' lang='lat' dir='ltr'><strong>permaneat.</strong></span> 
     </span>
    </p>
   </div>
   <div class='ocr_carea' id='block_1_12' title="bbox 218 3781 1355 3950">
    <p class='ocr_par' dir='ltr' id='par_1_12' title="bbox 218 3781 1355 3950">
     <span class='ocr_line' id='line_1_37' title="bbox 298 3781 1355 3866; baseline 0 -24"><span class='ocrx_word' id='word_1_314' title='bbox 298 3781 387 3843; x_wconf 91' lang='lat' dir='ltr'>XIII.</span> <span class='ocrx_word' id='word_1_315' title='bbox 409 3781 476 3861; x_wconf 87' lang='lat' dir='ltr'><strong>Qui</strong></span> <span class='ocrx_word' id='word_1_316' title='bbox 493 3782 555 3844; x_wconf 87' lang='lat' dir='ltr'><strong>scit</strong></span> <span class='ocrx_word' id='word_1_317' title='bbox 574 3804 709 3845; x_wconf 85' lang='lat' dir='ltr'><strong>uxorem</strong></span> <span class='ocrx_word' id='word_1_318' title='bbox 721 3804 811 3846; x_wconf 86' lang='lat' dir='ltr'><strong>suam</strong></span> <span class='ocrx_word' id='word_1_319' title='bbox 823 3783 975 3846; x_wconf 77' lang='lat' dir='ltr'><strong>ancillam</strong></span> <span class='ocrx_word' id='word_1_320' title='bbox 992 3807 1071 3864; x_wconf 87' lang='lat' dir='ltr'><strong>esse,</strong></span> <span class='ocrx_word' id='word_1_321' title='bbox 1093 3795 1126 3847; x_wconf 88' lang='lat' dir='ltr'><strong>et</strong></span> <span class='ocrx_word' id='word_1_322' title='bbox 1144 3782 1268 3866; x_wconf 86' lang='lat' dir='ltr'><strong>accepit</strong></span> <span class='ocrx_word' id='word_1_323' title='bbox 1283 3804 1355 3844; x_wconf 89' lang='lat' dir='ltr'><strong>eam</strong></span> 
     </span>
     <span class='ocr_line' id='line_1_38' title="bbox 218 3865 1083 3950; baseline -0.002 -20"><span class='ocrx_word' id='word_1_324' title='bbox 218 3865 422 3944; x_wconf 72' lang='lat' dir='ltr'><strong>voluntarie,</strong></span> <span class='ocrx_word' id='word_1_325' title='bbox 449 3887 577 3950; x_wconf 87' lang='lat' dir='ltr'><strong>semper</strong></span> <span class='ocrx_word' id='word_1_326' title='bbox 596 3867 707 3950; x_wconf 74' lang='lat' dir='ltr'><strong>postet</strong></span> <span class='ocrx_word' id='word_1_327' title='bbox 730 3877 918 3950; x_wconf 85' lang='lat' dir='ltr'><strong>permaneat</strong></span> <span class='ocrx_word' id='word_1_328' title='bbox 938 3889 1013 3928; x_wconf 89' lang='lat' dir='ltr'><strong>cnm</strong></span> <span class='ocrx_word' id='word_1_329' title='bbox 1037 3890 1083 3930; x_wconf 89' lang='lat' dir='ltr'><strong>ca.</strong></span> 
     </span>
    </p>
   </div>
   <div class='ocr_carea' id='block_1_13' title="bbox 348 3996 1228 4082">
    <p class='ocr_par' dir='ltr' id='par_1_13' title="bbox 348 3996 1228 4082">
     <span class='ocr_line' id='line_1_39' title="bbox 348 3996 1228 4082; baseline 0.002 -22"><span class='ocrx_word' id='word_1_330' title='bbox 348 3997 391 4060; x_wconf 86' lang='lat' dir='ltr'><strong>Ut</strong></span> <span class='ocrx_word' id='word_1_331' title='bbox 409 3998 448 4061; x_wconf 83' lang='lat' dir='ltr'><strong>cb</strong></span> <span class='ocrx_word' id='word_1_332' title='bbox 466 3996 632 4082; x_wconf 80' lang='lat' dir='ltr'><strong>Episcopis</strong></span> <span class='ocrx_word' id='word_1_333' title='bbox 646 4001 736 4082; x_wconf 78' lang='lat' dir='ltr'><strong>vagis</strong></span> <span class='ocrx_word' id='word_1_334' title='bbox 748 4001 934 4080; x_wconf 83' lang='lat' dir='ltr'><strong>Presbyteri</strong></span> <span class='ocrx_word' id='word_1_335' title='bbox 951 4024 1015 4066; x_wconf 87' lang='lat' dir='ltr'><strong>non</strong></span> <span class='ocrx_word' id='word_1_336' title='bbox 1031 4000 1228 4064; x_wconf 77' lang='lat' dir='ltr'><strong>ordc&#39;ncntur.</strong></span> 
     </span>
    </p>
   </div>
   <div class='ocr_carea' id='block_1_14' title="bbox 218 4099 1355 4340">
    <p class='ocr_par' dir='ltr' id='par_1_14' title="bbox 218 4099 1355 4340">
     <span class='ocr_line' id='line_1_40' title="bbox 302 4099 1354 4196; baseline 0.002 -28"><span class='ocrx_word' id='word_1_337' title='bbox 302 4108 390 4172; x_wconf 78' lang='lat' dir='ltr'><strong>xlv.</strong></span> <span class='ocrx_word' id='word_1_338' title='bbox 412 4109 455 4168; x_wconf 85' lang='lat' dir='ltr'><strong>Ut</strong></span> <span class='ocrx_word' id='word_1_339' title='bbox 471 4107 510 4168; x_wconf 86' lang='lat' dir='ltr'><strong>ab</strong></span> <span class='ocrx_word' id='word_1_340' title='bbox 523 4108 692 4192; x_wconf 81' lang='lat' dir='ltr'><strong>Episcopis</strong></span> <span class='ocrx_word' id='word_1_341' title='bbox 712 4107 949 4186; x_wconf 83' lang='lat' dir='ltr'><strong>ambulantibus</strong></span> <span class='ocrx_word' id='word_1_342' title='bbox 972 4134 1031 4196; x_wconf 86' lang='lat' dir='ltr'><strong>per</strong></span> <span class='ocrx_word' id='word_1_343' title='bbox 1052 4099 1170 4195; x_wconf 78' lang='lat' dir='ltr'><strong>patrias</strong></span> <span class='ocrx_word' id='word_1_344' title='bbox 1190 4109 1354 4170; x_wconf 78' lang='lat' dir='ltr'><strong>ordinatio</strong></span> 
     </span>
     <span class='ocr_line' id='line_1_41' title="bbox 218 4191 1355 4286; baseline -0.003 -32"><span class='ocrx_word' id='word_1_345' title='bbox 218 4191 485 4286; x_wconf 72' lang='lat' dir='ltr'><strong>I&#39;resbytcrorum</strong></span> <span class='ocrx_word' id='word_1_346' title='bbox 508 4213 574 4252; x_wconf 91' lang='lat' dir='ltr'><strong>non</strong></span> <span class='ocrx_word' id='word_1_347' title='bbox 603 4191 666 4256; x_wconf 85' lang='lat' dir='ltr'><strong>fiat.</strong></span> <span class='ocrx_word' id='word_1_348' title='bbox 708 4193 743 4256; x_wconf 83' lang='lat' dir='ltr'><strong>Si</strong></span> <span class='ocrx_word' id='word_1_349' title='bbox 765 4203 874 4258; x_wconf 81' lang='lat' dir='ltr'><strong>autem</strong></span> <span class='ocrx_word' id='word_1_350' title='bbox 896 4193 973 4260; x_wconf 90' lang='lat' dir='ltr'><strong>boni</strong></span> <span class='ocrx_word' id='word_1_351' title='bbox 992 4203 1068 4258; x_wconf 87' lang='lat' dir='ltr'><strong>sunt</strong></span> <span class='ocrx_word' id='word_1_352' title='bbox 1085 4195 1136 4256; x_wconf 90' lang='lat' dir='ltr'><strong>illi</strong></span> <span class='ocrx_word' id='word_1_353' title='bbox 1155 4193 1355 4276; x_wconf 76' lang='lat' dir='ltr'><strong>Presbyteri,</strong></span> 
     </span>
     <span class='ocr_line' id='line_1_42' title="bbox 221 4283 601 4340; baseline 0.005 -6"><span class='ocrx_word' id='word_1_354' title='bbox 221 4283 340 4337; x_wconf 78' lang='lat' dir='ltr'><strong>aterum</strong></span> <span class='ocrx_word' id='word_1_355' title='bbox 359 4283 601 4340; x_wconf 87' lang='lat' dir='ltr'><strong>consecrentur.</strong></span> 
     </span>
    </p>
   </div>
   <div class='ocr_carea' id='block_1_15' title="bbox 0 0 1464 4971">
    <p class='ocr_par' dir='ltr' id='par_1_15' title="bbox 0 0 1464 4971">
     <span class='ocr_line' id='line_1_43' title="bbox 0 0 1464 4971; baseline 0 0"><span class='ocrx_word' id='word_1_356' title='bbox 0 0 1464 4971; x_wconf 95' lang='lat' dir='ltr'><strong> </strong></span> 
     </span>
    </p>
   </div>
  </div>
 </body>
</html>
