2928 4986
200 297 273 370 ³³2
433 319 468 374 s.
488 319 577 378 can.
681 319 938 380 carrrmsrua
1044 320 1105 381 aa

369 457 459 542 Quid
477 462 512 522 in
532 464 759 547 compositione
783 461 930 544 wirgildi
950 460 1026 524 dari
1052 460 1175 522 debeat.

282 565 371 628 vt11.
414 567 451 628 Iu
475 570 742 653 compositionem
759 570 901 655 wirgildi
921 571 1073 632 volumus
1098 578 1137 629 ut
1160 589 1200 630 ea
1224 568 1361 630 dentur

199 667 283 729 qnae
309 648 342 709 in
367 650 439 733 iege
465 651 692 727 continentum
720 665 857 738 excepto
883 653 1037 735 accipitre
1063 661 1095 712 et
1118 655 1235 734 spatii,
1272 651 1358 732 quia

198 739 333 830 propter
359 731 507 830 illanduo
533 734 707 879 aliquoties
736 737 918 820 periurium
945 734 1174 813 committitur,
1210 735 1355 818 quando

199 833 329 877 marono
348 823 444 899 prctu
459 816 556 900 quim
577 819 635 880 sla
653 829 718 882 sint
739 841 807 882 esse
824 820 985 882 iurantur.

484 955 539 1018 Dc
557 966 650 1039 rapta
664 954 841 1016 alienarum
861 973 1056 1040 sponsorum.

281 1057 336 1120 IX.
379 1057 414 1120 si
432 1059 506 1144 quis
522 1083 671 1144 sponsam
686 1061 827 1122 alienam
838 1059 999 1146 rapuerit,
1014 1068 1070 1120 aut
1083 1058 1168 1142 patri
1180 1059 1273 1136 eius,
1289 1067 1347 1117 aut

199 1137 230 1204 ei
252 1141 311 1222 qni
331 1141 457 1224 legibus
482 1141 553 1205 eius
575 1143 729 1206 defensor
751 1165 819 1206 esse
849 1143 969 1220 debet,
997 1164 1075 1204 cum
1092 1163 1151 1204 sua
1173 1142 1251 1225 lege
1274 1163 1348 1206 eam

197 1223 327 1294 reddat;
357 1233 391 1286 et
411 1226 572 1309 quicquid
593 1249 666 1288 cum
693 1247 731 1288 ea
756 1227 887 1305 tulerit,
909 1226 1057 1288 semotim
1076 1247 1345 1308 unamquamque

198 1327 267 1366 rem
282 1307 462 1370 secundnm
485 1309 592 1394 Iegem
612 1307 735 1372 reddat.
777 1310 820 1370 Et
843 1309 869 1372 si
885 1309 948 1370 boc
966 1307 1118 1372 defensor
1133 1308 1205 1370 cias
1220 1329 1345 1390 perpe-

198 1387 276 1450 trari
303 1391 529 1470 consenserit,
565 1402 597 1454 et
625 1393 703 1454 ideo
725 1392 847 1476 raptori
871 1391 954 1452 nibil
988 1411 1144 1472 quaerere
1177 1391 1344 1466 volucrit,

199 1473 315 1534 Comes
327 1472 516 1555 singillatIm
529 1475 569 1536 de
584 1496 779 1557 unaquaque
796 1497 830 1536 rc
846 1475 937 1536 freda
954 1483 1060 1534 nostra
1076 1473 1114 1533 ab
1131 1496 1170 1534 eo
1190 1483 1343 1534 exactare

198 1553 304 1616 saciat
347 1555 473 1640 Sponsa
494 1579 574 1620 vcro
595 1559 701 1642 Iegem
722 1581 811 1619 suam
834 1565 1027 1640 componat,
1052 1565 1086 1617 et
1104 1557 1241 1638 iusuper
1259 1557 1343 1616 bau-

199 1657 278 1698 num
299 1645 464 1718 nostrum,
490 1639 613 1717 idest,
636 1639 802 1724 sexaginta
823 1641 944 1702 solidos
965 1639 1091 1716 solvat,
1114 1639 1167 1702 vel
1188 1639 1223 1698 in
1246 1661 1344 1721 prae-

199 1720 334 1781 sentiam
353 1730 494 1784 nostram
515 1724 631 1784 Comes
656 1745 732 1785 eum
757 1722 917 1784 adven-ire
937 1721 1054 1792 faciat,
1074 1733 1107 1782 et
1120 1732 1247 1804 quanto
1264 1731 1344 1782 tem-

223 1824 278 1865 ore
301 1803 393 1866 nobis
445 1805 583 1868 iacuerit
605 1807 643 1866 in
664 1805 764 1870 exilio
789 1815 938 1884 mancat,
969 1814 1002 1867 et
1021 1801 1111 1866 iIIam
1132 1805 1293 1866 feminam
1311 1805 1347 1865 ci

198 1825 319 1948 babere
339 1907 405 1948 non
421 1827 533 1952 iiceat

486 2007 542 2069 Dc
553 2003 653 2086 falsis
673 2006 803 2068 testibus
821 2003 1058 2066 convincendis.

281 2111 321 2170 X.
362 2109 397 2172 Si
420 2111 494 2194 quis
522 2131 600 2174 eum
617 2113 719 2174 altero
745 2111 785 2174 de
807 2110 955 2194 qnalibet
976 2133 1072 2174 causa
1091 2114 1347 2176 contentionem

198 2191 370 2267 babuerit,
392 2203 426 2255 et
446 2203 543 2256 testes
566 2205 678 2256 contra
695 2217 771 2256 eum
785 2215 846 2276 per
860 2193 1021 2256 iudicium
1031 2195 1181 2276 producti
1196 2196 1341 2272 fuerint,

199 2277 227 2338 si
252 2275 308 2336 ilie
334 2277 432 2339 iaIsos
454 2299 509 2338 eos
529 2299 596 2339 esse
617 2278 819 2361 suspicatur,
845 2277 944 2338 liceat
961 2277 991 2338 ei
1018 2277 1098 2340 alios
1115 2287 1232 2354 testes,
1257 2301 1343 2359 quos

199 2358 351 2420 meliores
365 2359 523 2441 potuerit.
540 2371 657 2422 contra
667 2383 720 2424 eos
734 2381 898 2442 opponere
910 2405 920 2438 ,
934 2370 969 2421 ut
980 2360 1143 2422 vemcium
1153 2363 1346 2422 testimonia

198 2441 354 2503 falsorum
367 2443 496 2504 testium
510 2444 704 2526 perversitas
721 2439 901 2526 superetur.
943 2445 1039 2520 Quod
1058 2442 1084 2502 si
1101 2443 1210 2504 ambae
1231 2455 1343 2526 partes

198 2524 331 2586 testium
349 2524 393 2584 ita
410 2525 498 2586 inter
515 2548 549 2589 se
568 2527 798 2602 dissenserint,
817 2534 852 2585 ut
871 2526 1058 2588 nullatenirs
1075 2546 1227 2606 unapars
1243 2527 1342 2586 alteri

199 2606 316 2671 cedere
334 2606 377 2688 s)
397 2609 497 2684 velit,
522 2608 686 2691 abigantur
711 2609 776 2671 cluo
797 2629 838 2669 ex
863 2608 963 2686 ipsis,
991 2609 1024 2670 id
1048 2615 1115 2683 est,
1138 2629 1178 2668 ex
1199 2619 1343 2690 utraque

198 2697 290 2775 parte
316 2711 419 2766 uuus,
445 2691 502 2772 qui
531 2713 605 2752 cum
627 2691 726 2754 scutis
749 2700 782 2752 et
806 2691 944 2752 fustibus
970 2691 1004 2750 in
1030 2711 1141 2772 campo
1168 2692 1344 2753 decertent

199 2781 273 2834 ntra
289 2793 361 2855 pars
387 2774 576 2851 falsitatem,
601 2785 673 2836 utra
692 2775 861 2836 veritatem
882 2795 940 2834 suo
962 2774 1146 2836 testimonio
1173 2784 1343 2854 sequatur.

198 2857 243 2918 Et
260 2855 421 2937 campioni
441 2857 499 2938 qui
525 2859 629 2920 victus
651 2857 768 2934 faerit,
790 2865 923 2938 propter
942 2858 1121 2938 periurium
1146 2859 1236 2938 quod
1265 2866 1346 2916 ante

199 2959 341 3024 pugnam
370 2939 547 3018 commisit,
577 2940 710 3002 dextera
731 2961 845 3000 manus
869 2949 1066 3021 imputetur.
1109 2941 1235 3002 Caeteri
1262 2962 1344 3000 vero

200 3021 345 3084 ciusdem
358 3022 458 3104 partIs
472 3031 584 3096 testea,
607 3024 683 3106 quia
705 3023 776 3084 falsi
794 3022 1020 3104 apparuerint,
1040 3045 1152 3084 manus
1170 3021 1344 3083 suasrcdi-

199 3113 310 3166 mant:
330 3105 423 3166 cuius
439 3106 681 3186 compositionis
703 3105 784 3166 duae
802 3114 908 3186 partes
930 3105 960 3163 ei
981 3115 1093 3166 contra
1111 3127 1209 3184 quem
1231 3104 1342 3165 testati

199 3196 293 3263 sunt,
312 3187 448 3264 dentur,
464 3188 558 3248 tertia
580 3211 637 3270 pro
655 3187 749 3271 fredo
763 3188 915 3249 solvatur.
938 3189 980 3248 Et
999 3188 1033 3247 in
1053 3187 1192 3248 seculari
1205 3187 1344 3270 quidem

200 3293 295 3332 causa
310 3269 533 3331 huiuscemodi
554 3272 685 3332 testium
704 3269 871 3332 diversitas
892 3291 1004 3351 campo
1021 3271 1259 3351 comprobetur.
1302 3270 1344 3328 Iu

166 3347 174 3364 '
199 3351 428 3416 ecclesiasticis
443 3353 684 3430 autemcausis,
700 3353 753 3412 ubi
770 3351 808 3412 sle
820 3374 884 3412 uua
900 3361 988 3433 parte
1003 3353 1166 3430 seculare,
1183 3351 1223 3413 de
1239 3352 1345 3412 altera

199 3458 278 3498 vcro
292 3435 546 3498 ecciesiastIcum
562 3436 728 3518 negotium
742 3442 807 3510 est,
828 3433 914 3494 idem
930 3435 1042 3496 modus
1057 3437 1255 3496 observetur.
1278 3433 1344 3492 Ubi

201 3541 281 3582 vero
303 3540 343 3580 ex
355 3529 490 3601 utraque
505 3530 595 3602 parte
608 3517 862 3580 ecclesiasticum
876 3517 992 3594 fuerit,
1007 3529 1149 3579 rectores
1164 3515 1346 3576 earundem

199 3601 436 3680 Ecclesiam,
458 3603 484 3663 si
500 3625 533 3664 se
550 3600 753 3662 familiariter
768 3599 938 3682 pacificare
954 3599 1075 3678 velint,
1098 3599 1268 3660 licentiam
1280 3597 1345 3657 ba-

199 3684 307 3746 beant.
337 3683 370 3746 si
385 3695 492 3746 autem
501 3686 593 3767 ngde
609 3681 835 3744 huiuscemodi
848 3681 1070 3763 pacificatione
1089 3682 1175 3742 inter
1193 3703 1247 3742 eos
1265 3701 1348 3741 con-

201 3766 315 3828 venire
330 3789 393 3828 non
408 3768 523 3850 possit,
539 3766 684 3828 advocati
699 3787 813 3826 eorum
827 3763 862 3822 in
876 3765 973 3824 mallo
985 3765 1123 3848 publica
1136 3765 1177 3825 ad
1192 3785 1348 3846 praesen·

200 3851 278 3909 tiam
293 3849 426 3910 Comitis
441 3851 590 3926 veniant,
607 3859 639 3910 ct
653 3849 698 3909 ibi
715 3847 877 3931 legitimus
895 3849 1053 3908 terminus
1072 3869 1185 3908 eorum
1203 3855 1347 3907 conteu-

202 3933 345 3992 tiuuibas
378 3933 572 4014 imponatur.
638 3933 751 3992 Testes
782 3949 861 3990 vero
901 3929 941 3990 dc
968 3931 1112 4012 qualibet
1148 3951 1243 3990 causa
1277 3949 1346 3988 non

202 4015 334 4076 aliundis
362 4026 562 4098 quaerantur
589 4013 651 4079 nisi
675 4013 714 4076 de
738 4013 811 4097 ipsa
837 4013 992 4079 comitata·
1021 4013 1054 4073 iu
1083 4034 1148 4095 quo
1174 4033 1225 4074 res
1254 4011 1368 4084 unde,

205 4174 513 4188 -···-—-·------——-

229 4259 272 4330 s)
291 4259 324 4308 at.
344 4277 390 4311 ms.
412 4259 532 4313 cr'cciere.
807 4265 844 4329 g)
867 4257 900 4309 aI.
919 4275 965 4311 ms.
984 4258 1014 4312 Si
1030 4269 1130 4312 tomen-
