2952 4988
440 322 477 380 A.
494 316 587 376 cfln.
689 309 950 374 cneltutnuln
1041 320 1105 379 805.

188 304 262 378 208

450 460 499 521 De
525 457 775 520 incantatoribus
799 471 830 519 et
850 462 1070 544 tempestariis.

202 591 205 598 ·
270 569 377 636 XXV.
417 570 466 630 De
487 565 773 645 incantationibus,
798 568 953 650 aiiguriis,
983 570 1037 630 vel
1062 569 1341 654 divinationibus,

191 668 225 722 et
244 657 285 718 de
304 653 357 714 his
381 652 438 732 qni
458 659 663 733 tempestates
686 649 739 712 vel
767 651 829 710 eliu
854 651 1012 712 maleficia
1039 653 1183 724 faciunt,
1210 657 1343 738 placuit

189 749 302 804 sancto
324 733 476 798 Concilio
498 743 533 794 ut
551 734 739 814 ubicunque
765 733 961 816 deprehensi
985 735 1120 815 fuerint,
1144 739 1257 799 videat
1274 743 1342 801 Ar-

190 821 415 906 chipresbyter
446 817 603 878 dioecesis
627 817 716 877 illius
746 826 782 876 ut
814 817 1060 900 diligentissimi
1093 821 1339 885 examinatione

191 903 467 984 coustringuntur,
489 899 515 960 si
538 899 622 960 farte
650 898 867 960 confiteantur
883 900 1042 962 mulorum
1056 925 1138 984 quae
1155 918 1339 986 gesserunt.

100 1057 102 1064 ,
191 988 257 1052 Sed
284 986 339 1047 tuli
364 983 586 1046 moderatione
608 981 662 1042 fiat
686 981 797 1043 eadem
821 983 979 1044 districtio
1006 1005 1047 1045 ne
1068 986 1167 1046 vitum
1187 990 1337 1069 perdant,

191 1071 250 1135 sed
266 1079 303 1131 ut
319 1069 486 1130 salventur
506 1065 539 1126 in
562 1087 691 1127 carcere
710 1063 823 1126 al'llieti
839 1087 943 1148 usque
963 1067 1052 1144 duan
1077 1071 1147 1130 Deo
1172 1071 1340 1153 inspiran-

169 1143 242 1232 'te,
268 1151 449 1234 spondeant
473 1149 734 1210 emendationem
767 1159 990 1230 peccatorum:
1019 1159 1053 1210 et
1081 1161 1118 1212 ut
1147 1154 1339 1217 nullatenius

191 1231 761 1324 peraliquap1·aemiadComitibus
778 1233 830 1292 vel
846 1233 1050 1294 Centenariis
1067 1235 1188 1316 absque
1206 1237 1339 1298 distric-

192 1331 226 1380 ta
250 1316 488 1380 examinatione
505 1314 720 1377 remittantur.
773 1315 815 1374 Et
832 1314 894 1376 hoc
917 1316 944 1376 si
972 1317 1341 1401 fecerint,Arcl1ipres-

192 1401 320 1484 hylari,
345 1399 421 1459 dum
450 1398 512 1459 hoc
536 1398 771 1478 cognoverint,
802 1418 1008 1479 nequaquam
1032 1400 1201 1484 Episcopis
1230 1405 1338 1464 celare

194 1485 350 1552 undenum
389 1491 422 1543 ct
449 1482 488 1543 ab
514 1479 701 1566 Episcopis,
739 1489 776 1540 ut
808 1481 1027 1564 dignumst,
1055 1505 1115 1566 pro
1142 1484 1205 1546 hoc
1229 1487 1341 1548 corri-

147 1568 152 1579 ‘
194 1567 337 1651 piantur.

379 1743 646 1806 CAPITULARE
668 1745 863 1808 TERTIUM
883 1747 984 1808 ANNI
1004 1748 1161 1812 DCCCV.

321 1878 406 1952 Sive
432 1879 544 1952 altere
573 1861 685 1954 editio
710 1886 909 1978 superioris
935 1883 1143 1979 capitularis
1164 1883 1218 1982 u).

530 2026 600 2099 Aa
625 2053 751 2100 omnes
772 2035 1011 2124 generaliter.
1112 2027 1115 2033 ⁵

487 2172 636 2233 lnnex
678 2174 1054 2238 Gariannonum

801 2335 846 2376 12.
868 2316 917 2378 De
940 2317 1135 2378 iuramentis.

801 2423 847 2484 13.
869 2423 918 2483 De
934 2427 1086 2507 periuriis
1109 2438 1141 2485 ct
1162 2426 1304 2487 testibus.

802 2531 848 2606 ab.
870 2531 919 2590 De
934 2531 1110 2593 Advocatio
1125 2547 1156 2593 et
1168 2533 1348 2596 Iudicibus.

803 2636 848 2700 15.
871 2637 920 2696 De
939 2627 1082 2700 teloneis.

224 2319 250 2360 ¹·
271 2263 325 2362 D
326 2336 342 2376 e
359 2335 438 2400 pace
459 2311 628 2374 sermondo.

219 2445 250 2486 2.
272 2425 321 2485 De
336 2409 473 2483 ¹iustitiis
496 2419 704 2502 generalibus.

219 2539 250 2602 3.
278 2539 321 2602 Ut
354 2537 491 2610 uiduae,
529 2536 682 2620 orphani,
717 2546 749 2594 et

279 2641 436 2708 pauperes
467 2641 535 2682 non
565 2618 748 2704 despician-

288 2719 349 2766 W·
767 2749 769 2754 '
802 2745 848 2807 16.
869 2746 918 2805 De
934 2745 1088 2826 fugitiuis
1117 2746 1252 2809 Cleriais
1276 2749 1349 2808 sive

884 2829 985 2888 inicia.

803 2957 848 3018 ¹7·
869 2936 918 2996 De
946 2937 1055 2997 liberis
1088 2937 1267 3002 bominibus
1303 2939 1352 2998 ad

880 3021 1047 3079 seruitium
1075 3019 1138 3080 Dei
1159 3041 1192 3080 se
1219 3020 1350 3082 traden-

880 3103 974 3164 tibus.
1178 3109 1181 3116 '

219 2822 252 2900 4.
274 2821 324 2880 De
340 2818 461 2917 iustitia
477 2817 597 2878 Domni
610 2815 750 2904 Impera·

286 2917 377 2964 toris.

224 3020 253 3085 5.
276 3020 325 3079 De
339 3015 444 3098 same,
469 3013 583 3084 clade,
611 3024 641 3073 et
655 3012 750 3098 pesti-

286 3103 398 3172 lentio,
419 3100 448 3160 si
465 3097 615 3158 evenerit.

223 3209 254 3272 6.
276 3209 325 3269 De
349 3204 544 3268 sublevando
568 3205 751 3264 necessitate

284 3311 462 3378 pauperum
480 3301 619 3370 tempore
629 3285 741 3374 samis.

227 3423 256 3484 7.
277 3399 327 3460 De
342 3398 439 3458 armis
458 3415 521 3456 nou
532 3391 711 3477 portandis.

226 3509 257 3574 8.
283 3507 326 3570 Ut
359 3505 400 3565 de
430 3501 601 3563 duodecim
637 3500 755 3560 mansis

290 3590 402 3652 brunia
430 3586 590 3646 habeatur.

227 3717 258 3785 9.
280 3696 329 3756 De
349 3693 615 3776 negotiatoribus,
644 3710 756 3774 quous·

291 3799 350 3862 que
370 3776 556 3862 procedant.

212 3905 260 3949 so.
283 3886 333 3946 De
350 3883 573 3946 clamatoribus
589 3881 644 3942 vel
657 3881 757 3942 causi-

296 3968 388 4030 dicis.

214 4073 261 4113 11.
273 4051 333 4120 ,De
355 4051 531 4110 iuramento
548 4044 726 4130 infantium.

213 4193 476 4214 W

806 3217 851 3281 18.
873 3218 922 3277 De
943 3183 1144 3300 oppressione
1159 3239 1349 3304 pauperum.

807 3357 853 3419 19.
874 3335 924 3396 De
957 3334 1110 3394 Eeclesiis
1141 3355 1195 3394 seu
1220 3333 1351 3396 Sanctis

886 3419 1014 3479 noviter
1029 3419 1176 3478 inuentis.

805 3555 855 3596 20.
878 3511 932 3594 De'
936 3531 1037 3614 falsis
1060 3534 1202 3593 monetis.

806 3664 854 3703 21.
877 3641 926 3701 De
951 3617 1132 3701 heribanno.
1175 3709 1177 3713 ¹

805 3769 855 3808 22.
877 3747 926 3806 De
942 3766 1036 3806 censu
1049 3746 1158 3825 regali.
1207 3751 1208 3754 ’
1320 3815 1325 3824 ,

804 3855 854 3916 23.
875 3853 924 3913 De
944 3853 1129 3930 latronibus.

808 3961 858 4040 24.
879 3961 928 4022 De
943 3957 1053 4022 liberis
1068 3959 1246 4021 bominibus
1266 3979 1350 4020 uoco-

891 4065 940 4114 res
948 4043 1120 4130 fiscalinas
1135 4043 1330 4105 habentibus.

248 4271 282 4332 a)
298 4265 417 4354 Primum
436 4262 522 4319 edidit
540 4261 668 4328 baluzius
687 4257 827 4338 ex-vtribus
845 4255 965 4331 antiquis
984 4254 1070 4312 Codd
1089 4273 1150 4314 mss.

1095 4501 1099 4506 ⁸
1133 4532 1145 4568 r
