2958 4986
210 344 247 400 a
269 341 358 399 can.
469 337 605 414 moun
630 333 879 400 saanooaun.
986 330 1080 410 ne¹
1177 313 1247 390 123

99 483 186 550 mibi
211 499 404 564 responsum
418 477 537 541 habeas
553 477 688 564 referre.
730 477 993 542 DominusDeus
1021 473 1120 538 ducat
1145 485 1191 556 te,
1220 487 1255 542 ct

100 570 226 651 dirigat
240 566 275 626 in
294 563 382 625 omni
396 561 542 623 bonitate
560 583 618 622 cor
634 559 735 641 illius,
754 571 791 623 ut
805 561 928 624 faciens
954 559 1051 622 faciat
1072 559 1162 642 quod
1182 583 1253 623 san·

101 660 177 714 ct'ac
199 669 276 712 suae
298 645 446 729 proficiat
464 643 641 723 Ecclesiae,
669 652 706 704 ut
732 645 774 706 sit
793 645 885 706 nobis
911 643 985 727 pius
1005 651 1107 726 pater,
1129 653 1163 704 et
1181 666 1256 727 pro·

102 731 201 796 nobis
216 728 411 816 praecipuus
433 727 646 799 intercessor;
668 736 705 788 ut
719 728 807 790 idem
820 730 909 790 Deus
925 737 957 789 et
968 725 1128 790 Dominus
1144 736 1256 788 noster
1360 739 1365 764 ¹

103 819 198 878 Iesus
215 813 363 877 Christus
378 832 436 872 nos
457 810 490 869 in
518 831 574 870 sua
599 807 715 872 florere
739 811 838 872 faciat
859 811 1041 887 voluntate,
1068 816 1101 869 et
1123 829 1258 871 cursum

104 899 168 981 qui
184 903 329 981 superest
351 893 445 954 nohis
464 891 550 954 vitae
569 901 696 954 nostrae
714 894 754 955 ad
770 901 946 978 perpetuae
964 889 1256 974 stabilitatisqaie·

106 979 368 1064 temperducere
390 976 553 1058 dignetur.
594 975 685 1040 Vade
704 998 780 1039 cum
802 976 1013 1059 prosperitate
1027 972 1202 1060 proficiens
1219 973 1255 1035 in

109 1063 260 1142 veritate,
274 1081 466 1124 reversurus
487 1079 561 1122 cum
575 1058 707 1142 gaudio,
728 1058 924 1129 Homericae
941 1079 1034 1146 puer.

211 1257 480 1323 EPISTOLA
515 1255 838 1321 suttonam
864 1255 922 1320 111.
958 1255 1161 1338 PAPAM,

161 1372 277 1446 Missa
309 1392 377 1465 per
413 1368 669 1462 Angilbertum
712 1369 889 1443 Abbatem
931 1368 1205 1442 centulensem.

112 1505 302 1638 Karoura,
327 1557 426 1643 gratid
442 1557 505 1620 Dei
522 1559 592 1620 Rex
611 1557 814 1620 Francorum
842 1561 874 1620 et
893 1555 1194 1642 Longobardorum,
1217 1579 1256 1624 ac

111 1643 274 1710 Patricius
291 1645 521 1718 Romanorum,
542 1642 645 1702 Leoni
664 1643 770 1725 Papae
787 1652 962 1739 perpetuae
983 1641 1195 1704 beatitudinis
1221 1641 1257 1702 in

113 1729 245 1790 Christo
261 1727 407 1788 salutem.
449 1725 607 1786 Perleotis
627 1727 841 1788 excellentiae
860 1734 985 1788 vestrae
1003 1723 1122 1786 litteris
1146 1734 1180 1787 et
1203 1747 1259 1786 an-

115 1813 181 1872 dita
213 1808 367 1870 decretali
396 1807 552 1884 chartula,
579 1808 686 1886 valde,
711 1817 747 1870 ut
771 1809 885 1886 fateor,
918 1806 1020 1890 gavisi
1046 1830 1167 1886 sumus,
1199 1829 1259 1870 seu

115 1896 151 1954 in
168 1891 337 1954 electionis
353 1890 579 1964 unanimitate,
601 1912 659 1952 seu
684 1891 717 1950 in
735 1890 927 1952 humilitatis
950 1898 1074 1952 vestrae
1103 1890 1260 1954 obedien·

114 1977 174 2054 tia,
194 1985 226 2035 et
244 1973 278 2034 in
300 1973 522 2058 promissionis
540 1974 580 2034 ad
604 1995 663 2035 nos
684 1973 850 2036 fidelitate.
893 1975 931 2034 ln
958 1971 1077 2056 quibus
1108 1972 1258 2035 omnibus

116 2081 160 2120 ex
184 2057 298 2118 intimo
314 2056 421 2119 cordis
443 2055 559 2118 affectu
591 2055 722 2118 divinae
743 2056 857 2140 pietati
886 2056 1008 2139 agimus
1030 2055 1158 2139 gratias,
1181 2056 1259 2140 quia

118 2141 213 2202 nobis
229 2149 301 2222 post
317 2138 525 2222 lacrymabile
540 2139 662 2200 doloris
681 2139 801 2202 vulnus
819 2140 908 2222 quod
927 2139 1052 2200 animae
1069 2149 1196 2200 nostrae
1211 2138 1260 2201 di·

119 2223 285 2286 lectissimi
303 2223 403 2305 patris
419 2231 452 2284 et
465 2221 644 2284 fidelissimi
661 2223 755 2284 amici
778 2223 884 2292 obitus
907 2220 1038 2300 inflixit,
1058 2221 1122 2282 tale
1140 2223 1174 2282 in
1197 2243 1258 2283 vo·
1333 2253 1334 2258 1

119 2307 170 2368 bis
183 2305 276 2367 solita
293 2326 369 2367 suae
393 2306 583 2366 clementiae
596 2306 805 2388 providentia
817 2305 969 2368 solatium
984 2305 1165 2386 perdonare
1186 2303 1258 2386 dig-

122 2395 313 2452 natusest
334 2388 429 2449 Unde
448 2397 481 2450 et
508 2398 638 2450 vestrae
659 2388 820 2450 sanctitati
848 2387 941 2472 quasi
964 2387 1086 2451 vicario
1116 2386 1259 2447 laetitiae

120 2492 270 2546 munere,
283 2471 503 2554 pereiusdem
522 2470 585 2532 Dei
606 2479 639 2532 et
657 2471 790 2532 Domini
812 2471 927 2534 -nostri
954 2471 1029 2532 Iesu
1046 2469 1172 2532 ¹Christi
1196 2468 1260 2530 mi·

121 2553 343 2630 sericordiam,
364 2554 426 2636 qui
439 2563 569 2618 sanctae
590 2576 668 2617 suae
687 2555 854 2618 Ecclesiae
874 2555 908 2615 in
932 2563 1061 2626 ,vestrae
1088 2551 1261 2616 beatitudi-

45 2653 47 2659 ’
120 2637 173 2698 nis
190 2637 385 2698 exaltatione
402 2635 579 2714 consuluit,
594 2647 735 2698 nostram
747 2638 957 2720 omniumque
973 2635 1119 2698 fidelium
1137 2645 1263 2698 nostro-

119 2742 196 2782 rum
215 2719 445 2780 demandamus
463 2720 720 2803 prosperitatem,
737 2742 866 2784 necnon
885 2729 918 2781 et
939 2719 1108 2803 pacificam
1136 2720 1170 2780 in
1197 2715 1261 2780 Dei

121 2803 291 2865 voluntate
310 2801 410 2863 totius
432 2804 525 2886 regni
548 2803 650 2865 nostri
676 2804 907 2866 innotescimus
933 2802 1190 2879 unanimitatem,
1223 2806 1261 2860 ut

120 2885 225 2967 aeque
243 2883 277 2944 in
298 2894 425 2946 nostrae
443 2885 627 2948 devotionis
649 2888 812 2968 gaudeatis
832 2886 917 2948 sicut
933 2895 965 2947 et
991 2907 1050 2947 nos
1076 2883 1261 2947 in'vestrae

121 2967 300 3043 sanctitatis
334 2968 492 3028 laetamur
517 2970 728 3032 successibus.
771 2970 836 3033 Sed
869 2977 903 3030 et
933 2968 996 3030 hoc
1026 2977 1152 3032 vestrae
1184 2987 1260 3028 san-

121 3049 282 3112 ctissimae
302 3050 553 3113 benevolentiae
576 3051 818 3131 innotescimus,
849 3051 939 3136 qubd
966 3052 1040 3114 clam
1074 3049 1261 3112 dilectionis

121 3155 259 3194 munera
295 3133 380 3216 patri
409 3153 482 3194 meo
509 3133 695 3196 dulcissimo
719 3133 958 3218 praedecessori
989 3144 1097 3195 vestro
1120 3133 1261 3216 dirigere

120 3237 322 3298 paraveram,
340 3226 376 3277 ut
399 3215 538 3279 caritatis
553 3239 649 3300 quam
671 3218 705 3278 in
722 3239 761 3279 eo
782 3217 881 3278 habui
897 3215 1141 3278 munificentiae
1161 3215 1262 3298 largi·

122 3307 186 3358 tate
217 3310 429 3374 monstrarem
457 3299 725 3383 magnitudinem,
748 3309 780 3362 et
800 3300 1005 3363 suavissimae
1029 3300 1189 3361 internos
1216 3299 1263 3357 fa-

121 3381 315 3444 miliaritatis
329 3381 464 3443 fidelitas
489 3383 666 3447 multorum
685 3385 910 3445 ostenderetur
931 3381 1045 3460 oculis,
1072 3403 1148 3443 eece
1177 3380 1263 3442 subi·

120 3463 156 3525 tt
178 3465 267 3544 quod
286 3465 356 3526 sine
373 3463 485 3526 dolore
505 3487 571 3528 non
590 3465 704 3544 dicam,
723 3467 793 3528 sine
810 3465 959 3548 lacrymis
977 3485 1043 3528 non
1060 3465 1165 3546 cogito
1183 3481 1262 3548 prae

122 3545 264 3625 tristitia,
285 3549 392 3609 obitus
412 3546 502 3610 illius
516 3549 678 3632 legatione
700 3559 924 3610 consternatus
942 3571 1030 3619 sum;
1054 3557 1087 3608 et
1106 3547 1161 3607 ubi
1192 3549 1263 3606 lae·
1354 3553 1357 3565 ⁴

121 3628 211 3690 tiliae
228 3651 417 3712 paraveram
432 3629 583 3714 insignia,
607 3631 653 3692 ibi
671 3654 722 3693 me
749 3631 897 3693 tristitiae
922 3631 1140 3692 turbaverunt
1162 3630 1260 3710 lugu·
1323 3687 1325 3692 ,

119 3711 200 3771 bria.
241 3713 312 3774 Etsi
334 3713 507 3796 Apostolus
529 3715 725 3776 demortuis
752 3713 936 3776 contristari
963 3710 1125 3795 prohibet,
1151 3711 1261 3772 tamen

121 3793 236 3856 caritas
257 3795 413 3878 lacrymas
437 3795 556 3858 elicere
569 3807 767 3867 noncessat.
786 3798 858 3858 Non
877 3797 969 3877 quasi
985 3805 1148 3856 mortuum
1166 3794 1261 3875 plan-

120 3885 254 3958 gentes„
267 3879 324 3939 sed
341 3880 433 3960 quasi
447 3878 563 3940 mcliias
585 3877 660 3941 cum
689 3879 816 3941 Christo
841 3879 1008 3940 viventem
1039 3877 1260 3958 recordantes,

119 3958 146 4019 si
165 3979 223 4020 nos
243 3961 403 4044 corporali
420 3962 601 4046 praesentiat
615 3961 766 4042 amisisse,
786 3983 852 4023 non
871 3971 978 4022 tamen
993 3959 1128 4044 spiritali
1145 3953 1260 4020 suffra-

120 4041 174 4123 gio
193 4041 288 4102 illum
309 4066 367 4118 nos
381 4047 527 4106 amittere
543 4045 745 4106 arbitramur.
787 4045 853 4106 Sed
881 4055 1035 4126 magnum
1065 4040 1177 4104 divina
1205 4061 1262 4100 no·

118 4123 169 4183 bis
180 4127 390 4206 praevidebat
405 4127 506 4208 gratia
524 4129 683 4206 solatium,
707 4127 785 4188 dum
814 4149 882 4205 vos,
915 4128 976 4189 Vir
1000 4124 1199 4200 venerande,
1225 4123 1259 4182 in

120 4205 229 4269 locum
246 4209 341 4270 illius
368 4210 567 4292 subrogavit,
589 4221 625 4270 ut
650 4220 734 4273 esset
760 4209 818 4292 qui
839 4207 986 4291 quotidie
1016 4208 1102 4291 apud
1130 4207 1262 4268 beatum

120 4288 265 4371 Petrum,
293 4292 476 4379 prinoipem
490 4292 728 4378 Apostolorum,
748 4316 807 4377 pro
827 4293 928 4355 totius
949 4290 1114 4363 Ecclesiae
1138 4288 1263 4352 stabili-
