2928 4986
164 277 236 350 398
412 297 447 356 a,
473 295 560 351 can.
667 297 924 354 cantarana
1029 296 1091 360 834.

162 437 270 498 lenter
294 435 422 520 ingredi
455 435 494 498 ad
520 437 781 499 coiitnrbandum
807 461 944 520 regnum
977 438 1048 500 eins
1078 438 1130 500 vel
1162 437 1313 500 marchas

162 521 371 591 minuendas3
402 521 459 582 sed
482 523 591 602 potins
615 521 746 582 adiuvet
769 524 992 603 unusquisque
1018 521 1152 582 illorum
1174 524 1314 582 fratrem

161 625 276 681 suum,
298 623 358 685 pro
381 613 418 663 ut
439 606 593 686 temporis
614 605 837 688 opportunitas
861 604 1060 686 permiserit,
1092 615 1124 664 et
1148 606 1315 664 auxilium

161 687 192 750 ei
208 687 293 748 ferat
310 695 424 747 contra
446 687 595 750 inimicos
616 689 686 749 eins
707 688 796 748 iuxta
817 689 978 748 rationem
999 697 1031 747 et
1050 688 1314 770 possibilitatem.

245 793 301 854 Ill.
343 793 411 855 Nec
438 793 558 875 aliqnis
577 795 682 856 ullum
702 793 874 854 hominnm
895 794 1002 854 fratris
1022 795 1071 854 sui
1089 817 1148 875 pro
1170 797 1314 877 quibus-

161 877 243 939 libet
257 876 361 937 causis
379 878 433 938 vel
458 877 564 958 culpis
585 879 623 938 ad
645 899 677 938 se
699 879 947 960 confugientem
966 877 1119 960 suscipiat
1140 880 1180 939 ad
1204 880 1314 940 inter-

161 959 342 1022 cessionem
364 982 424 1042 pro
446 981 485 1020 co
510 961 711 1031 faciendam
735 960 812 1042 quia
826 961 975 1022 volumus
994 969 1030 1020 ut
1045 959 1186 1041 quilibet
1211 962 1315 1022 homo

159 1063 299 1128 peccans
327 1051 359 1104 et
383 1042 617 1104 intercessione
641 1044 809 1127 indigens,
838 1043 923 1104 intra
944 1063 1082 1125 regnum
1109 1045 1235 1105 domini
1259 1046 1315 1106 sui

159 1126 214 1190 vel
241 1125 282 1186 ad
307 1125 378 1186 loca
404 1135 513 1188 sancta
537 1126 589 1187 vel
622 1127 662 1186 ad
689 1126 864 1188 honoratos
888 1125 1038 1187 homines
1062 1128 1249 1211 confugiat,
1280 1139 1316 1189 et

161 1210 238 1272 iude
260 1208 377 1270 iustam
400 1209 670 1270 intercessionem
693 1219 866 1271 mereatur.

242 1315 302 1380 lv.
345 1315 503 1376 Similiter
520 1315 736 1399 praecipimus
759 1325 794 1376 nt
814 1315 995 1398 quemlibet
1019 1315 1115 1376 illum
1133 1317 1191 1397 qni
1210 1319 1315 1378 domi-

161 1421 242 1460 nnm
259 1421 353 1461 suum
369 1408 482 1460 contra
500 1398 700 1462 voluntatem
715 1400 784 1460 eius
807 1399 983 1476 dimiserit,
1007 1408 1039 1459 et
1060 1399 1099 1459 de
1118 1422 1186 1460 uno
1205 1423 1313 1484 regno

161 1483 195 1542 in
222 1483 313 1543 aliud
342 1483 508 1565 profectus
538 1483 656 1558 fuerit,
687 1504 795 1563 neque
823 1483 890 1565 ipse
914 1484 984 1542 Rex
1006 1481 1179 1562 suscipiat,
1201 1505 1313 1567 neque

159 1565 348 1627 bominibus
365 1566 431 1626 suis
450 1565 632 1626 consentiat
650 1565 797 1627 attalem
817 1565 983 1626 hominem
998 1565 1158 1648 recipiant
1181 1567 1234 1626 vel
1257 1571 1313 1626 in-

161 1649 244 1710 iuste
261 1649 404 1709 retinere
421 1659 635 1730 praesumant.
679 1651 746 1710 Nec
769 1649 875 1709 solnm
894 1649 933 1710 de
952 1649 1040 1726 illis,
1066 1649 1123 1708 sed
1149 1649 1246 1708 etiam
1269 1651 1312 1710 de

161 1731 263 1794 servis
289 1731 435 1814 fugitivis
463 1732 632 1794 statuimus
660 1733 916 1807 observandum,
946 1743 982 1791 ut
1007 1731 1099 1790 nulla
1128 1731 1312 1792 discordiae

160 1815 371 1896 relinquatur
388 1813 522 1875 occasio.
561 1815 627 1876 Sed
640 1825 673 1876 et
688 1816 750 1876 hoc
762 1815 995 1898 praecipimus,
1020 1823 1056 1874 ut
1072 1814 1184 1875 nullos
1201 1837 1242 1875 ex
1258 1816 1313 1876 bis

159 1898 266 1958 tribus
282 1897 453 1975 fratribus,
477 1898 569 1960 nobis
587 1897 619 1956 in
639 1919 774 1982 corpore
795 1898 1066 1974 consistentibus,
1091 1897 1145 1958 rel
1163 1908 1313 1958 nostrum

159 1981 213 2042 vel
238 1980 414 2042 cuiuslibet
440 1979 573 2042 alterius
599 1979 767 2043 hominem
788 1992 1024 2042 sacramentum
1053 1980 1217 2042 fidelitatis
1249 1979 1313 2042 sibi

159 2064 350 2146 promittere
373 2063 488 2137 faciat,
515 2074 547 2124 et
570 2085 630 2146 per
655 2063 717 2126 hoc
742 2086 817 2126 eum
837 2065 890 2126 vel
915 2066 933 2124 a
957 2065 1050 2126 nobis
1072 2062 1127 2127 vel
1149 2064 1188 2123 ab
1206 2064 1313 2124 altero

161 2147 294 2290 donpino
320 2168 379 2208 suo
400 2167 460 2230 per
478 2145 664 2210 huiusmodi
684 2156 919 2210 sacramentum
935 2140 1067 2211 'avertat
1088 2154 1120 2208 et
1140 2147 1180 2206 ad
1200 2167 1236 2208 se
1250 2147 1327 2227 ads

163 2239 212 2291 tra
239 2239 280 2290 at.

244 2335 284 2400 V.
327 2335 418 2414 Quin
453 2334 550 2396 etiam
580 2336 850 2419 praecipiendum
883 2337 975 2398 nobis
1010 2337 1140 2400 videtur
1168 2345 1206 2396 ut
1235 2347 1315 2419 post

161 2428 308 2480 nostrum
330 2439 370 2478 ex
392 2417 453 2478 hac
477 2419 670 2481 mortalitate
693 2421 868 2481 discessum
887 2420 1036 2482 homines
1051 2421 1313 2501 uniuscuiusque

162 2523 276 2564 eorum
299 2501 462 2596 accipiant
481 2502 660 2580 beneficia,
684 2503 910 2584 unusquisque
934 2505 967 2562 in
984 2525 1084 2586 regno
1102 2503 1227 2564 domini
1250 2504 1315 2580 sni,

162 2593 195 2646 et
210 2606 275 2645 non
292 2584 442 2662 alterius,
459 2605 499 2645 ne
516 2585 721 2668 quandoper
742 2586 823 2662 hoc,
842 2589 868 2646 si
886 2587 980 2646 aliter
992 2587 1108 2662 fuerit,
1124 2586 1316 2646 scandalum

162 2667 298 2750 aliquod
315 2667 414 2810 possit
427 2667 586 2730 accidere.
615 2668 835 2729 Hereditatem
853 2679 961 2728 autem
977 2691 1067 2730 suam
1081 2669 1198 2731 habeat
1214 2691 1316 2728 unus-

109 2763 112 2774 '
162 2752 301 2834 quisque
342 2751 487 2811 ominum
508 2751 641 2812 illorum
662 2751 781 2833 absque
802 2753 1077 2832 contradictione,
1100 2753 1135 2812 iu
1155 2773 1316 2832 quocum-

163 2855 227 2916 que
246 2855 349 2915 regno
368 2833 523 2894 boccum
546 2833 691 2916 legitime
709 2835 829 2896 habere
848 2837 1047 2918 cognoverit.

246 2941 303 3004 vl.
344 2941 387 3002 Et
400 2940 626 3024 unusquisque
641 2940 725 3002 liber
737 2941 853 3019 bomo,
870 2951 942 3025 post
957 2952 1094 3004 mortem
1108 2941 1233 3002 domini
1249 2942 1315 3018 sui,

162 3023 331 3086 licentiam
359 3024 534 3085 habeat‘se
561 3025 811 3085 commendandi
834 3025 919 3086 inter
944 3025 1025 3086 haec
1052 3025 1116 3084 tria
1141 3045 1243 3106 regna
1272 3026 1318 3095 ad

163 3128 394 3191 quemcunque
418 3106 570 3170 voluerit.
613 3106 772 3170 Similiter
800 3117 832 3170 ct
864 3109 921 3169 ille
947 3108 1006 3191 qui
1035 3107 1183 3168 nondum
1213 3108 1316 3168 alicui

163 3191 408 3254 commendatus
434 3199 490 3252 est.

245 3307 318 3369 Vll.
360 3307 410 3366 De
436 3305 667 3367 traditionibus
695 3316 802 3368 antem
828 3316 926 3389 atque
952 3306 1199 3370 venditionibus
1225 3327 1313 3387 quae

163 3392 251 3452 inter
272 3397 378 3471 partes
401 3389 472 3450 fieri
493 3391 618 3467 solent,
640 3391 856 3472 praecipimus
878 3399 916 3450 ut
935 3391 1047 3452 nullus
1074 3413 1113 3451 ex
1134 3389 1185 3450 his
1209 3391 1318 3450 trihus

163 3473 319 3536 fratribus
344 3472 497 3554 suscipiat
518 3473 557 3532 de
577 3494 680 3554 regno
701 3473 835 3533 alterius
855 3475 872 3532 a
891 3473 1039 3556 quolibet
1054 3471 1186 3533 homine
1210 3472 1317 3532 tradi-

164 3559 290 3618 tionem
313 3556 368 3616 rel
396 3554 620 3616 venditionem
645 3555 694 3617 rei
718 3556 909 3634 immobilis,
941 3557 1004 3618 hoc
1034 3566 1097 3634 est,
1131 3565 1317 3631 terrarum,

164 3642 357 3716 vinearum,
381 3648 478 3720 atque
494 3639 680 3721 sylvarum,
702 3661 935 3720 servorumque
955 3639 1013 3722 qui
1026 3639 1090 3700 iam
1107 3638 1205 3699 casati
1224 3647 1319 3713 sunt,

165 3725 234 3787 sive
261 3731 463 3786 caeterarum
485 3743 596 3782 rerum
621 3743 705 3803 quae
731 3721 920 3784 hereditatis
950 3723 1084 3782 nomine
1115 3729 1319 3792 censentur;

165 3815 302 3888 excepto
320 3827 418 3881 auro,
443 3814 596 3887 argento,
622 3815 655 3865 et
670 3805 820 3886 gemmis,
839 3805 934 3866 armis
947 3827 982 3866 ac
1000 3805 1160 3880 vestibus,
1182 3825 1319 3862 necnon

166 3901 198 3952 et
215 3889 385 3971 mancipiis
400 3911 465 3948 non
481 3888 614 3964 casatis,
639 3898 671 3948 et
687 3888 725 3948 iis
744 3887 913 3972 speciebus
935 3909 1019 3968 quae
1035 3887 1168 3970 proprie
1189 3885 1230 3944 ad
1254 3907 1321 3945 ne-

165 3973 339 4056 gotiatores
365 3971 530 4054 pertinere
549 3979 739 4032 noscuntur.
782 3971 927 4033 Caeteris
947 3992 1024 4032 vero
1040 3969 1106 4032 illis
1122 3967 1320 4029 hominibus

165 4057 227 4117 boc
248 4053 382 4115 minime
405 4053 667 4115 interdicendum
684 4051 873 4116 iudicamus.

181 4229 183 4238 ,
249 4169 346 4232 VllI.
390 4167 425 4230 Si
448 4178 555 4230 autem
570 4170 731 4249 feminae,
751 4169 916 4232 sicutfieri
937 4169 1036 4249 solet,
1052 4167 1139 4230 inter
1152 4177 1265 4250 partes
1287 4178 1323 4228 et

166 4274 267 4335 regna
287 4251 431 4336 legitime
446 4252 572 4314 fuerint
587 4255 627 4316 ad
646 4253 834 4336 coniugium
850 4254 1045 4337 postulatae,
1065 4273 1131 4313 non
1148 4251 1324 4333 denegen-
