2952 4988
214 297 288 370 252
478 279 620 370 alena.
727 311 987 372 camruasma
1082 314 1144 370 aaa

215 475 293 518 vero
315 453 371 537 qui
392 453 432 516 dc
455 453 571 536 Ligere
588 453 629 516 ad
649 451 801 518 Rhenum
831 455 894 518 iter
921 454 1124 534 faciunt‚'de
1151 455 1271 516 Rheno
1300 465 1367 517 tres

214 537 376 600 mensium
398 537 551 600 victualia
570 537 719 600 habenda
738 559 806 600 esse
829 538 1010 600 dinoscant.
1052 538 1119 618 Qui
1146 547 1259 600 antem
1275 547 1365 600 nans

213 619 365 682 Rhenum
382 629 415 680 et
429 641 489 704 per
514 619 687 684 saxoniam
705 631 857 706 pergunt,
873 622 914 682 ad
938 621 1066 682 Albiam
1095 622 1264 682 marcham
1296 643 1364 684 esse

214 701 328 764 sciant.
367 703 411 764 Et
433 701 491 786 qui
504 713 592 766 tram
606 703 755 787 Ligerem
775 714 919 782 manent,
941 713 1038 787 atque
1072 705 1265 788 Rispaniam
1287 725 1364 788 pro·

215 785 314 848 ficisci
328 783 461 862 dehent,
474 795 600 850 montes
613 787 797 870 Pyrenaeos
812 789 975 850 marchum
989 787 1050 849 sibi
1068 808 1136 850 esse
1153 796 1363 869 cognoscant.

256 893 306 982 De
323 885 446 974 lais'qai
467 892 582 976 absque
603 892 732 954 licentia
747 875 957 976 imperatoris
975 891 1063 954 domi
1082 906 1265 966 remanent,
1292 905 1324 952 et

582 977 616 1036 in
641 977 762 1038 bostem
777 997 842 1038 aon
858 989 1005 1060 pergunt.

297 1080 355 1146 IX.
399 1082 597 1166 Quicunque
613 1083 696 1144 liber
708 1081 806 1144 bomo
824 1083 979 1145 inventus
991 1082 1091 1144 inerit
1109 1103 1197 1144 anno
1211 1102 1364 1164 praesen·

215 1177 247 1230 te
263 1187 338 1228 cum
352 1167 487 1229 Seniore
501 1188 560 1227 suo
578 1165 610 1226 in
632 1165 723 1228 hoste
755 1187 820 1226 non
849 1165 962 1244 fuisse,
987 1167 1123 1248 plenum
1142 1165 1363 1226 heribannum
1454 1163 1455 1232 1

238 1247 402 1312 ersolvere
422 1259 566 1333 cogatur.
608 1251 651 1312 Et
669 1249 696 1310 si
710 1247 829 1310 Senior
841 1248 894 1310 vel
910 1249 1026 1312 Comes
1040 1249 1131 1310 illius
1166 1269 1244 1310 eum
1275 1246 1363 1307 domi

214 1273 348 1408 iimina,
378 1331 446 1414 ipse
476 1354 537 1416 pro
556 1353 595 1394 eo
618 1331 764 1394 eundum
800 1329 1020 1393 heribannum
1041 1332 1223 1416 persolvam
1254 1338 1290 1391 et
1316 1338 1364 1388 tot

214 1414 440 1477 heribanniah
463 1437 503 1478 eo
531 1415 713 1498 exigantur,
741 1423 823 1498 quot
853 1415 1004 1479 homines
1034 1415 1122 1480 domi
1147 1414 1282 1476 dimisit.
1322 1413 1364 1471 Et

215 1497 293 1643 quia
318 1517 404 1558 anno
431 1508 600 1582 praesente
626 1497 805 1580 unicuique
835 1497 966 1560 Seniori
992 1499 1073 1560 duos
1099 1498 1250 1561 homines
1275 1495 1361 1555 domi

239 1578 378 1642 imittere
391 1581 618 1660 concessimus,
629 1581 703 1643 illos
719 1581 870 1642 volumus
882 1591 918 1642 ut
928 1581 1032 1644 Missis
1046 1581 1163 1642 nostris
1178 1578 1361 1654 ostendant,

218 1662 294 1746 quia
317 1659 613 1726 his'tantummodo
636 1665 855 1728 heribannum
876 1665 1095 1728 concedimus.

216 1770 267 1832 De
284 1771 343 1832 bac
358 1784 392 1834 nt
412 1774 540 1834 nonnisi
557 1773 765 1856 permissione
786 1771 887 1853 regali
904 1773 1017 1834 brum'a
1043 1771 1098 1832 ael
1117 1769 1246 1850 gladius
1264 1771 1362 1831 homi·

403 1855 438 1916 ni
456 1867 610 1916 extraneo
631 1855 650 1914 ὰ
671 1856 813 1940 quolibet
835 1853 929 1914 detur
949 1868 1004 1915 aut
1018 1853 1186 1915 vendatur.

299 1961 339 2022 X.
382 1961 605 2026 constitutum
624 1971 673 2022 est
694 1970 728 2022 ut
751 1981 859 2044 neque
886 1960 1053 2044 Episcopi,
1077 1981 1185 2042 neque
1210 1958 1361 2035 Abbates,

217 2043 535 2126 nequeAbbatissae,
557 2047 609 2108 vel
631 2044 772 2128 quilibet
793 2045 912 2106 hector
932 2044 1111 2120 Ecclesiae,
1130 2043 1285 2104 bruniam
1308 2043 1361 2102 vel

217 2127 341 2208 gladios
359 2127 431 2190 sine
449 2137 559 2192 nostro
570 2129 727 2212 permisso
741 2126 881 2190 cuilibet
895 2126 1020 2188 homini
1044 2137 1199 2189 extraneo
1218 2127 1361 2208 autdare

110 2215 114 2226 “
218 2218 274 2270 aut
295 2210 485 2274 venundare
511 2220 705 2296 praesumat,
735 2210 939 2272 nisitantnm
968 2210 1112 2274 vassallis
1145 2209 1220 2271 suis.
1262 2211 1306 2270 Et
1333 2208 1359 2268 si

218 2293 367 2354 evenerit
382 2303 419 2356 ut
440 2296 474 2356 in
495 2295 642 2378 qnalibet
654 2293 802 2356 Ecclesia
817 2293 870 2355 vel
885 2304 995 2355 sancto
1014 2296 1087 2356 loco
1103 2293 1213 2376 plnres
1226 2289 1361 2352 brunias

216 2373 334 2438 haheat
347 2399 444 2474 quam
458 2377 500 2440 ad
521 2376 669 2440 homines
686 2375 831 2440 Hectoris
847 2376 993 2439 eiusdem
1005 2376 1172 2438 Ecclesiae
1189 2374 1360 2450 sufficiant,
1452 2431 1453 2434 ,

217 2467 296 2518 tanc
309 2461 500 2544 Principem
520 2459 608 2524 idem
619 2463 740 2524 Rector
754 2459 922 2522 Ecclesiae
941 2461 1121 2543 interroget
1145 2457 1227 2540 quid
1248 2457 1289 2518 de
1310 2457 1360 2517 his

219 2540 291 2602 fieri
311 2544 500 2630 praecipiat.

592 2653 643 2713 De
669 2648 797 2729 nauigia
818 2645 982 2710 mittenda.

301 2755 361 2820 xl.
402 2761 445 2822 Ut
473 2757 739 2856 quandocunque
763 2753 932 2839 navigium
956 2753 1083 2848 mittere
1107 2741 1271 2830 volumus,
1300 2752 1361 2847 ipsi

156 2827 186 2890 θ
216 2839 370 2905 Seniores
385 2841 420 2902 in
436 2841 447 2902 i
452 2863 518 2926 psas
536 2841 672 2906 navibus
691 2845 840 2926 pergant,
862 2849 896 2900 et
916 2837 1031 2899 adhoc
1046 2844 1112 2897 smt
1126 2844 1321 2920 praeparati.

358 3062 629 3129 CAPITULARE
666 3063 861 3126 TERTIUM
893 3053 997 3123 ANNI
1028 3057 1217 3122 DCCCXII.

214 3203 309 3276 Item
335 3198 503 3298 Capitale
530 3222 622 3296 quae
647 3220 716 3294 pro
740 3195 888 3266 iustitiis
913 3191 1012 3264 infra
1034 3193 1192 3288 patriam
1217 3189 1363 3264 facien-

585 3299 642 3370 dis
668 3295 867 3368 constituta
893 3305 989 3364 sunt.

518 3441 1062 3506 lansttrrruaonuu.

240 3611 265 3651 ¹·
341 3635 358 3674 e
389 3631 555 3674 causarum
593 3608 624 3669 et
658 3607 762 3668 litium
894 3606 979 3665 tione
1002 3603 1244 3684 uniuscuiusque
1273 3602 1365 3662 Missi

301 3697 452 3758 terminis.
896 3689 930 3746 in
950 3709 1006 3748 suo
1029 3685 1187 3744 missatico
1429 3682 1433 3688 ’

236 3799 264 3839 2.
287 3779 335 3840 De
361 3777 548 3862 Episcopis,
577 3771 762 3842 Conritibns,
833 3769 863 3831 6.
885 3769 934 3830 De
950 3765 1124 3851 beneficiis,
1141 3767 1282 3850 qualiter
1296 3787 1365 3826 con·
1454 3839 1455 3856 Χ

298 3875 328 3924 et
348 3859 601 3944 potentioribus,
635 3855 664 3918 si.
688 3875 789 3914 cau-1
897 3852 1001 3911 dricta
1024 3852 1095 3909 sint.
1454 3861 1455 3868 ¹

299 3963 367 4004 sam
385 3945 469 4003 inter
493 3961 525 4000 se
547 3937 722 4000 habuerint.
837 3959 865 4018 7.
896 3935 944 3994 De
984 3929 1146 4075 benqficiis
1185 3928 1365 4013 Episcopo-

238 4029 267 4089 5.
292 4029 340 4088 De
351 4025 480 4086 testibus
490 4021 534 4082 ad
546 4041 612 4082 rem
628 4018 765 4103 quamli-
798 4031 801 4036 '
900 4039 986 4087 riam,
1018 4015 1047 4076 A
1070 4015 1195 4080 barram,
1233 4025 1263 4070 et
1291 4013 1366 4070 reli-

299 4113 350 4172 bet
361 4104 594 4168 discutiendam
604 4099 767 4184 eligendis.
900 4119 1046 4184 qiiarum,
1068 4107 1099 4156 et
1110 4095 1150 4180 de
1164 4091 1264 4178 fiscis
1282 4113 1367 4174 rega·

114 4179 118 4200 '
168 4207 172 4212 “
239 4196 268 4264 d.
295 4193 343 4251 De
357 4189 477 4270 placito
496 4187 686 4250 Centenarii.
864 4243 867 4248 ,
903 4183 984 4243 titas
1014 4177 1242 4240 describendis.

240 4279 268 4336 5.
293 4275 339 4331 De
366 4272 612 4352 inquisitionem
628 4269 770 4352 descrip-
840 4271 869 4332 8.
899 4269 945 4328 De
984 4261 1191 4346 legationibus
1233 4274 1369 4345 propter

731 4583 740 4614 l
