2952 4988
285 333 320 389 s.
339 331 428 390 cna.
531 327 668 386 annun
687 323 925 390 saancoanu
1029 325 1092 386 aa.
1202 307 1276 379 253

220 473 386 546 iustitias,
433 489 495 553 quo
544 481 683 554 tempore
814 490 867 530 sus
882 467 926 528 ad
939 479 1064 551 purtem
1077 467 1170 548 Regis
1184 448 1276 530 exire

221 569 438 619 exerceantur.
530 617 534 624 ,
813 551 943 614 solebat.
1326 562 1328 568 '

158 659 189 722 9·
205 640 259 700 De
291 639 429 736 iussione
459 636 618 734 dqmlnlca
647 638 683 696 in
735 679 781 720 12.
802 659 852 719 De
865 659 993 744 placitis
1009 657 1029 720 in
1046 656 1157 718 Missis
1175 658 1277 723 domi·

150 771 152 780 ,
220 721 361 806 quolibet
374 733 533 782 missatico
549 741 613 781 non
627 718 683 779 od·
718 788 723 796 ,
767 763 770 770 -
813 743 893 805 nic„
918 739 1277 826 comitibusnommfa.
1366 799 1368 802 ,

220 803 357 888 impletu.
456 861 459 864 .
530 886 536 899 ⁸
580 885 587 898 ¹
658 883 665 899 .
814 823 948 886 ciendis·

143 909 188 948 ιο.
219 888 269 946 De
306 905 400 947 censu
435 883 535 966 regnis
564 903 680 994 inqut·
735 933 781 994 ὦ.
802 931 852 992 De

220 967 331 1030 rende.
395 1017 399 1022 .

137 1053 260 1113 ¹11.Dc
288 1052 378 1114 rebus
401 1049 449 1112 'de
477 1051 589 1134 quibus
608 1069 682 1111 cen·

871 929 1036 1014 fidelitate
1049 931 1127 1011 Regi
1141 929 1277 1016 promit·

815 1012 922 1076 tenda.

239 1207 402 1270 lucremur
425 1224 652 1268 sueasscanra
673 1201 837 1265 Cartenna
858 1223 897 1284 nr
919 1222 1026 1289 runnu
1049 1221 1176 1264 rursus.

412 1313 461 1372 Dc
482 1331 648 1372 causarum
669 1322 700 1369 et
723 1309 827 1370 litium
851 1295 1003 1369 ierminis.

199 1409 202 1420 Κ
221 1422 248 1482 Ι.
288 1420 338 1480 De
357 1416 496 1480 termino
515 1411 683 1478 causarum
702 1425 734 1478 et
752 1415 860 1477 litium
881 1416 1068 1493 statuimus,
1098 1425 1135 1496 ut
1154 1437 1194 1476 ex
1210 1437 1277 1500 quo

139 1505 243 1568 bonae
264 1501 437 1562 memoriae
454 1504 601 1562 Domnus
617 1499 776 1582 Pippinus
791 1501 860 1560 ilex
883 1500 980 1576 obiit,
1013 1509 1045 1560 et
1062 1521 1120 1560 nos
1139 1519 1276 1580 regnare

140 1587 324 1669 coepimus,
357 1605 471 1646 causae
496 1583 549 1646 vel
574 1581 647 1644 lites
667 1583 754 1642 inter
776 1603 869 1664 pares
888 1584 990 1644 factae
1013 1591 1110 1663 atque
1133 1591 1276 1658 exortae,

142 1669 373 1745 discutiantur,
412 1675 445 1727 et
477 1686 623 1747 congruo
654 1665 715 1726 sibi
747 1663 870 1726 iudicio
903 1665 1131 1726 terminentur.
1181 1664 1278 1726 Prius

131 1773 232 1829 ¹ver0,
252 1751 362 1828 idest,
385 1757 458 1810 ante
480 1747 605 1809 obitum
618 1746 775 1830 praedicti
794 1748 913 1808 Domni
930 1745 1062 1830 Pippini
1085 1745 1182 1830 Regis
1199 1770 1277 1810 cau-

141 1857 193 1898 sae
211 1833 408 1912 commissae,
431 1831 486 1894 rel
500 1831 633 1892 omnino
653 1851 720 1891 non
740 1840 950 1908 moveantur,
978 1829 1030 1892 vel
1049 1829 1155 1893 salvae
1175 1852 1277 1913 usque

141 1919 182 1979 ad
201 1914 488 1998 interrogationem
505 1923 645 1975 nostram
665 1921 881 1976 reserventur.

73 2030 79 2041 “
139 2025 190 2084 De
203 2023 385 2108 Episcopis,
412 2021 598 2094 Comitibus,
621 2031 655 2163 'qt
663 2021 914 2165 {nocentioribus
942 2023 971 2080 si
988 2041 1115 2082 censam
1138 2021 1223 2080 inter
1244 2043 1276 2080 se

643 2127 662 2164 a
683 2105 798 2165 uerint.
1127 2136 1129 2140 ·

191 2273 193 2280 Α
220 2213 264 2274 Π.
306 2213 349 2273 Ut
370 2208 535 2294 Episcopi,
557 2207 715 2288 Abbates,
737 2211 899 2289 Comites,
929 2219 963 2273 et
982 2211 1182 2292 potentiores
1201 2210 1277 2294 qui-

141 2319 217 2381 que,
238 2295 265 2358 si
283 2315 411 2357 causam
426 2293 515 2354 inter
531 2313 564 2354 se
585 2293 771 2372 habuerint,
793 2317 830 2355 ae
854 2316 887 2356 se
904 2294 1076 2377 pacificare
1097 2296 1276 2372 noluerint,

142 2381 182 2460 ad
204 2387 346 2440 nostram
366 2375 540 2438 iubeantur
560 2376 674 2439 venire
694 2378 919 2460 praesentiam,
944 2399 1051 2460 neque
1068 2387 1201 2461 propter
1214 2376 1277 2439 hoc

139 2483 319 2545 pauperum
342 2468 375 2521 et
397 2458 504 2520 minias
528 2458 711 2542 potentium
744 2458 885 2541 iustitiae
915 2471 1113 2522 remaneant.
1162 2461 1277 2542 Neque

141 2546 257 2605 Comes
281 2540 393 2624 palatii
419 2541 520 2602 nostri
543 2541 742 2624 potentiores
766 2565 876 2604 causas
903 2541 973 2604 sine
1001 2551 1109 2604 nostra
1134 2542 1277 2604 iussione

140 2625 234 2686 finire
251 2633 444 2708 praesumat,
460 2625 516 2684 sed
531 2624 655 2684 tantiam
671 2625 712 2686 ad
727 2647 906 2709 pauperum
924 2635 957 2687 et
972 2625 1079 2688 minias
1093 2625 1278 2710 potentium
1318 2649 1319 2652 ’

140 2706 279 2780 iustitias
307 2706 471 2768 faciendas
487 2705 547 2767 sihi
568 2707 648 2768 sciat
669 2729 736 2770 esse
754 2708 948 2773 vacandum.

221 2814 278 2876 De
296 2812 426 2873 testibus
443 2810 569 2872 adrem
584 2815 755 2896 quamlibet
778 2813 1010 2900 discutiendam
1026 2815 1191 2896 eligendis.
1221 2813 1223 2818 ’

220 2917 284 2980 ΙΙΙ.
334 2921 377 2978 Ut
399 2916 663 3000 quandocunque
684 2927 781 2982 testes
810 2921 851 2982 ad
880 2942 949 2982 rem
970 2923 1148 3004 quamlibet
1172 2923 1277 2984 discit·

139 3001 284 3064 tiendum
308 2999 487 3082 quaerendi
509 3009 605 3082 atque
631 3000 774 3084 eligendi
799 3013 896 3080 sunt,
928 3005 1059 3066 dMisso
1080 3015 1190 3066 nostro
1210 3007 1277 3066 eta

140 3085 264 3145 Comite
281 3085 315 3144 in
335 3082 427 3144 euius
444 3081 625 3145 ministerio
642 3084 683 3146 de
705 3083 801 3150 rebus
817 3087 1099 3170 qualibuscunque
1115 3089 1278 3183 agendum

140 3177 203 3244 est,
234 3169 314 3228 tales
338 3167 501 3250 eligantur
522 3165 635 3248 quales
657 3165 770 3251 optimi
796 3167 829 3228 in
851 3168 1021 3253 ipsopago
1040 3168 1288 3254 inveniripos-‘

139 3259 224 3311 sunt.
265 3251 307 3311 Et
329 3272 394 3310 non
424 3249 521 3310 liceat
541 3247 719 3332 litigatores
740 3251 958 3336 perplurima
978 3252 1075 3316 falsos
1095 3261 1191 3316 testes
1218 3255 1276 3316 ad-

139 3333 271 3412 ducere,
290 3333 373 3395 sient
395 3331 553 3394 hactenus
568 3329 639 3393 fieri
658 3333 814 3395 solebant.

450 3475 452 3480 ·
506 3439 556 3498 De
576 3437 696 3522 placito
720 3438 909 3502 Centenarii.

222 3547 281 3610 IV.
304 3545 472 3632 Utnullus
492 3544 589 3606 homo
609 3544 642 3605 in
657 3546 777 3630 placito
789 3546 991 3626 centenarii,
1011 3569 1119 3632 neque
1140 3549 1180 3611 ad
1194 3571 1276 3610 mor-

139 3640 205 3692 tem
223 3651 331 3712 aeque
351 3631 390 3690 ad
407 3629 590 3690 libertatem
603 3651 692 3691 suam
707 3630 925 3710 amittendam,
946 3641 1001 3692 aut
1016 3632 1124 3694 adres
1138 3633 1275 3694 redden·

140 3713 195 3786 clas
214 3713 266 3774 vel
284 3713 453 3796 mancipia,
476 3712 656 3786 iudicetur;
680 3714 737 3774 sed
759 3713 819 3776 ista
835 3725 891 3775 aut
916 3715 949 3775 in
969 3715 1150 3800 praesentia
1166 3716 1276 3776 Comi-

139 3795 180 3856 tis
204 3796 257 3856 vel
289 3795 459 3856 Missorum
489 3804 673 3857 nostrorum
700 3795 897 3860 iudicentur.

139 3903 188 3962 De
217 3903 420 3986 inquisitione
449 3915 480 3963 ct
514 3901 728 3987 descriptione
760 3907 1002 3990 uniuscuiusque
1032 3906 1128 3968 Missi
1158 3909 1192 3968 in
1219 3930 1275 3971 suo

624 3984 794 4047 missatico.

220 4093 260 4154 V.
302 4093 346 4151 Ut
363 4089 452 4152 Missi
472 4089 574 4151 nostri
591 4089 766 4173 diligenter
784 4093 952 4176 inquirant
975 4105 1008 4156 et
1027 4096 1206 4168 describere
1226 4098 1276 4157 fa-

139 4175 226 4236 ciant
242 4173 465 4256 unusquisque
485 4173 518 4232 in
536 4172 696 4234 missatico
713 4175 792 4256 quid
813 4177 1036 4259 unusquisque
1056 4179 1095 4242 de
1116 4179 1275 4244 beneficio

139 4259 265 4336 lrabeat,
291 4257 342 4320 vel
367 4265 448 4340 quot
463 4255 612 4320 homines
634 4266 753 4320 casatos
774 4258 807 4319 in
831 4260 901 4345 ipso
918 4259 1089 4326 beneficio.
