2952 4988
213 295 288 372 2¹0
469 315 502 370 s.
523 301 611 371 cas.
713 315 972 374 carantanis
1074 317 1138 376 soa

295 455 384 522 VIII.
426 453 585 519 Similiter
598 455 815 542 praecipimus
832 466 868 519 nt
889 457 1071 540 quemlibet
1088 459 1230 524 liberum
1253 461 1358 522 bomi-

211 563 299 620 nem,
325 538 383 622 qui
403 537 571 600 dominum
588 560 682 600 suum
698 550 812 602 contra
832 541 1033 603 voluntatem
1051 541 1121 602 eius
1133 543 1307 624 dimiserit,
1325 555 1358 606 et

210 625 252 686 de
265 645 331 685 nno
351 643 454 705 regno
475 622 509 682 in
531 621 621 682 aliud
637 625 803 704 prolectas
819 623 931 702 fuerit,
946 646 1053 708 noque
1076 624 1143 706 ipse
1156 626 1227 686 Rex
1249 629 1356 688 susci-

209 707 278 790 piat
298 725 406 786 neque
425 703 612 766 hominibus
632 705 699 766 suis
713 705 897 770 consentiat
916 717 953 769 ut
968 709 1066 768 talem
1081 705 1251 770 bominem
1273 711 1357 773 reci-

234 789 312 868 iant,
337 787 391 850 vel
406 787 525 850 iniuste
542 786 685 848 retinere
704 798 919 886 praesumant.
961 793 1030 852 Hoc
1045 811 1111 850 non
1131 791 1239 852 solnm
1259 791 1300 854 de
1315 793 1355 854 li-

208 811 307 950 beris,
331 870 389 932 sed
407 870 504 932 etiam
519 870 558 931 dc
573 869 675 932 servis
696 871 842 954 lugitivis
857 871 1029 935 statuimus
1047 871 1300 954 observandum,
1317 884 1353 936 ut

214 953 307 1016 nulla
334 953 504 1015 discordiis
531 952 739 1034 relinquatur
756 954 892 1016 occasio.

293 1035 349 1098 lx.
392 1036 599 1118 Quapropter
632 1036 900 1132 praecipiendum
920 1036 1014 1098 nobis
1039 1035 1172 1099 videtur
1198 1047 1246 1116 ut,
1278 1050 1353 1123 post

209 1129 355 1184 nostrum
377 1117 416 1178 ab
430 1117 490 1180 hac
513 1117 707 1180 mortalitate
720 1119 907 1200 discessum,
926 1119 1073 1182 homines
1092 1121 1351 1204 uniuscuiusque

209 1225 323 1266 eorum
345 1201 412 1263 acci
439 1201 505 1262 iant
522 1200 681 1263 beneficia
706 1203 931 1286 unusquisque
956 1203 990 1262 in
1013 1224 1115 1284 reguo
1139 1205 1264 1264 domini
1287 1205 1350 1283 sui,

209 1295 242 1348 et
259 1307 325 1348 non
347 1283 382 1350 in
396 1225 541 1362 alterius,
556 1305 597 1344 ne
613 1285 695 1346 sorte
743 1307 779 1346 er
790 1283 864 1364 boc,
879 1287 904 1348 si
919 1284 1014 1346 aliter
1032 1286 1145 1364 fuerit,
1160 1287 1350 1348 scandalum

210 1367 345 1450 aliquod
385 1367 532 1430 accidere
562 1367 671 1449 possit.
720 1308 939 1430 llereditatem
973 1377 1081 1428 autem
1117 1391 1208 1429 suam
1231 1368 1350 1430 habeat

209 1448 435 1534 unusquisque
453 1449 585 1510 illorum
605 1449 773 1534 bominum
795 1450 915 1532 absque
929 1450 1198 1530 contradictione,
1221 1451 1254 1512 in
1270 1474 1350 1535 quo·

208 1553 341 1616 cunque
365 1553 467 1614 regno
487 1532 550 1594 hoc
568 1554 644 1594 eum
663 1532 808 1674 lepitime
827 1532 947 1596 habere
965 1533 1148 1616 contigerit.

291 1615 331 1676 X.
371 1614 416 1676 Et
428 1614 652 1698 unusquisque
672 1615 695 1675 li
721 1637 757 1676 er
771 1615 879 1696 bomo,
895 1625 969 1700 post
988 1625 1124 1678 mortem
1140 1613 1265 1678 domini
1285 1616 1347 1693 sui,

208 1696 378 1760 licentiam
392 1697 509 1760 babeat
528 1705 561 1760 se
597 1697 847 1760 commendandi
867 1699 956 1762 iuter
982 1697 1063 1760 baec
1091 1699 1154 1758 tria
1179 1719 1281 1782 regna
1307 1698 1349 1759 ad
1453 1771 1455 1778 Α

207 1801 440 1863 quemcunque
473 1781 626 1843 voluerit.
668 1779 827 1843 Similiter
850 1791 883 1844 et
905 1782 962 1844 ille
987 1779 1046 1865 qai
1070 1780 1217 1842 nondum
1247 1781 1347 1842 alicui

208 1864 451 1926 commendatus
477 1873 534 1924 est.

245 1989 247 1996 ,
288 1946 344 2008 xl.
385 1950 434 2008 De
452 1946 683 2010 traditionibus
698 1958 806 2010 autem
821 1957 918 2030 atque
935 1945 1178 2010 venditionibus
1192 1968 1277 2028 quae
1299 1946 1349 2006 in-

206 2037 258 2092 ter
276 2037 383 2112 partes
400 2029 470 2090 fieri
495 2029 613 2109 solent,
642 2029 858 2114 praecipimus
885 2040 921 2092 ut
949 2031 1060 2092 nullus
1089 2051 1129 2092 ex
1159 2025 1210 2090 his
1241 2029 1348 2091 tribus

206 2111 362 2174 fratribus
379 2111 533 2194 suscipiat
551 2113 590 2174 de
605 2135 708 2196 regno
720 2113 887 2176 alteriussl
913 2114 1062 2196 quolibet
1080 2112 1212 2174 bomine
1242 2112 1347 2172 tradi·
1454 2139 1455 2142 ¹

206 2194 329 2255 tionem
344 2217 402 2256 seu
421 2195 644 2258 venditionem
664 2218 774 2258 rerum
791 2196 1017 2272 immobilium,
1027 2195 1089 2257 hoc
1109 2203 1168 2272 est,
1178 2205 1350 2272 terrarum,

201 2276 389 2354 uinearum,
405 2285 504 2360 atque
523 2279 698 2362 sylvarum,
711 2301 943 2362 servorumque
968 2279 1026 2360 qui
1056 2279 1120 2339 iam
1143 2277 1240 2339 casati
1263 2286 1350 2354 sunt,

137 2391 141 2400 ·
206 2360 275 2424 sive
300 2370 499 2422 caeterarum
520 2383 631 2424 rerum
656 2384 739 2446 qnae
763 2361 953 2424 hereditatis
987 2362 1118 2422 nomine
1146 2368 1341 2430 censentur3

206 2453 343 2526 excepto
359 2466 450 2523 auro,
466 2453 611 2526 argento,
628 2454 662 2506 at
681 2445 824 2528 gemmis,
844 2445 939 2506 armis
952 2465 988 2504 ac
1008 2443 1150 2506 vestibus
1166 2462 1294 2503 necnon
1310 2450 1344 2502 et

205 2526 376 2609 mancipiis
393 2549 459 2588 non
488 2528 612 2606 casatis,
632 2537 664 2589 et
689 2529 739 2590 his
763 2527 931 2611 speciebus
955 2547 1037 2610 quae
1063 2525 1193 2610 proprie
1219 2523 1260 2583 ad
1289 2543 1345 2582 ne-

206 2607 380 2690 gotiatores
397 2609 562 2692 pertinere
577 2621 768 2672 noscuntur.
809 2610 952 2672 Caeteris
974 2630 1052 2672 vero
1072 2609 1184 2672 liberis
1204 2605 1345 2667 homini-

204 2691 266 2752 bus
284 2691 347 2753 hoc
366 2693 499 2754 minime
517 2691 780 2758 interdicendum
802 2693 1025 2756 iudicavimus.

287 2775 359 2836 XII.
402 2774 436 2836 Si
456 2795 540 2857 quae
565 2785 672 2837 autem
693 2777 845 2853 feminae,
862 2776 947 2837 sicut
967 2773 1038 2836 fieri
1053 2771 1146 2846 solet,
1167 2771 1256 2830 inter
1273 2791 1345 2852 par-

204 2865 253 2918 tes
271 2864 304 2917 et
317 2877 417 2938 regna
432 2857 557 2918 fuerint
577 2859 617 2920 ad
634 2858 823 2940 coniugium
842 2857 1033 2941 postulatae,
1049 2876 1116 2916 non
1137 2854 1344 2934 denegentur

206 2938 288 3000 iuste
305 2939 525 3022 poscentibus,
541 2939 597 3002 sed
611 2940 708 3002 liccat
722 2963 775 3002 eas
794 2941 933 3004 vicissim
963 2941 1039 3002 dare
1068 2946 1100 2997 et
1120 2935 1282 3018 accipere,
1309 2943 1345 2994 et

205 3021 424 3084 adfinitatibus
440 3021 578 3105 populos
595 3023 682 3085 inter
698 3045 732 3086 se
752 3023 878 3085 sociari.
922 3024 1011 3106 Ipsae
1029 3041 1107 3082 vero
1125 3019 1265 3080 feminae
1283 3037 1344 3098 po·
1452 3033 1453 3072 ῑ

203 3113 352 3166 testatem
368 3104 509 3166 habeant
522 3126 632 3166 rernm
645 3128 775 3168 suarum
800 3107 834 3166 in
848 3127 950 3187 regno
962 3104 1050 3165 unde
1062 3101 1222 3177 exierant,
1235 3121 1344 3181 quam·
1452 3105 1453 3164 ξ

203 3208 301 3271 quam
320 3187 354 3247 in
371 3189 435 3249 alio
450 3197 584 3270 propter
603 3189 708 3250 mariti
729 3188 915 3250 societatem
931 3187 1075 3248 habitare
1095 3185 1245 3244 debeant.
1452 3195 1453 3206 ¹

287 3269 376 3332 x111.
417 3273 466 3332 De
492 3270 659 3333 obsidibus
683 3281 791 3332 autem
821 3271 878 3353 qui
911 3279 1043 3356 propter
1070 3265 1252 3329 credentias
1267 3262 1343 3358 .d³ll

202 3361 291 3432 sunt,
309 3362 341 3414 et
368 3353 387 3414 d
411 3352 504 3414 nobis
524 3375 584 3435 per
609 3355 736 3416 diversa
757 3355 828 3414 loca
851 3353 892 3415 ad
920 3349 1170 3414 custodIendum
1194 3348 1344 3408 destinati

201 3445 289 3513 sunt,
310 3435 462 3498 volumus
481 3446 518 3496 nt
534 3437 590 3498 ille
604 3437 673 3499 Rex
689 3436 722 3496 in
742 3437 834 3497 cuius
850 3457 951 3520 regno
973 3444 1059 3511 sunt,
1084 3432 1203 3514 absque
1225 3429 1343 3490 volun-

202 3527 267 3580 tate
290 3519 397 3580 fratris
413 3519 475 3596 sui,
497 3519 537 3580 de
558 3519 651 3582 cuius
671 3540 773 3601 regno
803 3519 920 3580 sublati
947 3527 1034 3593 sunt,
1061 3515 1095 3576 in
1127 3513 1264 3596 patriam
1290 3529 1343 3570 eos

201 3600 310 3664 redire
333 3623 399 3662 non
421 3603 601 3686 permittat;
623 3602 680 3664 sed
699 3602 807 3684 potius
836 3602 1043 3662 infuturum
1069 3598 1102 3657 in
1130 3592 1343 3676 suscipiendis
1451 3629 1452 3635 κ

202 3683 368 3746 obsidibus
387 3685 469 3745 alter
482 3684 577 3746 alteri
594 3693 743 3746 mutuum
762 3686 846 3746 ferat
867 3683 1035 3760 auxilium,
1056 3679 1083 3741 si
1100 3680 1200 3739 frater
1213 3680 1344 3737 fratrem

201 3765 265 3826 hoc
288 3768 396 3829 Iacere
411 3766 648 3828 rationabiliter
668 3767 890 3849 postulaverit.
933 3767 1014 3827 Item
1034 3763 1179 3823 iubemus
1196 3759 1279 3820 etde
1294 3755 1344 3818 his

201 3848 261 3932 qui
310 3871 346 3910 ro
364 3850 430 3912 suis
451 3849 647 3911 facinoribus
662 3850 696 3910 in
714 3849 851 3910 exilium
864 3848 952 3910 missi
968 3847 1023 3910 vel
1046 3841 1196 3908 mittendi
1217 3849 1302 3901 sunt.

318 3933 372 3995 IV.
416 3932 450 3993 Si
477 3954 572 3993 causa
592 3933 645 3994 vel
660 3931 799 3992 intentio
818 3935 886 3993 sive
913 3927 1133 3993 controversia
1165 3923 1238 3984 talis
1258 3923 1346 3982 inter

86 4063 89 4068 .
201 4022 308 4097 partes
336 4023 471 4097 propter
499 4014 654 4076 terminos
680 4023 735 4075 aut
765 4014 907 4074 confinia
932 4033 1109 4096 regnorum
1138 4003 1344 4080 emoluerit,
1450 4011 1451 4018 ’

202 4117 286 4178 quae
307 4095 478 4158 hominum
499 4097 685 4159 testimonio
711 4097 868 4158 declarari
898 4097 951 4158 vel
984 4093 1114 4156 definiri
1137 4112 1203 4151 non
1234 4085 1344 4182 possit,

205 4189 284 4239 tunc
305 4179 457 4241 volumus
478 4189 515 4240 ut
531 4179 572 4240 ad
587 4179 839 4242 declarationem
860 4179 909 4239 rei
926 4178 1054 4256 dubiae,
1085 4173 1208 4235 iudicio
1229 4192 1345 4263 erucas,

193 4259 265 4340 ,Dei
284 4261 435 4324 voluntas
451 4271 485 4326 ct
503 4283 613 4325 rerum
633 4263 752 4328 veritas
770 4261 965 4346 inquiratur,
977 4282 1038 4330 uec
1054 4278 1198 4344 uuquam
1210 4275 1270 4342 pro
1288 4252 1345 4314 tals
