2928 4986
300 347 334 399 A.
355 343 442 400 cau.
479 407 481 413 ¹
523 340 685 396 ¹tceoun
708 342 946 397 ruaucouun
1053 341 1130 402 mo..
1221 319 1293 392 387

266 535 270 548 ,
464 474 467 481 ’
524 482 573 540 De
591 479 698 560 faidis
715 481 907 543 coercendis.

237 564 334 628 VIII.
377 569 427 626 De
455 564 550 626 faidis
573 565 764 626 coercendis
786 564 849 625 hoc
873 567 1064 628 observetur
1088 573 1119 626 et
1147 573 1298 626 teneatur

151 653 244 734 quod
264 649 298 710 in
315 647 501 731 Capitulare
518 656 628 708 nostro
646 648 680 706 in
703 647 786 708 libro
808 647 868 726 IV,
891 649 1033 732 capitulo
1053 647 1163 710 XXV.
1190 651 1297 710 conti-

153 746 259 797 netur.
292 731 330 791 Si
346 732 415 813 quis
437 731 545 814 aliqua
561 730 743 790 necessitate
760 745 887 810 cogente
903 729 1110 792 homicidium
1128 734 1296 803 commisit,

62 863 63 870 .
156 819 267 878 Comes
287 817 321 872 in
337 815 425 873 cuius
441 813 618 871 ministerio
638 832 688 871 res
703 825 888 896 perpetrata
903 827 963 886 est,
983 826 1014 873 et
1038 815 1300 897 compositionem

153 901 278 960 soluere
296 907 325 954 ct
335 894 466 975 saidam
476 915 537 976 per
560 907 789 954 sacramentum
804 896 980 981 pacificare
989 894 1111 975 faciat.
1155 897 1252 978 Quod
1269 899 1298 955 si

154 1000 305 1062 unapars
323 979 353 1036 ei
373 975 418 1036 ad
433 977 490 1036 hoc
510 978 689 1037 consentire
709 977 861 1050 noluerit,
884 979 922 1038 id
941 990 1000 1049 est,
1024 979 1149 1038 ancille
1166 980 1221 1062 qui
1242 980 1300 1037 lm-

154 1062 321 1124 micidium
348 1061 518 1131 commisit,
541 1071 595 1119 aut
615 1060 643 1117 is
665 1060 720 1140 qui
743 1062 1164 1142 compositionem‘recipere
1193 1060 1300 1131 debet,

147 1145 254 1228 faciat
274 1143 364 1202 illum
380 1143 436 1224 qui
454 1145 484 1200 ei
505 1139 791 1218 contumaoefuerit
807 1141 852 1201 ad
859 1145 1073 1226 praesentiam
1089 1154 1231 1203 nostram
1249 1165 1302 1202 ve·

156 1230 239 1300 nire,
265 1239 299 1284 ut
323 1247 392 1284 eum
414 1223 460 1283 ad
475 1237 594 1306 tempus
608 1224 697 1305 quod
719 1225 809 1284 nobis
818 1225 977 1308 placuerit
1005 1227 1040 1284 in
1063 1226 1165 1286 exilio
1194 1227 1302 1285 mitta-

156 1331 238 1380 mus,
253 1308 353 1367 donec
368 1308 413 1367 ibi
427 1309 607 1384 castigetur,
626 1319 660 1365 ut
679 1306 795 1367 Comiti
811 1329 867 1368 suo
885 1305 1072 1368 inobediens
1090 1328 1157 1367 esse
1170 1307 1303 1368 ulterius

157 1414 221 1452 non
240 1389 367 1466 audeat,
384 1401 415 1451 et
437 1391 537 1462 maius
560 1388 709 1448 damnum
729 1389 804 1448 inde
824 1411 888 1451 non
901 1389 1074 1451 adcrescat.

159 1533 247 1591 HAEC
272 1549 347 1590 sunt*
371 1547 525 1587 otmunt
549 1546 633 1601 Quae
657 1549 697 1587 AD
720 1549 927 1591 rnuatuoaun
955 1549 1110 1592 tourtam
1138 1551 1178 1591 AD
1214 1550 1307 1592 GENE-

434 1630 512 1670 unte
536 1631 693 1671 rtactruu
722 1633 798 1672 SUNT
820 1633 1008 1673 atseuvA'rA.

206 1759 209 1764 -
243 1717 271 1778 I.
312 1719 362 1778 De
387 1715 615 1776 Sacerdotibus
637 1715 761 1776 aluicis
784 1715 901 1778 vinctis
926 1727 959 1778 et
976 1718 1155 1800 flagellatis.

243 1799 289 1862 Il.
310 1803 359 1860 De
373 1796 505 1858 homine
519 1798 576 1878 qui
591 1796 631 1857 ad
646 1797 816 1858 servitium
828 1801 991 1880 quaesitus
1013 1813 1046 1862 et
1065 1811 1194 1885 ereptus
1207 1811 1255 1864 est
1271 1802 1309 1862 ab

161 1906 228 1945 uno
243 1883 378 1957 herede,
396 1880 516 1941 iterum
536 1880 655 1941 caeteri
670 1879 808 1942 heredes
823 1903 898 1942 eum
917 1883 1126 1967 interpellare
1148 1895 1181 1946 et
1197 1885 1310 1968 adqui·

161 1987 234 2030 rere
256 1974 425 2026 conantur.
1029 1997 1032 2002 ·

245 2047 308 2111 lll.
335 2050 399 2107 'De
427 2045 608 2106 Comitibus
634 2053 666 2106 et
690 2044 830 2108 Vicariis
860 2067 973 2107 eorum
996 2049 1054 2129 qui
1086 2048 1309 2130 inaliquibus

164 2132 246 2194 locis
259 2139 387 2192 tantum
407 2128 573 2211 accipiunt
593 2128 633 2190 de
652 2128 804 2190 coniectu
820 2129 935 2214 populi
951 2131 990 2192 ad
1004 2131 1164 2194 minorem
1177 2132 1310 2216 legatio·

165 2237 252 2294 uem,
270 2221 429 2298 quantum
444 2213 485 2273 ad
507 2211 671 2273 maiorem.

555 2353 636 2413 Isau
659 2372 732 2412 ania
754 2352 926 2414 Carinum.

248 2462 275 2524 I.
317 2463 477 2527 Volumus
498 2471 533 2521 ut
559 2460 656 2521 talem
681 2457 865 2520 coniectum
891 2457 980 2520 Missi
1008 2461 1111 2522 nostri
1141 2464 1310 2546 accipiant,

168 2545 376 2629 quandoper
395 2545 590 2606 missaticum
611 2556 706 2604 suum
734 2541 955 2623 perrexerint;
977 2541 1040 2604 hoc
1065 2554 1122 2624 est,
1145 2555 1183 2605 ut
1208 2567 1311 2606 unns-

167 2629 306 2711 quisque
324 2629 461 2712 accipiat
476 2649 576 2712 panes
597 2625 822 2709 quadraginta,
837 2623 1008 2718 friskingas
1024 2627 1113 2704 duas,
1128 2629 1311 2708 porcellum

168 2721 224 2770 aut
242 2733 361 2792 agnum
375 2733 489 2786 unum,
508 2710 616 2792 pullos
638 2717 792 2789 quatuor,
811 2727 870 2768 ova
883 2707 1010 2788 viginti,
1027 2709 1067 2769 de
1095 2710 1172 2769 vino
1203 2719 1311 2772 sexta·
1412 2769 1414 2776 ,

167 2795 233 2854 rios
255 2815 384 2872 novem,
404 2794 444 2854 de
466 2814 590 2854 cervisa
609 2790 733 2851 modios
755 2790 847 2865 duos,
870 2790 910 2851 de
926 2812 1058 2852 annona
1076 2793 1199 2853 modios
1220 2795 1310 2854 duos.

168 2878 211 2936 Et
226 2876 356 2956 quando
381 2897 481 2961 prope
507 2884 584 2936 sunt
605 2874 645 2936 de
667 2873 800 2934 illorum
823 2873 984 2946 domibus,
1015 2874 1127 2937 nullus
1152 2877 1312 2960 accipiant

169 2959 364 3020 coniectum.

255 3041 297 3102 ll.
341 3041 502 3103 Volumus
525 3039 621 3102 etiam
647 3048 683 3100 ut
710 3039 836 3102 octabas
866 3039 1008 3101 Paschae
1025 3040 1196 3124 'incipiant
1222 3063 1311 3102 suam

171 3144 265 3205 agere
281 3125 487 3205 legationem.
530 3123 682 3207 Episcopi
696 3145 774 3187 vero
786 3144 881 3187 suum
894 3122 1015 3184 habere
1029 3124 1151 3186 debent
1167 3146 1313 3186 conven-
1352 3201 1355 3208 Ι

173 3219 243 3269 tum
256 3208 383 3268 octabas
398 3209 623 3268 Pentecosten.

256 3290 318 3352 Ill.
361 3290 521 3352 Volumus
543 3301 640 3372 atque
656 3287 804 3350 iubemus
830 3299 868 3350 ut
890 3289 980 3350 Missi
1000 3289 1103 3349 nostri
1137 3289 1315 3372 diligenter

172 3374 341 3457 inquirant
357 3373 470 3456 quanti
490 3372 585 3434 libe'ri
604 3371 752 3432 homines
764 3372 807 3438 ,in
827 3371 965 3454 singulis
982 3372 1194 3433 Comitatibus
1207 3397 1315 3436 mane-

173 3468 229 3516 ant
262 3457 319 3539 qui
347 3457 471 3539 possint
501 3454 742 3540 expeditionem
770 3455 977 3517 exercitalem
1004 3457 1123 3533 facere,
1155 3457 1313 3538 nobisque

79 3591 82 3598 ,
197 3561 233 3598 er
245 3540 380 3601 brevem
406 3559 519 3600 eorum
539 3559 694 3602 summam
710 3536 867 3598 deferant.
909 3539 952 3598 Et
979 3539 1036 3618 qui
1060 3537 1207 3598 noudum
1233 3541 1315 3600 fide-

173 3563 298 3681 litatem
325 3623 555 3703 promiserunt,
582 3643 657 3684 cum
676 3630 876 3682 sacramento
899 3619 991 3682 nobis
1020 3621 1212 3683 fidelitatem
1237 3645 1316 3706 pro·

174 3703 304 3765 mittere
326 3705 456 3765 faciant.

256 3785 316 3848 IV.
361 3787 520 3848 Volumus
537 3795 573 3846 ut
594 3785 683 3847 Missi
702 3785 804 3847 nostri
819 3787 879 3870 per
897 3795 997 3849 totam
1015 3787 1212 3871 legationem
1228 3811 1318 3851 suam

173 3869 280 3953 primo
299 3869 444 3929 omnium
461 3870 631 3952 inquirant
648 3868 706 3951 qui
722 3869 788 3930 sint
807 3871 847 3932 de
865 3871 978 3932 liberis
994 3870 1179 3932 hominibus
1196 3873 1255 3953 qui
1278 3874 1317 3932 fi-

176 3953 341 4014 delitatem
357 3952 449 4030 nobis
463 3953 610 4013 nondum
625 3952 812 4034 promissam
823 3953 955 4032 habent,
976 3963 1008 4015 et
1020 3955 1141 4030 iaciant
1154 3956 1228 4015 illos
1249 3977 1320 4016 eam

175 4035 377 4118 promittere,
404 4036 489 4097 sicut
504 4035 707 4096 consuetudo
728 4056 855 4118 semper
877 4035 956 4107 luit3
980 4046 1012 4098 et
1030 4047 1142 4121 postea
1159 4038 1321 4122 incipiant

177 4119 374 4200 legationem
397 4141 487 4180 suam
504 4139 563 4201 per
583 4126 709 4178 caetera
730 4119 869 4200 capitula
884 4141 1049 4204 peragere.

259 4200 300 4261 V.
343 4201 502 4262 Volumus
527 4211 564 4261 ut
584 4221 695 4262 omnes
713 4222 765 4260 res
782 4203 1017 4264 ecclesiasticae
1034 4223 1072 4262 eo
1097 4203 1192 4264 modo
1214 4207 1320 4266 conti-

179 4283 410 4346 neantursicut
424 4306 474 4347 res
489 4285 529 4348 ad
539 4284 651 4347 liscum
666 4293 809 4346 nostrum
818 4286 1019 4369 pertinentes
1033 4287 1193 4350 contineri
1202 4289 1321 4364 solent,
