2958 4986
209 325 280 404 1³8
469 347 612 408 acan.
717 348 976 408 carnotens
1069 351 1132 408 sao.

202 487 354 634 habeant,
374 495 409 552 et
422 497 530 572 portas
550 490 656 554 firmas
673 489 816 574 qualiter
832 513 931 576 opera
952 501 1062 556 nostra
1080 490 1166 556 bene
1188 510 1352 577 peragere

205 595 244 636 va
260 581 352 634 eant.

283 657 319 716 L.
345 656 387 716 Ut
409 655 635 738 unusquisque
666 655 765 720 iudex
787 657 993 740 praevideat,
1019 657 1133 742 quanti
1161 657 1294 744 poledri
1317 657 1353 718 in

202 759 270 800 uno
285 737 411 802 stabulo
431 747 513 799 stare
532 739 682 814 debeant,
703 750 735 802 et
753 740 868 822 quanti
888 741 1065 826 poledrarii
1084 763 1160 804 cam
1179 742 1257 826 ipsis
1276 762 1354 804 esse
1447 745 1448 758 ³

201 820 338 906 possint,
358 829 389 880 et
413 819 473 902 ipsi
494 822 673 902 poledrarii
696 823 754 920 qui
772 823 869 886 liberi
885 833 973 902 sunt,
999 835 1033 888 et
1056 826 1090 888 in
1112 826 1182 908 ipso
1198 823 1354 886 ministe-

201 903 254 966 rio
271 902 430 967 bonolicia
445 901 629 982 habuerint,
648 904 688 967 de
711 907 843 969 allorum
860 908 971 972 vivant
987 908 1167 986 beneficiis,
1196 907 1355 970 similiter

201 995 234 1048 et
254 986 403 1064 fiscalini,
425 985 483 1070 qui
497 1009 621 1050 mansas
639 987 816 1052 habuerint
836 991 912 1054 inde
928 991 1053 1072 vivant,
1069 991 1173 1076 etqui
1195 991 1260 1054 hoc
1281 1011 1352 1051 non

200 1069 352 1134 babuerit
378 1069 418 1130 de
439 1069 603 1134 dominica
628 1072 764 1155 accipiat
778 1074 988 1156 provendam.

283 1153 334 1216 m.
376 1152 568 1214 l‘moviuear
594 1156 821 1238 unusquisque
854 1157 954 1222 iudex
985 1167 1022 1220 nt
1050 1158 1208 1222 sementia
1237 1163 1353 1218 nostru

202 1234 390 1298 nullatenus
410 1235 500 1318 pravi
518 1235 667 1300 homines
678 1240 791 1302 subtus
808 1249 938 1318 terram,
956 1241 1009 1304 vel
1027 1239 1129 1302 aliubi
1147 1238 1352 1302 abscondere

200 1317 335 1402 possint,
356 1327 389 1380 et
411 1328 543 1402 propter
561 1319 623 1383 hoe
644 1323 753 1384 messis
771 1323 877 1385 rarior
897 1323 962 1403 siat,
988 1323 1141 1388 similiter
1157 1331 1190 1384 et
1209 1321 1249 1384 de
1273 1320 1352 1382 aliie

201 1399 367 1462 maleficiis
384 1401 458 1463 illos
472 1402 684 1483 praevideant
702 1427 743 1466 ue
765 1405 942 1486 aliquando
961 1407 1068 1468 facere
1084 1405 1220 1494 possint.

281 1485 352 1546 LII.
369 1485 526 1548 Volumus
543 1495 579 1548 ut
593 1486 632 1548 de
648 1487 775 1562 lisoalis,
787 1490 840 1550 vel
856 1489 958 1553 servis
977 1487 1182 1566 uostris,sive
1200 1487 1241 1550 de
1253 1485 1354 1569 inge·
1448 1503 1449 1578 ᾗ

202 1565 276 1630 nnis
298 1567 355 1648 qui
372 1590 430 1648 per
448 1567 551 1646 tiseos,
570 1579 626 1628 aut
647 1571 741 1632 villas
763 1581 887 1634 nostras
903 1581 1109 1636 commanent
1128 1569 1265 1634 diversis
1287 1569 1354 1630 ho·
1448 1599 1449 1614 a

200 1649 342 1712 minibus
365 1651 496 1732 plenam
518 1659 551 1712 et
574 1651 732 1735 integram
745 1655 876 1737 qualem
888 1655 1063 1718 habuerint
1072 1654 1212 1718 reddere
1225 1651 1355 1714 iaciant
1448 1647 1449 1662 ¹

202 1731 366 1798 Iustitiam.

283 1816 368 1878 LIII.
394 1816 437 1878 Ut
455 1816 685 1912 ranusqaisqne
707 1819 807 1882 iudex
828 1820 1016 1904 praevideat
1034 1822 1177 1904 qualiter
1197 1817 1353 1880 homines

202 1897 303 1962 nostri
325 1899 366 1960 do
390 1918 505 1963 eorum
528 1899 711 1966 ministerio
731 1903 872 1967 latrones
897 1905 950 1970 vel
973 1905 1113 1968 malefici
1135 1901 1354 1966 nullomodo

203 2001 271 2044 esse
294 1981 429 2062 possint.

281 2065 366 2128 LIV.
397 2065 439 2124 Ut
459 2063 684 2147 unusquisque
708 2065 808 2130 iudex
828 2069 1017 2152 praevideat
1037 2067 1199 2153 quatcnirs
1224 2067 1353 2128 familia

200 2153 308 2210 nostra
332 2147 373 2208 ad
394 2167 508 2208 corum
536 2169 618 2231 opus
637 2149 723 2212 bene
747 2151 874 2214 laboret
896 2161 930 2214 et
955 2175 1016 2237 per
1035 2161 1176 2216 mercata
1199 2152 1353 2214 vacando

201 2251 267 2292 non
295 2238 355 2289 eat

281 2311 349 2375 LV.
373 2313 533 2377 Volumus
554 2323 590 2376 ut
606 2315 767 2399 quioquid
781 2316 822 2380 ad
835 2329 982 2380 nostrum
997 2341 1077 2402 opus
1097 2315 1221 2380 iudices
1241 2317 1349 2379 dede-

199 2393 278 2472 rint,
300 2395 351 2458 vel
380 2395 572 2474 servierint,
605 2408 661 2458 aut
681 2401 958 2482 sequestraverint
987 2403 1021 2464 in
1053 2423 1119 2462 uno
1139 2401 1238 2464 breve
1263 2422 1350 2462 con·

198 2477 298 2540 scribi
314 2477 495 2558 faciant,‚et
515 2480 676 2562 quicquid
693 2483 953 2565 dispensaverint
965 2484 999 2546 in
1018 2485 1093 2563 ulio,
1114 2493 1148 2546 et
1163 2483 1253 2567 quod
1269 2483 1352 2546 reli·

199 2581 302 2644 quum
322 2561 423 2623 fuerit
440 2563 533 2627 nobis
554 2565 766 2648 perbrevem
787 2567 1000 2630 innotescant.

280 2645 364 2706 LVI.
401 2647 444 2705 Ut
472 2646 698 2731 unusquisque
726 2649 826 2712 iudex
858 2651 892 2710 in
924 2657 1037 2712 eorum
1067 2647 1249 2712 ministerio
1283 2646 1353 2706 fre·

199 2725 356 2809 quentiirs
374 2728 554 2789 audientias
580 2739 700 2808 teneat,
723 2742 762 2794 et
786 2733 940 2796 iustitiam
964 2733 1078 2812 faciat,
1108 2742 1140 2796 et
1155 2727 1351 2815 praevideat

200 2808 344 2894 qualiter
364 2811 451 2872 recte
469 2811 609 2874 familiae
628 2825 757 2876 nostrae
769 2815 892 2878 vivant.

283 2893 383 2954 LVII.
419 2893 453 2954 si
474 2893 592 2976 aliquis
608 2917 648 2956 ex
669 2899 771 2959 servis
789 2899 906 2961 nostris
924 2921 1024 2982 snper
1043 2897 1231 2978 magistrum
1249 2918 1351 2958 suum

200 2973 294 3036 nobis
319 2975 359 3036 de
387 2997 481 3037 causa
502 2987 611 3038 nostra
635 2979 760 3062 aliquid
789 2982 891 3044 vellet
915 2983 1041 3058 dicere,
1077 2981 1146 3044 vias
1165 2980 1196 3042 ei
1223 2979 1262 3040 ad
1287 3001 1350 3040 noe

200 3057 358 3122 veniendi
383 3081 450 3120 non
466 3060 676 3140 contradicat,
697 3073 728 3124 et
750 3064 777 3124 si
799 3063 898 3126 iudex
921 3065 1113 3148 cognoverit
1129 3063 1218 3148 quod
1234 3061 1350 3122 iunio·
1449 3069 1450 3120 l

199 3162 251 3202 res
274 3139 363 3202 illius
383 3141 537 3204 adversim
560 3146 696 3206 eumad
718 3147 873 3229 palatium
895 3147 1127 3231 proclamando
1153 3145 1269 3209 venire
1292 3165 1351 3206 ve·

199 3223 274 3300 lint,
297 3231 377 3288 tunc
401 3224 469 3308 ipse
496 3225 595 3288 iudex
624 3237 736 3290 eontra
757 3251 811 3291 eos
832 3231 975 3292 rationes
994 3229 1179 3292 deducendi
1197 3228 1238 3288 ad
1253 3226 1349 3310 pala·
1404 3267 1408 3272 -

199 3306 284 3370 tium
302 3307 415 3368 venire
431 3308 539 3386 faciat,
559 3311 702 3392 qualiter
718 3333 833 3374 eorum
851 3313 1061 3396 proclamatio
1083 3312 1116 3371 in
1136 3311 1267 3372 auribus
1284 3329 1350 3370 no-

199 3389 273 3452 stris
294 3389 459 3451 fastidium
481 3413 546 3452 non
568 3405 713 3475 generet,
736 3396 830 3457 etsie
851 3398 1001 3458 volumus
1019 3415 1216 3478 cognoscere
1237 3400 1352 3454 utrum

203 3495 245 3535 ex
262 3473 463 3550 necessitate,
487 3497 540 3552 an,
564 3497 603 3536 ex
628 3478 821 3540 occansione
840 3480 985 3542 veniant.

282 3555 399 3618 LVIII.
435 3557 575 3636 Quando
595 3560 704 3620 catelli
732 3562 833 3623 nostri
857 3563 1019 3625 iudicibus
1037 3557 1251 3634 commendati
1272 3557 1352 3616 sue-

203 3637 271 3699 rint
291 3638 330 3700 ad
346 3639 568 3715 nutriendum,
587 3641 654 3722 ipse
674 3642 773 3705 iudex
792 3645 832 3705 de
848 3667 906 3708 suo
926 3667 981 3708 eos
1005 3645 1136 3719 nutriat,
1162 3651 1217 3702 aut
1236 3638 1352 3700 iunio·

199 3723 290 3782 ribus
306 3720 371 3782 suis
397 3721 430 3784 id
452 3731 499 3784 est
518 3721 712 3801 maioribus,
743 3727 941 3807 malesanis,
967 3728 1020 3790 vel
1043 3724 1223 3790 cellerariis
1261 3723 1349 3806 ipsos

202 3805 428 3868 commendare
450 3804 565 3882 faciest,
595 3808 755 3888 quatenus
780 3810 819 3871 de
843 3811 975 3874 illorum
996 3833 1091 3873 causa
1109 3805 1267 3871 eos'bene
1289 3827 1353 3864 nu·

201 3887 280 3948 triae
302 3887 439 3966 faciant,
467 3887 528 3949 nisi
544 3889 628 3951 forte
647 3891 745 3952 iussio
761 3902 881 3972 nostra,
897 3904 952 3954 ant
972 3895 1103 3976 reginae
1128 3890 1240 3966 fuerit,
1259 3897 1296 3948 ut
1313 3887 1350 3946 in
1449 3927 1450 3936 .

204 3970 284 4032 villa
303 3980 413 4032 nostra
433 3993 473 4032 ex
494 3980 604 4034 nostro
625 3995 679 4035 eos
695 3975 850 4053 nutriant,
875 3987 907 4036 ot
931 3986 1008 4038 tuno
1028 3977 1095 4058 ipsc
1120 3973 1219 4034 index
1240 3969 1351 4030 bomi-

204 4074 280 4113 nem
296 4053 336 4116 ad
357 4053 419 4115 laoe
443 4075 524 4136 opus
540 4053 660 4134 mittat,
690 4059 746 4139 qui
773 4058 857 4140 ipsos
870 4059 955 4120 bene
980 4059 1115 4133 nutriat,
1143 4065 1174 4116 et
1198 4061 1350 4137 segreget

209 4135 297 4196 unde
321 4137 518 4213 nutriantur,
544 4147 577 4198 et
593 4160 659 4200 non
680 4136 722 4201 sit
738 4141 787 4200 illi
807 4141 931 4202 homini
946 4141 1092 4222 quotidIe
1117 4136 1291 4200 necessitas
1306 4135 1349 4197 ad

208 4239 317 4279 scuras
339 4239 518 4280 recurrere.

288 4300 376 4361 LIX.
410 4303 640 4388 Unusquisque
656 4303 761 4384 iudex
789 4306 919 4392 quando
946 4305 1095 4374 servierit
1115 4325 1175 4390 per
1202 4299 1351 4386 singulos
