2928 4986
193 307 267 386 ³5⁶
457 325 492 380 a.
512 316 600 380 ces.
706 313 965 376 cannensem
1059 316 1123 378 sss.

277 487 349 528 nem
384 462 599 526 Ecclesiamm
636 455 741 520 edim·
791 457 840 521 26.
869 460 919 522 De
955 461 1253 524 commemoratione
1297 452 1345 522 al

304 543 419 610 lendis.
487 553 518 596 ‘-
873 543 1061 624 legationem
1099 541 1343 628 praedictorum

196 635 247 700 23.
302 629 516 718 eComitibos,
538 641 572 688 nt
589 625 742 688 ministris
872 627 1047 688 Missurum
1064 627 1255 711 pertinente.

278 708 440 778 Ecclesiae
463 713 496 771 in
515 711 579 771 sais
597 709 739 770 ministe-
1078 758 1088 780 κ
1267 761 1274 774 ι

280 800 338 858 riis
354 796 517 856 adiutores
538 795 610 852 sint.
790 778 840 840 ²7·
860 757 910 822 De
939 762 998 856 ¹²⁰⁶.
1025 757 1118 842 quod
1141 779 1202 844 per
1222 759 1343 822 Missos

198 885 247 962 24.
269 881 318 942 De
334 875 488 960 Capitulis
505 877 524 937 lt
545 873 741 936 Concellario
873 837 1051 941 d9Mlm⁶⁰⁸
1069 863 1107 904 ω
1122 862 1202 924 ‘lua'e
1213 863 1276 924 W
1285 841 1342 902 Ga*

277 961 393 1048 palatii
423 959 462 1020 ab
489 957 745 1038 Arcltiepiseopis
872 927 977 1010 ΡΜι
996 936 1219 1021 ⁵²“¹“²⁰‚⁸“'²²›
1243 944 1344 984 ΟΜ·

281 1057 312 1107 et
328 1043 500 1106 comitibus
520 1037 723 1123 accipiendis.
875 1009 932 1072 ⁶²⁴⁸
949 1021 1026 1070 ηοω
1035 1003 1120 1091 stell
1141 1005 1289 1068 debeant·

198 1130 249 1196 25.
271 1127 321 1188 De
346 1125 524 1190 nominibus
550 1123 693 1184 locorum
710 1121 744 1180 in
794 1124 845 1188 ae.
864 1121 1058 1186 Admonitio'
1076 1118 1122 1185 ad
1139 1143 1192 1186 eos
1211 1123 1269 1206 qni
1294 1120 1345 1182 le·

281 1210 393 1296 quibos
409 1207 504 1268 Missi
523 1204 678 1266 dominici
695 1202 742 1263 le·
873 1208 999 1288 gatione
1014 1206 1205 1290 fungantur.

281 1293 407 1376 gatione
422 1286 612 1370 srmgsmtnr.

301 1446 465 1506 litCIl’fflM'
488 1459 714 1503 snensscste'tn
734 1441 899 1505 Contenti
919 1463 957 1505 BT
979 1461 1087 1505 EORUM
1109 1461 1240 1504 THTUS.

682 1569 860 1652 Praesentia.

281 1679 308 1742 1.
352 1677 512 1740 Omnibus
533 1675 624 1740 vobis
648 1684 703 1738 ant
723 1675 797 1738 visu
818 1685 873 1738 ant
898 1677 1013 1739 auditu
1034 1688 1147 1742 notum
1173 1701 1242 1744 esse
1273 1701 1343 1744 non

197 1759 383 1828 dubitamus
407 1761 483 1843 qnia
510 1759 638 1843 genitor
663 1768 773 1820 noster
799 1768 832 1820 et
855 1762 1098 1843 progenitores,
1130 1765 1343 1847 postquami

196 1851 267 1910 Deo
284 1843 401 1907 adhoc
419 1843 515 1905 electi
527 1851 619 1916 sunt,
644 1841 677 1904 in
694 1842 756 1904 hoc
773 1843 948 1939 praecipue
964 1845 1161 1906 studuerunt
1177 1857 1215 1907 ut
1232 1846 1342 1910 honor

197 1938 327 1992 sanctae
349 1927 413 1990 Dei
438 1923 604 1988 Ecclesiae
625 1934 658 1986 et
679 1934 778 1986 status
809 1945 904 2008 regni
927 1926 1047 1990 decens
1075 1939 1230 1991 maneret.
1274 1931 1340 1992 Nos

198 2011 296 2076 etiam
309 2011 399 2070 iuxta
412 2009 543 2070 modum
557 2017 702 2069 nostrum
718 2028 831 2068 eorum
845 2019 1018 2094 sequentes
1033 2012 1230 2095 exemplum,
1245 2033 1340 2096 saepe

197 2103 339 2158 vestram
358 2091 565 2154 devotionem
583 2091 623 2152 de
642 2091 692 2151 his
709 2090 884 2154 admonere
904 2093 1104 2164 curavimns;
1137 2104 1170 2156 et
1188 2097 1261 2157 Deo
1278 2096 1341 2156 mi·
1450 2121 1451 2140 .

94 2241 107 2268 ‚
198 2186 325 2241 seranta
351 2175 454 2236 multa
476 2175 540 2234 iam
561 2173 732 2235 emendata
759 2182 792 2236 et
817 2184 963 2238 correcta
981 2175 1157 2239 sidonius:
1194 2178 1283 2240 unde
1310 2187 1342 2238 et

197 2263 269 2322 Deo
283 2261 381 2321 iustas
400 2257 513 2320 landes
530 2257 728 2339 persolvere,
747 2265 780 2320 et
806 2267 931 2321 vestrae
945 2257 1050 2321 bonae
1065 2259 1243 2322 intentioni
1260 2262 1342 2322 mul·

200 2342 339 2404 timodas
361 2340 514 2402 debemus
536 2339 651 2422 gratias
669 2340 807 2401 'referre

152 2459 175 2482 ’“
203 2451 260 2514 De
290 2448 403 2510 divina
428 2445 637 2530 providentia
663 2448 697 2506 in
725 2447 948 2508 constitutione
974 2451 1097 2510 Domni
1117 2449 1339 2533 imperatoris,

411 2527 501 2590 etde
523 2530 764 2590 conservatione
786 2530 883 2589 trium
905 2531 1132 2614 Capitalornm.

285 2641 328 2700 ΙΙ.
371 2637 437 2699 Sed
456 2637 610 2720 quoniam
638 2637 832 2719 complacuit
852 2635 983 2698 divinae
1011 2637 1237 2719 providentiae
1266 2661 1342 2702 nos-

201 2733 285 2785 tram
306 2721 564 2784 mediocritatem
586 2720 626 2782 ad
643 2719 706 2782 hoc
722 2720 920 2782 constituere
937 2729 974 2780 ut
990 2731 1117 2782 sanctae
1137 2743 1213 2783 suae
1232 2711 1346 2784 Eccle·

202 2807 268 2870 siae
291 2804 432 2886 stregai
453 2802 551 2864 huius
571 2825 681 2865 curam
720 2824 893 2881 oraremus,
914 2803 955 2864 ad
971 2801 1034 2864 hoc
1049 2811 1173 2866 certare
1187 2812 1220 2865 et
1239 2823 1298 2865 nos
1313 2813 1345 2864 et

202 2889 289 2951 salios
312 2909 349 2948 ac
370 2886 472 2950 socios
503 2894 628 2947 nostros
655 2825 768 2948 didius
785 2885 871 2948 vitae
888 2895 1015 2946 nostrae
1033 2897 1199 2970 optamus,
1218 2895 1268 2946 nt
1282 2886 1344 2947 tria

203 2971 389 3056 specialiter
408 2968 558 3050 Capitula
579 2977 612 3030 et
632 2968 970 3045 inanissimis,
993 2971 1063 3030 Deo
1083 2983 1177 3054 opem
1200 2967 1342 3044 ferente,

203 3057 239 3116 in
260 3053 357 3115 huius
379 3051 473 3134 regni
499 3049 778 3114 administratione
806 3051 992 3130 specialiter
1019 3059 1273 3122 conserventur;
1309 3049 1344 3111 id

204 3146 270 3215 est,
298 3145 336 3196 ut
355 3134 503 3196 defensio
523 3143 556 3196 et
577 3133 729 3194 exaltatio
750 3134 801 3194 vel
823 3135 930 3196 honor
952 3144 1079 3195 sanctae
1098 3134 1159 3196 Dei
1176 3131 1344 3195 Ecclesiae

204 3229 239 3280 et
253 3239 419 3280 servornm
433 3217 524 3278 iilius
540 3237 704 3298 congruus
724 3227 862 3294 maneat,
886 3225 918 3277 et
935 3238 997 3300 pax
1018 3227 1050 3278 et
1067 3216 1189 3278 iustitia
1203 3217 1238 3278 in
1256 3215 1346 3275 omni

205 3301 416 3383 generalitate
435 3299 549 3382 populi
575 3297 677 3360 nostri
704 3308 923 3361 conservetur.
966 3299 1003 3358 ln
1026 3298 1077 3360 his
1097 3299 1221 3381 quippe
1241 3296 1345 3358 maxi·

205 3385 257 3446 raa
275 3383 423 3458 studere,
448 3391 482 3441 et
497 3382 537 3443 de
551 3381 601 3443 his
617 3381 650 3440 in
672 3381 822 3443 omnibus
838 3380 965 3464 placitis
982 3403 1066 3462 quae
1085 3381 1256 3444 vobiscum
1273 3383 1344 3444 Deo

205 3466 384 3528 auxiliante
402 3463 544 3526 habituri
564 3485 684 3542 sumus,
707 3485 763 3556 pos
782 3464 955 3526 admonere
974 3473 1132 3547 optamus,
1155 3465 1242 3527 sient
1258 3463 1346 3526 debis

207 3560 297 3612 tores
312 3569 435 3610 snmus.

206 3659 263 3723 De
289 3657 348 3717 ltoc
368 3651 459 3736 qnid
478 3648 827 3730 adntonitorfirlelinm
850 3651 994 3712 Domnns,
1014 3653 1197 3735 Imperator
1216 3651 1282 3726 sit,
1317 3625 1347 3714 et

489 3755 595 3796 omnes
614 3731 739 3818 fideles
768 3733 930 3794 adiutores
952 3737 1063 3818 ipsius.

287 3846 346 3906 III.
389 3845 454 3907 Sed
481 3864 675 3927 quemqnam
696 3863 818 3902 summa
850 3839 944 3902 huius
967 3839 1139 3902 ministerii
1169 3838 1204 3900 in
1236 3849 1346 3910 nostra

204 3950 343 4014 persona
361 3927 537 3990 consistere
554 3925 715 4000 videatur,
737 3931 844 3985 tamen
860 3932 893 3984 et
909 3923 1019 3984 divinet
1034 3921 1223 3983 auctoritate
1241 3933 1274 3983 et
1288 3921 1349 3988 hu·

204 4013 299 4074 mani
324 4011 529 4072 ordinatione
550 4007 595 4067 ita
617 4029 676 4088 per
696 4016 801 4089 partes
821 4005 962 4068 divisum
979 4026 1047 4067 esse
1067 4003 1285 4087 cognoscitur,
1310 4015 1348 4067 ut

204 4095 429 4176 unusquisque
450 4091 594 4154 cestriam
611 4089 643 4149 in
661 4111 719 4150 sno
742 4089 814 4150 loco
833 4097 865 4148 et
882 4088 996 4149 ordine
1016 4097 1140 4170 partem
1162 4086 1265 4148 nostri
1282 4088 1348 4148 mi-

204 4175 331 4239 nisterii
346 4176 463 4237 habere
479 4182 702 4256 cognoscetur.
743 4171 838 4234 Unde
860 4179 993 4254 apparet
1008 4170 1098 4252 quod
1122 4189 1181 4265 ego
1199 4169 1351 4232 omnium

201 4259 347 4326 vestrim
369 4258 553 4342 admonitor
566 4276 633 4322 esse
650 4251 779 4344 debeo,¹
795 4261 829 4324 ct
850 4275 961 4323 omnes
981 4275 1037 4321 vos
1055 4261 1158 4320 nostn
1181 4251 1350 4324 adiutores
