2928 4986
337 273 478 332 acna
590 269 984 356 asaunraanconun
1088 269 1148 326 aaa.
1258 249 1327 324 aet

187 416 334 478 fidelium
358 412 599 490 donationibus,
618 413 729 497 palam·
745 412 871 474 eunctis
890 421 937 475 est
957 413 1086 472 factum.
1127 410 1257 473 ‘Deinde
1278 412 1330 473 di-

173 501 342 582 ligentem
358 496 603 580 inquisitionem
623 499 775 558 fecerunt
793 517 891 578 super
910 493 950 556 iis
972 495 1029 578 qui
1053 494 1087 552 in
1116 493 1230 554 eodem
1257 495 1331 556 loeo

187 583 371 664 regularem
405 579 655 662 promissionem
686 581 849 649 fecerant3
881 599 922 640 ex
959 578 1077 660 quibus
1114 575 1246 656 quidam
1273 578 1331 660 qui

188 665 324 726 eandem
344 661 579 745 professionem
600 663 756 738 fecerant,
786 661 966 722 desertores
998 659 1144 722 eiusdem
1171 661 1330 742 propositi

187 746 307 816 effecti,
331 745 427 806 rebus
450 744 599 805 humanis
622 743 686 803 iam
708 750 802 805 erant
830 744 989 826 exempti;
1017 760 1157 826 quorum
1189 743 1330 824 perditio

186 850 253 888 non
277 828 347 888 sine
368 848 484 910 magno
504 826 602 886 animi
625 826 695 888 lieri
716 834 823 910 potest
850 821 1008 887 moerore.
1059 818 1201 902 Quidam
1232 827 1331 886 etiarn

186 932 252 970 non
276 911 412 970 eandem
433 909 669 992 professionem
689 930 722 970 se
744 907 859 970 fecisse
882 907 1010 969 mentiti
1033 916 1120 984 sunt,
1155 907 1211 969 sed
1243 909 1331 970 testi—

185 995 245 1054 bus
266 993 450 1074 patentibus
472 991 639 1070 convicti,
668 1013 727 1074 pro
749 1013 806 1053 sua
828 989 1031 1052 contumacia
1052 989 1228 1052 canonicae
1249 1013 1330 1074 poe·

186 1076 342 1135 nitentiae
374 1085 453 1136 sunt
480 1075 614 1138 subacti.
657 1073 799 1154 Quidam
827 1094 917 1150 vero,
951 1073 1220 1133 immo'maxima
1245 1095 1330 1157 pars,

185 1159 242 1240 qui
264 1157 422 1220 hactenus
444 1159 478 1218 in
501 1157 691 1240 apostasiam
710 1155 853 1238 prolapsi
873 1157 1134 1233 fuerant,coram
1148 1155 1329 1233 venientes,

185 1242 320 1320 soloque
342 1262 374 1302 se
396 1250 650 1324 prosternentes,
673 1241 813 1301 confessi
835 1249 910 1299 sunt
932 1240 1068 1314 eandem
1098 1239 1333 1320 professionem

183 1325 218 1383 in
232 1322 346 1382 eodem
367 1324 440 1384 loeo
460 1322 655 1404 regulariter
675 1321 925 1404 se¹promisisse,
940 1321 1056 1402 suique
1078 1321 1236 1399 misereri,
1258 1330 1290 1382 et
1311 1323 1330 1382 a

185 1405 327 1466 Domino
349 1405 477 1465 veniam
497 1427 556 1488 pro
578 1415 667 1466 tanto
688 1406 825 1466 admisso
847 1405 916 1464 dari
936 1403 1106 1464 humiliter
1132 1402 1330 1485 flagitavere.
1401 1443 1404 1450 ,

187 1488 260 1564 Quat
290 1487 494 1549 confessione
528 1489 629 1556 factal,
660 1489 797 1550 cucullis
825 1487 876 1548 sui
908 1487 1064 1570 propositi
1095 1507 1204 1547 coram
1234 1493 1331 1548 coetu

184 1569 421 1652 Episcoporum
444 1579 477 1631 et
498 1579 699 1631 caeterorum
721 1571 932 1632 sacerdotum
962 1569 1139 1652 cunctique
1162 1570 1332 1650 sequentis

187 1651 312 1714 ordinis
334 1651 415 1712 cleri
438 1652 664 1734 nobiliumque
688 1654 842 1730 virorum,
866 1674 931 1713 non
954 1653 1080 1714 medical
1103 1651 1330 1714 circumadsis-

186 1745 276 1796 tente
299 1735 404 1812 turba,
426 1757 459 1796 se
482 1735 673 1812 induerunt,
696 1746 791 1817 atque
813 1735 847 1794 in
871 1757 1053 1812 commune,
1077 1756 1118 1796 ne
1140 1734 1330 1816 aliquando,
1375 1795 1378 1800 .

186 1816 283 1878 sicuti
304 1817 365 1877 sibi
386 1818 525 1899 aliisque
547 1817 611 1876 iam
633 1818 665 1876 in
683 1820 797 1879 eodem
819 1817 891 1878 loco
910 1819 1100 1900 contigerat,
1116 1828 1244 1878 sanctae
1259 1839 1332 1900 pro·

185 1899 335 1961 fessionis
356 1902 521 1982 proposito
544 1900 705 1962 diabolico
726 1900 995 1982 propulsarentur
1017 1900 1184 1977 instinctu,
1203 1900 1331 1983 regula-

185 2005 256 2043 rem
276 1983 523 2063 promissionem
545 1984 756 2045 iteraverunt.
777 1985 855 2044 Pars
876 1983 1017 2063 denique
1032 1983 1190 2064 quaedam
1206 2005 1330 2058 eorum,

187 2066 236 2124 illi
260 2065 385 2126 scilicet
406 2065 462 2147 qui
493 2065 624 2127 divinae
653 2063 872 2148 inspirationis
901 2087 1035 2124 munere
1069 2066 1131 2126 acti
1161 2075 1194 2126 et
1223 2085 1330 2125 amore

188 2147 344 2222 devincti,
367 2147 400 2206 in
423 2156 554 2210 sanctae
574 2148 744 2231 religionis
766 2147 931 2231 proposito
954 2147 1097 2229 adprime
1120 2149 1240 2228 absque
1262 2148 1331 2208 ulla

187 2232 404 2312 refragatione
427 2232 479 2291 vel
502 2231 753 2314 interpolatione
775 2231 949 2310 elegerunt
968 2229 1109 2290 viriliter
1128 2245 1330 2314 permanere,

109 2313 112 2324 “
188 2323 220 2373 et
242 2313 274 2370 in
299 2314 383 2372 cella
405 2313 550 2374 eiusdem
570 2309 700 2376 maioris
722 2312 920 2390 monasterii,
934 2321 1103 2394 postquam
1124 2315 1244 2374 caeteri
1265 2334 1332 2373 mo·

187 2395 342 2454 nasticam
352 2395 449 2456 vitam
470 2405 502 2456 et
519 2395 663 2456 habitum
683 2397 908 2472 deseruerunt,
923 2416 1025 2476 usquc
1042 2395 1082 2454 ad
1099 2394 1184 2454 hanc
1203 2405 1331 2458 nostrae

189 2477 445 2539 demandationis
462 2477 603 2538 habitam
621 2480 790 2562 Synodum
809 2477 939 2560 degere,
961 2485 1035 2537 ante
1054 2476 1116 2536 iam
1138 2479 1329 2540 memoratos

188 2559 393 2621 venerabiles
406 2563 517 2622 Patres
538 2562 902 2641 rene1·unt,locumque
919 2559 1102 2644 pristinum,
1117 2560 1151 2619 in
1173 2581 1240 2640 quo
1258 2581 1332 2643 pro·

191 2641 376 2702 missionem
402 2645 559 2720 fecerant,
582 2654 614 2704 et
632 2644 826 2725 regulariter
843 2643 920 2706 licet
937 2644 1044 2704 minus
1069 2644 1215 2725 perfecte
1237 2645 1331 2704 vixe-

187 2733 272 2800 rant,
286 2724 346 2785 sibi
367 2735 447 2786 etse
466 2727 632 2806 petierunt
644 2728 716 2787 loco
735 2726 872 2786 restitui.
908 2729 1056 2803 Quorum
1079 2726 1213 2787 semotio
1238 2727 1279 2786 ob
1296 2725 1330 2786 id

188 2806 359 2884 acciderat,
378 2810 543 2888 quoniam,
565 2819 602 2868 ut
623 2809 854 2891 praediximus,
878 2831 953 2868 mox
980 2818 1017 2868 ut
1045 2809 1158 2869 divina
1184 2809 1329 2892 dignatiq

188 2912 246 2949 nos
269 2895 402 2970 paternit
419 2891 495 2952 sede
517 2893 665 2975 suscepti
684 2891 906 2974 imperialibus
929 2893 1066 2974 'sceptris
1089 2891 1187 2952 inniti
1213 2893 1329 2968 voluit,

186 2973 258 3054 piae
274 2973 465 3033 intentionis
480 2984 605 3035 nostrae
619 2973 805 3034 sollicitudo
819 2974 1137 3056 exeqni'procuravit
1150 2984 1186 3034 ut
1199 2975 1328 3058 religio,

187 3057 297 3131 decor,
322 3063 355 3114 et
369 3055 472 3117 omnis
492 3055 644 3118 honestas
667 3058 831 3117 al'Domno
859 3065 892 3116 et
921 3056 1076 3118 Genitore
1102 3067 1211 3118 nostro
1235 3058 1329 3118 divae

186 3137 360 3196 memoriae
376 3139 498 3198 Karolo
522 3148 687 3222 coepta-et
707 3137 862 3217 instituta,
883 3137 1011 3219 liquido
1028 3149 1063 3216 et
1085 3140 1255 3218 veraciter,
1272 3162 1329 3201 re·

187 3229 272 3278 mota
288 3217 374 3280 omni
393 3220 611 3301 simulatione,
636 3223 670 3282 in
693 3221 833 3305 propriis
854 3221 1037 3304 quibusque
1058 3233 1204 3283 maneret
1224 3231 1257 3284 et
1275 3223 1328 3284 vi-

188 3311 278 3384 geret
301 3302 478 3364 ordinibus.
519 3306 614 3366 Unde
643 3304 683 3364 ad
710 3303 914 3379 monasticae¹
941 3301 1157 3366 institutionis
1183 3327 1328 3366 normam

187 3385 411 3467 corrigendam
433 3387 514 3450 duos
531 3387 698 3470 religiosos
715 3397 747 3449 et
763 3387 960 3448 venerabilis
972 3387 1055 3449 vitae
1071 3388 1157 3450 viros
1173 3388 1330 3450 Benedic-

186 3477 256 3526 tum
284 3477 316 3528 et
341 3467 517 3530 Arnulfum
538 3471 676 3531 Abbates
699 3469 937 3547 constituimus,
967 3471 1024 3552 qui
1046 3491 1106 3553 per
1134 3480 1280 3532 nostrum
1310 3473 1328 3532 al

188 3553 259 3610 Deo
279 3551 526 3632 gubernandum
541 3563 573 3612 et
593 3552 852 3615 conservandum
868 3552 1040 3634 imperium
1056 3552 1163 3613 seduli
1176 3553 1255 3616 huic
1273 3575 1328 3615 ne-

187 3633 274 3714 gotio
291 3633 433 3696 studiose
451 3637 648 3697 insisterent.
671 3636 772 3695 Iidem
788 3656 866 3695 vero
884 3635 963 3695 boni
984 3645 1016 3695 et
1034 3635 1156 3712 devoti,
1179 3637 1236 3698 sed
1249 3639 1328 3698 sim-

186 3713 353 3797 plicissimi
374 3719 495 3796 Patres,
518 3717 775 3800 supradictorum
797 3718 1130 3790 fratrum'calliditate
1150 3729 1182 3778 et
1207 3721 1328 3780 duritiei

156 3808 158 3813 '
187 3799 309 3880 suique
329 3798 534 3880 simplicitate
548 3801 689 3878 abducti,
704 3822 770 3860 non
793 3797 913 3878 studio,
939 3801 995 3861 sed
1022 3801 1130 3860 minus
1153 3803 1264 3862 subtili
1295 3798 1329 3862 et

188 3881 369 3942 necessaria
391 3882 641 3965 investigatione
666 3905 724 3944 seu
739 3883 947 3964 providentia
968 3885 1132 3958 fallentes,
1150 3883 1276 3967 eosqui
1292 3885 1327 3945 in

186 3963 348 4027 soliditate
370 3987 446 4027 suae
472 3967 633 4048 professae
661 3965 847 4027 salvationis
876 3965 1137 4050 perduraverunt
1159 3968 1175 4027 al
1199 3989 1327 4034 monas-

186 4047 268 4107 terio
291 4059 512 4127 removerunt,
530 4058 627 4131 atque
647 4049 680 4108 in
698 4058 872 4108 memorata
893 4048 974 4110 cella
1001 4045 1264 4128 collocaverunt,
1296 4061 1328 4111 et

186 4130 260 4190 illos
280 4131 336 4211 qui
354 4133 504 4214 propriae
520 4132 695 4194 voluntatis
714 4131 824 4192 libitus
841 4153 906 4192 non
933 4131 1064 4209 virtute,
1089 4133 1147 4194 sed
1173 4135 1325 4211 versutia,

186 4213 407 4296 quaesierunt,
427 4239 462 4278 ac
491 4215 576 4278 collo
597 4215 635 4278 de
660 4215 717 4278 sub
742 4215 817 4298 iugo
834 4215 966 4300 regulae
991 4237 1137 4294 excusso,
1162 4217 1232 4278 loro
1261 4217 1327 4279 dis-
