2952 4988
280 311 316 366 n
338 309 426 368 cna.
533 305 670 366 moun
689 304 923 386 rnanconun
1028 309 1091 373 ns
1179 290 1253 365 289

117 451 299 537 adportent.
320 451 363 514 Et
378 442 520 513 Comites
534 447 685 510 similiter
700 449 739 510 de
752 448 891 530 singulis
912 449 1058 512 centenis
1079 471 1149 513 esse
1171 453 1252 532 noti,
1283 491 1287 498 ι

116 547 182 598 tam
205 537 244 597 de
268 534 335 596 illis
358 532 416 616 qui
438 532 523 602 infra
549 552 633 614 pago
659 531 728 592 nati
756 541 855 610 sunt,
891 533 1079 614 pagensales
1104 534 1253 612 fuerint„

116 619 279 702 quinique
301 626 334 679 et
356 617 396 679 de
422 615 489 676 illis
514 613 572 697 qui
601 615 742 678 aliunde·
765 614 799 674 in
814 615 1013 677 vassallatico
1038 617 1253 682 commendati

116 711 202 764 sunt.
244 699 329 762 Etsi
349 698 451 760 fuerit
469 696 587 779 aliquis
607 697 666 780 qui
682 717 744 780 per
767 695 938 780 ingenium
953 698 1122 780 fugitando
1137 700 1178 762 de
1197 722 1255 764 eo-

117 785 231 845 mitatu
245 783 286 843 ad
302 782 402 844 alium
419 780 609 842 comitatum
622 801 655 842 se
671 789 806 862 propter
819 780 926 862 ‘ipsum
944 792 1179 844 sacramentum
1192 784 1256 846 ‹tis-

116 866 249 943 tulerit,
264 875 320 925 aut
334 886 394 948 per
406 863 589 946 superbiam
602 863 708 924 iurare
724 863 893 924 noluerint
909 863 1041 940 semoti,
1055 864 1257 947 perbrevem

116 949 309 1011 renuntiare
328 947 449 1023 sciant,
479 954 511 1006 et
525 945 606 1007 tales
622 955 748 1028 autper
765 944 970 1008 fideiussores
985 946 1123 1008 mittant.
1158 949 1207 1010 vEt
1227 948 1256 1010 si

118 1032 180 1114 ipsi
198 1031 403 1092 fideiussores
422 1049 487 1088 non
504 1027 678 1089 habuerint
696 1027 754 1109 qui
773 1028 808 1087 in
827 1028 1008 1111 praesentia
1021 1029 1142 1090 Domni
1160 1029 1258 1114 Regis

119 1115 194 1176 illos
211 1113 391 1191 adducant,
414 1111 474 1173 sub
494 1111 640 1174 custodia
656 1120 836 1172 serventur.
878 1110 944 1172 Aut
959 1111 986 1172 si
1002 1111 1035 1170 in
1056 1113 1115 1174 illo
1132 1112 1258 1176 vicinio

118 1197 264 1258 hahitare
285 1195 476 1272 voluerint,
498 1193 582 1255 sicut
594 1192 715 1255 caeteri
732 1193 852 1254 iurent.
893 1194 936 1254 Et
951 1193 977 1255 si
998 1195 1173 1276 fugitivum
1186 1196 1259 1280 quis

119 1279 308 1358 invenerit,
330 1281 459 1342 Damno
475 1277 556 1361 Regi
573 1277 758 1337 nuntiatum
775 1276 831 1336 liat
850 1297 910 1364 per
926 1275 1011 1360 ipsos
1029 1278 1152 1340 Missos.
1194 1338 1197 1344 .

162 1407 262 1495 Quid
279 1410 422 1470 Domnns
438 1409 511 1470 Rex
524 1407 596 1470 vuit
611 1409 778 1492 unicuique
799 1407 898 1489 Iegem
916 1428 1005 1470 saram
1016 1429 1218 1472 conservare.

146 1551 150 1556 “
198 1531 368 1602 XXXVII.
410 1538 584 1622 Explicare
611 1539 733 1600 dehent
759 1537 820 1622 ipsi
847 1537 937 1600 Missi
965 1538 1108 1621 qualiter
1131 1541 1261 1602 Domno

120 1621 201 1705 Regi
224 1622 410 1684 dictumest
426 1621 513 1703 quod
534 1621 629 1682 multi
645 1643 678 1683 se
696 1623 929 1704 complangunt
941 1621 1047 1704 legem
1059 1645 1125 1683 non
1142 1622 1263 1686 habere

120 1713 358 1780 conservatam,
392 1713 425 1764 et
455 1703 533 1786 quia
556 1703 689 1766 omnino
717 1705 868 1766 voluntas
891 1705 1012 1766 Domni
1032 1707 1129 1787 Regis
1156 1715 1204 1767 est
1226 1715 1264 1768 ut

121 1785 347 1870 unusquisque
371 1784 469 1848 homo
494 1809 585 1847 suam
605 1789 712 1870 legem
732 1787 875 1870 pleniter
894 1785 1010 1849 habeat
1032 1797 1264 1852 conservatam

120 1873 165 1934 Et
190 1870 216 1932 si
240 1868 338 1930 alicui
365 1879 478 1934 contra
498 1870 605 1952 legem
628 1870 751 1932 factum
774 1879 936 1947 est„non
961 1879 1009 1932 est
1032 1872 1184 1933 voluntas
1206 1893 1265 1932 sua

122 1976 185 2016 nec
217 1951 326 2014 iussio.
369 1953 593 2016 Veruntamen
619 1953 646 2016 si
676 1955 791 2016 Comes
814 1962 869 2038 apt
899 1951 1015 2018 Missus
1045 1953 1097 2016 vel
1125 1953 1266 2036 quilibet

121 2037 220 2098 homo
250 2035 312 2098 hoe
339 2035 436 2114 fecit,
465 2035 521 2096 fiat
550 2036 778 2110 annuntiatum
801 2037 930 2097 Domno
960 2035 1061 2118 Regi,
1095 2037 1173 2118 quia
1197 2037 1266 2121 ipse

122 2118 310 2204 plenissimi
337 2119 420 2180 haec
452 2119 625 2180 emendare
650 2120 731 2182 vult.
764 2121 808 2180 Et
840 2140 900 2202 per
932 2118 1077 2200 singulos
1096 2119 1268 2201 inquirant

124 2203 257 2286 qualem
273 2201 416 2264 habeant
430 2201 461 2264 le
486 2222 538 2262 em
554 2223 594 2263 ex
610 2202 763 2272 nomine;
787 2209 820 2261 et
837 2201 1026 2263 nullatenies
1049 2201 1119 2263 sine
1140 2200 1268 2265 Gemite

126 2287 168 2346 de
183 2285 348 2367 ipsopago
364 2223 669 2366 istamlegationem
682 2282 862 2370 perficiant.
882 2283 1028 2366 Excepto
1042 2284 1069 2346 si
1084 2283 1140 2345 ille
1152 2285 1268 2346 Comes

125 2368 161 2428 in
184 2367 247 2426 alia
266 2367 406 2428 utilitate
427 2366 548 2428 Domni
570 2367 666 2450 Regis
692 2367 792 2430 fuerit
814 2375 876 2438 n),
899 2375 955 2428 aut
968 2367 1077 2450 aliqua
1097 2365 1267 2431 infirmitas
1295 2395 1302 2402 ’

126 2471 201 2513 eum
219 2447 422 2528 detinuerit,
445 2449 535 2534 quod
554 2449 599 2514 ibi
617 2471 766 2513 essenon
789 2449 915 2510 habeat.

380 2579 423 2642 Ut
438 2601 544 2642 omnes
564 2599 596 2641 se
615 2591 812 2665 praeparent
831 2577 877 2640 ad
893 2577 1019 2641 bellum.

212 2711 396 2777 XXXVIII.
419 2756 458 2776 .,.
480 2759 487 2774 .
510 2759 517 2774 .
543 2758 550 2774 .
572 2711 617 2774 tia
637 2677 778 2775 habeant
796 2713 857 2798 ipsi
872 2711 960 2792 Missi
982 2715 1045 2775 unal
1062 2737 1135 2776 curn
1139 2763 1268 2782 .....

125 2816 201 2855 rum
215 2794 403 2858 ministeriis
421 2796 564 2875 fuerint,
594 2804 632 2858 ut
656 2817 778 2860 omnes.
800 2841 808 2857 .
830 2843 839 2858 .
923 2841 930 2856 .
952 2795 1016 2858 hoc
1033 2820 1119 2859 anno
1135 2800 1270 2862 veniant

127 2877 292 2940 hostiliter
309 2879 343 2938 in
360 2873 475 2941 solatio
478 2922 640 2942 ......
662 2878 747 2942 sicut
769 2899 826 2940 sua
845 2878 947 2940 fuerit
963 2879 1080 2957 iussio,
1103 2890 1135 2941 et
1155 2905 1269 2965 pacem

128 2960 236 3022 intran
239 3005 459 3022 ........
482 2971 519 3023 nt
535 2962 622 3022 infra
638 2961 741 3046 patria
756 2961 815 3045 qui
830 2983 890 3044 per
905 2961 1056 3042 epistolas
1070 2985 1142 3026 suas
1157 2967 1207 3027 de.
1229 3009 1237 3028 .
1261 3012 1268 3027 .

130 3087 258 3104 .....
281 3045 308 3107 is
330 3043 514 3130 significare
542 3047 632 3126 vult,
663 3045 795 3128 quando
818 3043 873 3108 vel
904 3044 960 3106 uhi
981 3089 989 3106 .
1011 3090 1020 3106 .
1040 3088 1048 3106 .
1072 3090 1080 3110 .
1103 3089 1111 3109 .
1133 3091 1141 3108 .
1164 3058 1213 3109 ter
1234 3069 1268 3112 se

128 3127 295 3212 coniungi.

576 3277 700 3347 ΕΜ,
728 3276 838 3341 Car..
972 3296 989 3334 c

228 3449 348 3545 Apud
387 3448 585 3521 Baiuzium
618 3445 691 3517 too
732 3447 815 3518 loco
853 3449 1070 3520 inseruntur
1105 3447 1269 3526 eiusdem

131 3550 288 3644 Pippini
311 3549 449 3637 viginti
483 3570 617 3620 noremx
645 3546 822 3640 Capitale
854 3570 900 3617 ex
931 3550 1010 3640 lege
1036 3550 1268 3645 Langobar-

132 3649 489 3738 (intumescamus,
524 3668 620 3740 quae
647 3671 736 3716 vero
762 3671 862 3716 nunc
887 3651 1027 3719 omissa
1052 3665 1158 3738 sunt,
1186 3679 1271 3734 eum

133 3749 237 3839 infra
264 3749 305 3817 in
329 3748 449 3840 ipsius
473 3744 592 3836 Legis
618 3743 962 3840 Longobardorum
987 3749 1149 3850 editione
1174 3755 1270 3830 iusto

132 3869 200 3917 suo
227 3845 359 3916 ordine
385 3856 592 3916 occurrent.

168 4149 210 4211 o)
227 4142 261 4198 tl.
278 4158 326 4198 ms.
344 4161 401 4196 non
417 4142 515 4214 suerit.
