2958 4986
307 353 342 409 e.
364 351 452 411 cun.
559 351 696 412 aucun
714 355 950 415 rnsnconuu
1056 357 1117 417 soi.
1209 339 1279 414 167

139 504 222 560 tunc
242 517 276 559 se
292 495 484 579 imparatum
506 515 575 557 esse
598 495 718 558 dixerit
735 507 768 559 et
787 495 991 582 praeterierit
1010 498 1215 577 mandatum,
1238 501 1279 561 ad

139 579 298 723 palatium
309 579 524 661 perducatur;
549 587 581 638 et
597 600 664 642 nou
686 579 793 642 soldm
808 580 885 658 ille,
906 580 1074 644 sedetiam
1095 584 1279 665 omnesqui

165 685 288 724 annum
306 661 358 724 vel
376 670 585 746 praeceptum
600 671 746 724 nostrum
762 663 987 747 transgredere
1005 674 1223 746 praesumunt.

184 771 234 832 De
261 773 379 833 honore
397 769 627 856 Episcoporum
648 783 679 830 et
696 771 968 850 Presbyterorum.
996 768 1038 832 Ec
1058 769 1097 830 de
1117 774 1236 857 scriptiis

641 854 774 917 illicitis.

210 959 359 1022 XXXV.
401 960 444 1021 Ut
457 980 567 1025 omnes
582 961 715 1023 omninb
730 961 908 1046 Episcopus
927 971 959 1022 et
971 960 1181 1044 Presbyteros
1202 985 1277 1028 suos

142 1043 233 1110 omni
254 1043 379 1104 honore
398 1053 598 1106 venerentur
620 1044 653 1104 in
681 1046 815 1107 servitio
836 1055 868 1106 et
888 1043 1054 1106 voluntate
1078 1045 1156 1115 Dei;
1180 1056 1212 1106 et
1236 1070 1277 1109 ne

142 1126 276 1192 incestis
294 1123 416 1206 nuptiis
434 1137 467 1186 et
485 1147 518 1188 se
535 1126 620 1210 ipsos
638 1137 670 1188 et
685 1138 828 1190 caeteros
843 1127 1004 1204 maculare
1022 1127 1180 1205 audeant,
1203 1152 1279 1190 con·

141 1210 327 1273 iunctiones
342 1209 449 1270 facere
468 1230 534 1268 non
556 1222 762 1292 praesumant
780 1221 952 1294 antequam
968 1209 1120 1292 Episcopi
1138 1211 1278 1295 Presby-

140 1293 204 1358 teri
224 1313 298 1356 cum
321 1290 504 1355 senioribus
532 1292 645 1376 populi
670 1293 983 1378 consanguinitatem
1010 1293 1278 1376 coniungentium

141 1375 319 1457 diligenter
346 1373 543 1456 exquirant3
574 1385 605 1436 et
640 1386 719 1439 tunc
746 1401 818 1440 cum
840 1375 1069 1442 benedictione
1093 1377 1277 1458 iungantur.

140 1457 343 1522 Ebrietatem
360 1457 522 1536 devitent,
548 1461 911 1544 rapacitatemvfugiant,
928 1461 1051 1524 lurtum
1064 1480 1128 1520 uon
1142 1460 1276 1530 fanianu

143 1544 221 1606 lites
238 1551 270 1604 et
287 1539 513 1603 contentiones
538 1551 632 1623 atque
647 1543 871 1626 blasphemia,
889 1543 955 1606 sive
977 1542 1011 1602 in
1036 1541 1192 1603 conviviis
1211 1543 1278 1605 sive

143 1627 181 1687 in
196 1623 391 1708 conplacito,
405 1624 538 1687 omniuo
552 1625 749 1707 devitentur,
760 1629 817 1692 sed
828 1650 902 1690 cum
915 1624 1047 1690 caritate
1063 1627 1279 1689 etconcordia

141 1709 262 1771 vivant.
984 1709 987 1716 ’

147 1813 193 1877 Ut
205 1835 312 1877 omnes
324 1813 434 1876 Missis
448 1814 617 1878 dominicis
633 1819 859 1878 consentientes
873 1819 936 1876 sint
951 1814 996 1875 ad
1009 1815 1145 1876 iustitias
1156 1813 1279 1898 facien*

454 1899 522 1960 das.
551 1899 594 1960 Et
608 1899 648 1960 de
664 1903 808 1984 periurio
826 1899 983 1974 cavendo}

227 2003 377 2069 XXXVI.
417 2005 461 2066 Et
473 2015 508 2066 ut
529 2027 640 2068 omnes
656 2006 790 2070 omninb
809 2007 849 2068 ad
870 2027 998 2068 ornnem
1017 2005 1170 2068 iustitiam
1192 2025 1281 2066 exse-

144 2087 310 2170 quendam
334 2087 438 2149 Missis
460 2089 577 2150 nostris
599 2089 664 2150 sint
687 2089 946 2160 consentientes;
971 2098 1003 2152 et
1025 2111 1118 2150 usum
1142 2087 1281 2170 periurii

144 2169 280 2231 omninb
302 2191 367 2230 non
383 2172 589 2253 permittant,
612 2174 688 2254 quia
703 2173 766 2235 hoc
779 2172 951 2256 pessimum
971 2173 1077 2234 scelus
1096 2169 1281 2231 Christiano

143 2252 267 2336 populo
280 2254 402 2314 auferri
418 2275 549 2316 necesse
574 2264 629 2316 est.
659 2257 693 2317 si
709 2256 781 2338 quis
797 2265 904 2316 nartem
921 2266 993 2336 post
1010 2255 1073 2316 hoc
1088 2254 1120 2312 in
1136 2253 1281 2336 periurio

142 2335 298 2418 probatus
318 2337 439 2412 fuerit,
462 2359 593 2398 manum
614 2339 746 2399 dextera
764 2360 891 2420 semper
910 2337 1081 2410 dercsciat3
1104 2346 1210 2397 tamen
1227 2336 1282 2396 be-

144 2416 283 2480 reditate
300 2419 430 2502 propria
446 2419 615 2503 priventur
627 2443 729 2504 usquc
750 2422 790 2483 ad
808 2416 953 2482 nostrum
967 2421 1133 2482 iudicium.

240 2529 295 2590 De
311 2527 481 2611 patricidis
501 2543 533 2591 et
540 2526 745 2611 fratricidis,
769 2529 852 2590 etde
875 2531 1193 2614 eorumpoenitentia.

228 2631 398 2695 XXXVII.
439 2639 482 2698 Ut
510 2635 545 2696 hi
571 2635 627 2719 qui
648 2636 817 2718 patricidia
838 2637 890 2698 vel
915 2636 1095 2698 fratricidia
1122 2636 1284 2714 fecerint,

146 2716 364 2794 avunculum,
386 2727 554 2800 patruum,
577 2719 630 2780 vel
646 2719 789 2798 aliquem
806 2741 847 2780 ex
867 2719 1060 2804 propinquis
1082 2719 1285 2796 occiderint,

147 2808 181 2860 et
212 2798 370 2860 iudicium
397 2801 654 2885 Episcoporum‚
691 2802 790 2864 Presb
814 2811 983 2881 terorum,
1018 2812 1286 2884 caeterorumque

146 2881 297 2942 Indicum
322 2882 456 2948 obedire
478 2894 510 2946 ct
539 2885 724 2946 consentire
745 2825 934 2962 uniuerint,
967 2887 1055 2969 quod
1080 2884 1120 2945 ad
1151 2885 1288 2946 salutem

148 2963 274 3025 animae
303 2987 378 3026 suae
406 2966 592 3050 iustumque
620 2966 778 3029 iudicium
799 2969 991 3031 solvendum
1014 2968 1102 3030 Missi
1127 2969 1228 3028 nostri
1256 2977 1290 3027 et

150 3047 293 3107 Comites
311 3048 344 3107 iu
364 3049 457 3110 Italia
472 3049 618 3112 custodia
633 3059 779 3111 coartent
793 3061 829 3110 ut
845 3052 923 3112 salvi
939 3056 1021 3128 sint,
1046 3073 1106 3112 nco
1123 3060 1290 3110 caetorum

150 3129 310 3211 populum
332 3131 567 3214 coinquinent,
597 3153 699 3215 usqne
722 3131 798 3192 dum
819 3134 852 3193 in
878 3145 986 3196 nostra
1007 3133 1189 3218 praesentia
1214 3153 1290 3216 per·

150 3211 336 3290 ducantur,
357 3222 389 3274 et
410 3215 449 3276 de
467 3237 519 3276 res
536 3215 682 3298 proprias
696 3237 768 3276 suas
792 3215 925 3278 interim
947 3217 1031 3279 nihil
1050 3217 1201 3302 habeant.
1243 3283 1246 3288 ,

387 3321 435 3380 De
450 3321 573 3392 illicitis
593 3333 623 3380 et
639 3321 767 3382 incestis
787 3325 1070 3386 coniunctionibus.

234 3419 423 3488 xxxvm.
466 3426 623 3488 similiter
644 3436 677 3487 et
694 3426 746 3488 his
770 3428 825 3490 sat
848 3429 906 3512 qut
936 3430 1072 3498 inlicitis
1102 3442 1134 3494 et
1160 3402 1293 3495 incessis

152 3505 441 3571 coniunctionibus
455 3507 645 3592 reprehensi
664 3520 740 3571 sunt
757 3511 919 3594 correpti,
943 3522 975 3572 et
995 3534 1055 3574 nec
1072 3536 1104 3575 se
1122 3515 1294 3577 emendare

152 3589 287 3664 volunt,
312 3611 419 3675 neque
435 3591 605 3674 Episcopis
633 3614 740 3674 neque
761 3594 962 3678 Presbyteris
982 3596 1047 3657 suis
1071 3597 1294 3682 obtemporare

152 3681 186 3733 ct
206 3671 351 3732 bannum
371 3683 515 3734 nostrum
533 3685 744 3756 praesumunt
763 3685 984 3738 contemnere.

170 3847 174 3854 .
274 3777 316 3839 Ut
333 3780 594 3860 nemoferamina
605 3779 740 3860 sacretur
755 3785 789 3841 in
802 3779 978 3861 forestibus
996 3783 1175 3846 dominicis.

239 3859 391 3923 XXXIX.
433 3865 476 3924 Ut
504 3863 538 3922 in
565 3863 702 3924 forestes
733 3873 856 3925 nostras
885 3866 1041 3926 feramina
1066 3877 1175 3927 nostra
1203 3861 1297 3928 nomo

152 3943 256 4003 iurari
273 3945 410 4020 audeat,
432 3944 598 4029 quodiam
615 3946 724 4008 multis
741 3947 865 4008 vicibus
881 3948 952 4009 lieri
968 3950 1241 4024 contradiximus,
1266 3962 1299 4012 et

154 4047 242 4087 nunc
260 4026 378 4088 iterism
395 4027 568 4089 bannimus
592 4027 729 4088 firmiter
750 4039 786 4088 nt
804 4051 901 4089 nemo
923 4033 1060 4114 ampliirs
1079 4031 1192 4108 faciat,
1215 4035 1299 4095 siout

153 4108 345 4170 fidelitatem
372 4111 465 4174 nobis
490 4110 678 4192 promissam
706 4111 931 4195 unusquisque
955 4109 1148 4176 conservare
1172 4119 1299 4200 cupiat,

153 4191 201 4250 ita
225 4189 286 4250 sibi
314 4203 434 4254 caveat.
478 4194 511 4256 Si
537 4193 611 4337 quis
632 4204 740 4254 autem
763 4196 878 4256 Comes
907 4197 961 4256 vel
981 4197 1216 4278 centenarius,
1247 4209 1301 4260 aut
1355 4217 1359 4226 “

154 4273 421 4356 ῌιιεειιεμοεῑετ,
444 4287 499 4340 aut
520 4275 638 4358 aiquis
661 4277 700 4338 dc
721 4276 987 4343 Ministerialibus
1007 4280 1125 4345 nostris
1144 4281 1302 4346 feramina
