2952 4988
185 337 256 414 tao
436 355 471 411 s.
492 353 579 411 cna.
684 350 943 408 carrruaanm
1047 358 1132 442 sos„

181 497 426 582 adquisivimus,
454 505 487 560 et
505 494 656 558 victorias
669 493 787 554 multas
807 489 989 571 habuimus,
1012 497 1166 584 deinceps
1184 519 1326 566 summo·

166 584 258 668 pere
277 581 427 644 omnihus
451 579 543 642 nobis
562 576 801 662 providendum
819 585 868 637 est
888 598 929 638 ne
946 599 1006 659 pro
1024 585 1198 664 praedictis
1215 585 1326 650 saliti..

180 667 222 728 tis
245 675 277 728 et
292 662 506 748 spurcissimis
522 661 681 738 luxuriis,
704 658 773 738 his,
796 659 885 740 quod
903 659 1003 740 absit,
1024 685 1199 730 careamus,
1240 672 1326 732 Nam

179 749 299 810 multae
318 747 487 830 regiones,
512 749 595 827 qu'ae
615 764 726 806 rerum
746 741 968 804 Ecclesiamm
985 745 1189 828 invasiones,
1214 761 1326 813 vasta·

179 833 302 906 tiones,
331 830 565 904 alienationes,
597 825 864 907 vexationesque,
889 835 922 888 et
940 829 1153 892 sacerdotum
1172 835 1327 916 reliquo·

178 935 316 996 rumque
329 932 496 974 servorum
518 909 580 972 Dei
600 909 846 992 oppressiones,
873 911 925 970 vel
941 931 1153 994 quascunque
1174 916 1325 994 iniurias,

179 1019 262 1080 quae
286 997 349 1056 iam
368 995 452 1056 dictu
476 992 619 1070 inlicita,
644 1001 677 1053 et
695 991 874 1068 adulteria,
900 993 953 1054 vel
979 997 1202 1060 sodomiticam
1222 1001 1325 1060 luxu-

178 1083 271 1156 riam,
293 1079 345 1142 vel
361 1076 624 1138 commixtionem
642 1075 850 1135 meretricum
871 1084 1011 1138 sectatae
1029 1081 1183 1158 fuerunt,
1205 1103 1266 1142 ncc
1288 1083 1324 1142 in

177 1163 267 1224 bello
289 1161 427 1224 seculari
449 1161 549 1219 fortes
572 1158 681 1220 necin
699 1155 761 1217 lide
777 1157 907 1218 stabiles
923 1161 1144 1240 perstiterunt.
1184 1166 1227 1226 Et
1240 1187 1324 1247 qua-

179 1249 256 1309 liter
281 1243 440 1306 Dominus
456 1241 571 1304 talium
594 1239 769 1303 criminum
789 1242 1004 1322 patratoribus
1036 1244 1174 1310 ultrices
1201 1269 1325 1330 poenas
1389 1315 1391 1322 Α

177 1351 238 1414 per
263 1329 456 1390 Sarracenos
476 1333 509 1386 et
532 1325 612 1386 alios
633 1323 770 1406 populos
792 1323 906 1386 venire
928 1333 960 1386 et
997 1328 1120 1390 servire
1162 1330 1325 1412 permisit,

120 1417 124 1422 “
178 1411 305 1474 cunctis
325 1432 436 1472 earum
452 1417 540 1491 gesta
555 1405 739 1490 legentibus
758 1405 873 1487 liquet.
915 1407 958 1468 Et
976 1409 1037 1471 nisi
1058 1431 1117 1473 nos
1132 1413 1171 1474 ab
1195 1411 1245 1474 his
1268 1435 1325 1474 oa·

178 1515 321 1570 neamus,
336 1493 453 1554 similia
471 1490 563 1552 nobis
580 1489 792 1572 supervenire
814 1510 880 1550 uon
898 1489 1094 1573 dubitamus,
1108 1496 1185 1579 quia
1200 1496 1325 1558 vindex

178 1587 227 1639 est
248 1575 396 1638 Deuade
418 1574 469 1636 his
491 1573 650 1634 omnibus.
693 1574 901 1654 Quapropter
920 1573 1001 1634 sciat
1016 1579 1240 1661 unnsquisque
1261 1578 1346 1638 no-¹

131 1691 132 1702 κ
178 1661 226 1721 bis
248 1658 412 1720 subiectus
432 1656 510 1740 quia
530 1656 588 1753 qni
605 1655 639 1714 in
656 1677 723 1716 uno
742 1677 782 1716 ex
801 1653 852 1716 his
870 1665 1020 1739 repertus
1037 1670 1134 1743 atque
1152 1661 1324 1722 convictus

178 1741 292 1820 fuerit,
307 1751 339 1802 et
353 1741 507 1818 honores,
524 1762 551 1800 sr
567 1738 676 1814 habet,
698 1758 810 1800 omnes
829 1740 979 1820 perdere,
1004 1743 1086 1802 etin
1109 1765 1275 1805 carcerem
1289 1765 1324 1806 se

178 1845 282 1907 usque
302 1823 340 1886 ad
360 1819 489 1884 iustam¹
502 1819 774 1898 emendationem,
792 1831 887 1903 atque
912 1843 972 1904 per
985 1825 1137 1904 publicae
1155 1827 1327 1910 poeniten·

178 1910 243 1970 tiae
267 1907 528 1981 satisfactionem,
542 1903 667 1966 retrudi
692 1912 725 1964 et
746 1905 784 1964 ab
810 1904 898 1966 omni
923 1905 1067 1970 fidelium
1086 1908 1249 1975 consortio
1270 1909 1326 1969 tie·

177 1991 207 2052 ri
226 1990 380 2051 alienum.
422 1988 526 2052 Valde
542 1987 630 2048 enim
647 1986 794 2048 cavenda
814 1995 861 2048 est
876 1986 933 2048 illa
963 1989 1059 2053 fovea
1090 1993 1123 2052 in
1151 2013 1250 2076 quam
1268 1991 1328 2051 ali·

146 2103 153 2116 ·
179 2095 213 2136 os
235 2073 390 2135 cecidisse
408 2070 629 2154 cognovimus.

394 2235 670 2298 EPISTOLA
711 2234 1110 2310 INCREPATORIA

183 2370 252 2444 Aa
283 2369 496 2440 Monaohos
528 2368 653 2438 saneti
687 2367 851 2438 Martini
902 2369 1150 2458 Turonensis,
1197 2370 1329 2442 iubens

179 2473 236 2542 nti
264 2469 450 2542 Clericnm
492 2465 752 2562 leeoduiplri,
792 2467 979 2562 Episcopi
1019 2469 1347 2560 Aurelianensis,

181 2571 245 2668 qni
264 2571 318 2640 ad
332 2569 415 2638 ilios
433 2579 520 2662 post
536 2567 729 2661 pubiicum
746 2566 933 2662 Episcopi
946 2570 1007 2642 sui
1024 2571 1207 2640 indicium
1230 2597 1329 2641 con-

243 2671 417 2764 fugeret,
442 2680 482 2738 ut
498 2692 538 2738 se
549 2691 701 2761 poenae
729 2667 977 2759 subtraheret,
1015 2671 1050 2739 ei
1085 2672 1258 2742 reddent.

184 2816 350 2910 Epistola
375 2815 512 2886 Domni
538 2813 663 2883 Karoli
701 2787 936 2905 Imperatoris
967 2815 1014 2884 ad
1039 2816 1212 2886 Albinum
1249 2818 1332 2887 Ma·

210 2919 363 3010 gistrum
384 2925 421 2984 et
443 2915 490 2982 ad
516 2913 843 3006 congregationem
868 2916 985 2984 sancti
1010 2915 1162 2986 Martini
1185 2919 1304 2988 missa.

185 3045 236 3157 In
258 3092 391 3155 nomine
413 3091 530 3170 Patris,
547 3097 594 3152 'et
609 3090 699 3168 Filii,
722 3099 756 3152 et
775 3089 914 3173 Spiritus
939 3089 1060 3154 Sancti.
1103 3089 1269 3171 Kennatis,
1298 3106 1331 3153 et

185 3181 317 3262 reliqua.
365 3175 485 3237 Albino
509 3173 689 3235 venerabili
722 3174 871 3254 magistro
893 3183 925 3234 et
952 3175 1041 3234 omni
1074 3175 1330 3258 Congregationi

186 3259 373 3326 monasterii
386 3257 490 3320 sancti
505 3256 648 3317 Martini.
664 3255 774 3317 Pridie
789 3278 885 3337 quam
899 3257 939 3316 ad
960 3265 1102 3318 nostram
1113 3259 1332 3341 praesentiam
1349 3253 1353 3260 ’

186 3343 313 3424 duobis
331 3342 425 3401 missa
440 3339 584 3402 venisset
609 3338 756 3422 epistola,
780 3339 905 3400 adlatae
934 3347 1010 3400 sunt
1032 3340 1125 3402 nobis
1154 3341 1285 3402 litterae
1313 3343 1332 3400 a

185 3425 375 3490 Theodulfo
392 3423 553 3565 Episcopo
569 3422 692 3499 missae,
708 3417 946 3503 quaerimonias
975 3423 1184 3484 continentes
1213 3424 1253 3483 de
1282 3423 1333 3482 in-

187 3507 403 3574 honoratione
445 3504 588 3564 ominnm
601 3525 744 3581 suorum,
765 3512 799 3564 et
812 3513 958 3566 nontam
982 3505 1114 3566 illorum
1130 3527 1226 3588 quam
1239 3505 1333 3586 Epis-

188 3592 262 3676 copi
278 3590 377 3666 huius
398 3587 548 3664 civitatis,
572 3588 624 3648 vel
657 3595 846 3669 contemptu
877 3587 1027 3648 iussionis
1052 3589 1180 3671 imperii
1216 3587 1331 3647 nostri.

186 3679 293 3754 Quam
311 3671 489 3733 iussionem
511 3671 550 3730 de
570 3669 755 3730 redditione
772 3669 941 3730 cuiusdem
960 3670 1080 3731 Clerici
1108 3671 1149 3732 de
1184 3669 1333 3730 custodia

186 3757 289 3841 ipsius
311 3753 425 3837 elapsi,
444 3761 478 3814 et
496 3753 529 3812 in
546 3751 679 3813 basilica
692 3752 796 3812 sancti
816 3750 951 3812 Martini
966 3751 1136 3830 latitantis,
1148 3755 1208 3814 sub
1226 3751 1333 3812 nostri

187 3837 328 3918 nominis
345 3836 537 3897 auctoritate
568 3833 774 3896 conscribere
797 3834 961 3905 iussimus;
991 3837 1084 3897 cuius
1110 3837 1205 3896 etiam
1236 3834 1332 3896 nobis

188 3920 387 4004 exemplaria
414 3917 555 3994 misistis,
578 3916 749 3998 inquibus
769 3937 828 3977 nos
846 3938 1051 4000 nequaquam
1068 3919 1187 3981 iniuste
1208 3918 1336 3998 aliquid

189 4001 385 4080 decrevisse,
408 3999 545 4062 ntvobis
563 3998 666 4060 visum
683 3999 757 4074 snit,
776 4008 937 4082 putamus.
980 4001 1044 4061 Sed
1075 4023 1149 4062 cum
1177 3993 1334 4082 utrasque

96 4090 98 4094 ’
188 4086 354 4170 epistolas,
374 4093 514 4146 vestram
529 4081 656 4144 scilieet
671 4104 708 4143 ac
728 4083 891 4159 Teodulli,
914 4081 1006 4144 nobis
1031 4084 1178 4165 relegere
1200 4084 1336 4145 fecisse-

162 4191 270 4246 «mus,
287 4166 431 4250 asperior
450 4166 555 4225 multo
573 4165 667 4226 nobis
696 4173 730 4226 et
752 4165 1024 4226 cumiiraeundia
1056 4167 1234 4248 composita
1261 4188 1336 4227 ves-

187 4261 249 4327 tra,
275 4271 374 4332 quam
395 4247 559 4324 Teodulfi,
595 4241 768 4309 videbatur
798 4247 946 4332 epistola,
969 4256 1003 4308 et
1020 4247 1055 4307 in
1083 4249 1175 4309 nullo
1197 4271 1272 4330 erga
1298 4250 1338 4307 il-

189 4331 260 4395 lum
276 4331 418 4394 caritatis
432 4330 640 4394 condimento
655 4351 812 4415 respersa,
832 4329 889 4416 sed
909 4330 1019 4416 potius
1045 4333 1136 4416 quusi
1153 4353 1248 4404 reum
1282 4327 1338 4394 de·
