2958 4986
223 295 299 380 ,162
468 298 515 376 Ἀ.
536 315 623 375 cua.
728 315 986 374 carnotenis
1090 319 1155 376 sos.

438 459 482 522 Ut
502 459 654 524 Menaeis·
673 453 845 520 secundine
867 457 1007 538 regulum
1027 460 1151 538 oleant.

307 567 414 635 xva.
457 564 608 630 Monachi
631 574 741 628 autem
759 571 796 625 ut
813 563 949 624 firmiter
971 585 1008 625 ac
1029 565 1161 630 fortiter
1183 569 1369 634 secundum

223 677 258 718 re
284 655 369 716 ulam
384 651 506 728 visunt,
532 649 610 732 quia
632 647 804 731 displicere
819 649 891 710 Deo
910 647 1060 712 novimus
1085 651 1235 736 quisquis
1254 655 1291 714 in
1309 677 1369 716 sua

226 677 393 802 voiuntatc
415 733 542 818 tepidus
565 741 628 810 est,
653 739 789 792 testante
814 727 959 790 Iohanne
979 731 1014 791 in
1035 732 1272 828 hpocalypsin:
1300 737 1370 800 Usi.

224 843 297 882 nam
317 816 440 880 calidas
457 828 608 876 esserunt
621 812 785 896 frigidus:
814 811 874 872 sed
894 815 968 908 puio
990 816 1188 901 trepidasses,
1212 821 1281 880 inci
1303 823 1370 880 iam

224 919 254 966 te
271 921 417 964 evomere
431 917 540 961 exere
555 919 633 959 mco.
676 897 864 957 Secularem
883 895 944 956 sihi
965 899 1204 982 neglegentiam
1224 841 1369 964 nuiiate-

225 987 285 1048 niis
309 991 474 1064 usurpent.
516 978 608 1041 Foris
629 978 825 1040 monasterio
850 999 1057 1061 nequaqnam
1074 984 1309 1068 progrediendi
1329 986 1369 1047 li·

224 1069 364 1133 centiam
381 1065 537 1140 habeant,
565 1061 628 1123 nisi
652 1063 789 1123 maxima
809 1071 946 1143 cogente
965 1067 1171 1128 necessitate:
1201 1068 1294 1149 quod
1316 1081 1368 1132 ta-

222 1174 297 1214 men
315 1149 506 1234 Episcopus,
528 1145 562 1206 in
582 1145 674 1206 cuius
697 1143 839 1206 dioecesi
855 1153 962 1223 erunt,
985 1149 1118 1210 omnino
1137 1162 1306 1233 procuret,
1323 1175 1366 1214 ne

222 1233 302 1298 ioris
323 1230 518 1294 monasterio
536 1227 675 1312 vagandi
695 1249 790 1289 usum
804 1225 952 1288 habeant.
994 1231 1059 1292 Sed
1083 1233 1110 1294 si
1127 1225 1303 1296 necessitas
1326 1235 1369 1297 sit

222 1319 263 1382 ed
285 1316 430 1398 aliquam
453 1311 672 1376 obedientiam
699 1311 843 1393 aliquem
863 1309 942 1372 soris
965 1333 1118 1396 pergere,
1148 1325 1181 1378 et
1206 1317 1270 1378 hoc
1291 1340 1368 1379 cum

223 1399 361 1464 consilio
377 1407 409 1458 ct
420 1417 582 1458 consensu
600 1394 753 1477 Episcopi
773 1393 838 1470 liat,
860 1402 893 1454 et
907 1394 987 1456 tales
1004 1417 1161 1479 personae
1178 1421 1254 1460 cum
1272 1402 1368 1464 testi-

223 1483 367 1546 monium
387 1479 465 1542 soris
486 1479 655 1540 mittantur
676 1477 709 1536 in
732 1475 851 1559 quibus
871 1477 964 1538 nulla
980 1479 1021 1539 sit
1038 1481 1179 1564 suspicio
1193 1485 1289 1560 mala,
1313 1486 1368 1546 vel

223 1565 376 1648 siquibus
398 1563 486 1628 nulla
507 1561 620 1643 opinio
639 1560 722 1619 mala
743 1559 874 1622 oriatur.
916 1560 1011 1623 Foris
1026 1585 1105 1626 vero
1125 1567 1294 1648 peculium
1313 1568 1368 1628 rel

223 1671 274 1710 res
292 1645 475 1711 monasterii
492 1646 542 1706 sui
560 1643 665 1705 Ahbus
686 1665 761 1704 cum
776 1641 928 1723 Episcopi
947 1644 998 1704 sui
1020 1645 1156 1708 licentia
1173 1658 1207 1709 et
1226 1651 1369 1711 consilio

223 1733 353 1793 ordinet
373 1728 429 1812 qui
452 1728 656 1811 praevideat,
690 1749 755 1786 non
779 1725 986 1805 Monachum,
1017 1729 1079 1791 nisi
1097 1731 1199 1800 alium
1221 1733 1369 1795 fidelem.

223 1817 401 1896 Quaestum
424 1832 501 1874 vcro
523 1811 703 1872 secularem
721 1809 775 1870 vel
798 1810 1097 1890 concupiscentiam
1124 1815 1370 1877 mundanarum

221 1923 332 1962 rerum
358 1895 509 1961 omnibus
534 1894 636 1954 modis
667 1893 812 1954 devitent
821 1917 829 1962 ;
860 1893 937 1974 quia
965 1895 1099 1956 avaritia
1125 1898 1180 1958 rel
1204 1901 1368 1982 concupi-

221 1985 343 2046 scentia
361 1983 457 2044 huius
476 1978 589 2040 mundi
607 1975 755 2038 omnibus
777 1985 823 2036 est
840 1975 989 2037 evitanda
1005 1977 1209 2059 Christianis,
1224 1983 1369 2045 maxime

221 2077 328 2129 tamen
352 2065 402 2128 his
423 2065 480 2147 qui
503 2061 627 2126 mundo
650 2068 683 2121 et
700 2058 975 2141 concupiscentiis
989 2060 1231 2126 abrenuntiasse
1250 2065 1371 2127 viden·

221 2161 284 2212 tur.
326 2151 412 2211 Lites
433 2158 467 2209 et
482 2145 709 2208 contentiones
730 2162 935 2222 nequaquam
955 2163 1062 2225 neque
1079 2145 1164 2206 infra
1185 2168 1294 2230 neque
1313 2150 1369 2210 fo-

220 2235 264 2295 ris
284 2231 478 2294 monasterio
507 2250 638 2292 morere
661 2234 877 2308 praesumant.
922 2225 987 2302 Q'ui
1010 2237 1118 2288 autem
1141 2251 1370 2312 praesumpse-

175 2337 180 2348 ·
221 2317 305 2394 rint,
340 2315 525 2399 gravissimis
550 2310 722 2395 disciplina
748 2306 891 2391 regulari
917 2309 1154 2392 corripiantur,
1186 2323 1223 2372 ut
1251 2315 1369 2374 taliter

221 2399 340 2461 caeteri
368 2407 491 2460 metum
509 2395 649 2456 habeant
669 2392 745 2454 talia
769 2391 989 2475 perpetrandi.
1030 2393 1233 2456 Ebrietatem
1253 2407 1286 2458 et
1313 2418 1369 2458 co-

221 2482 447 2544 messationem
464 2479 601 2542 omnino
620 2477 758 2559 fugiant,
781 2475 858 2556 quia
880 2474 956 2535 inde
975 2475 1114 2542 libidine,
1133 2479 1271 2541 maxime
1289 2481 1369 2562 pol-

221 2565 305 2626 luari
333 2564 483 2626 omnibus
513 2571 626 2623 notum
653 2570 709 2622 est.
761 2560 842 2619 Nam
865 2559 1017 2640 pervenit
1040 2559 1081 2620 ad
1111 2583 1206 2622 aures
1238 2571 1369 2624 nostras

222 2647 335 2730 opinio
353 2643 637 2729 perniciosissima,
658 2644 691 2703 in
714 2641 930 2702 fornicatione
946 2650 978 2701 et
998 2641 1238 2706 abominatione
1252 2655 1286 2706 ct
1309 2645 1369 2704 im-

221 2729 382 2792 munditia
395 2730 513 2791 multos
531 2729 593 2788 iam
612 2728 646 2786 in
661 2724 863 2786 monasteriis
885 2745 952 2784 esse
970 2723 1198 2807 deprehensos,
1224 2727 1368 2788 maxime

223 2813 391 2876 contristat
416 2821 448 2872 ct
471 2810 660 2887 conturbat,
691 2807 779 2890 quod
805 2807 877 2868 sine
904 2805 1041 2870 horrore
1068 2831 1184 2892 magno
1210 2811 1276 2872 dici
1295 2832 1366 2873 non

221 2905 346 2982 potest,
377 2894 513 2955 atinde
541 2893 711 2952 maximam
736 2911 827 2972 spem
851 2889 962 2951 salutis
992 2892 1142 2954 omnibus
1167 2893 1367 2955 Christianis

223 2979 302 3041 oriri
322 2977 512 3053 crederent,
540 2975 653 3050 idest,
679 2973 801 3036 devita
825 2981 858 3033 et
880 2971 1023 3036 castitate
1047 2976 1299 3053 Monachorum,
1329 2977 1366 3036 in

222 3072 348 3126 tanturn
369 3069 406 3120 ut
423 3059 540 3141 aliquis
557 3079 594 3118 er
615 3054 782 3118 Monachis
795 3054 966 3116 sodomitas
987 3078 1054 3119 csse
1068 3059 1224 3121 auditum.
1267 3059 1367 3120 Unde

223 3147 319 3208 etiam
341 3165 489 3224 rogamus
508 3150 540 3203 et
568 3149 785 3201 contestamur
810 3145 847 3197 ut
877 3137 1055 3202 certissime
1084 3143 1223 3225 amplihs
1241 3164 1285 3212 ex¹
1312 3141 1367 3202 his

224 3227 339 3290 dicbus
359 3225 448 3285 omni
469 3222 614 3286 custodial
634 3243 666 3284 se
688 3243 727 3282 ex
746 3219 796 3281 his
815 3219 906 3281 malis
920 3225 1116 3286 conseriare
1135 3225 1304 3303 studeant,
1329 3234 1368 3285 ut

224 3331 392 3392 nunqnam
421 3307 557 3391 ampliirs
578 3305 643 3366 tale
670 3303 751 3385 quid
773 3303 814 3363 ad
839 3312 962 3364 nostras
984 3327 1078 3368 aures
1099 3309 1281 3390 perveniat.
1323 3308 1368 3370 Et

222 3393 286 3455 hoc
309 3391 458 3453 omnibus
482 3399 595 3450 notum
613 3387 666 3464 sit,
682 3385 758 3468 quia
773 3385 961 3446 nullatends
986 3387 1102 3450 iniusta
1121 3391 1205 3470 mala
1221 3391 1254 3451 in
1271 3390 1369 3452 nullo

224 3477 297 3539 loco
314 3475 450 3556 amplihs
466 3473 500 3532 in
517 3481 584 3533 toto
599 3491 701 3552 regno
716 3477 825 3530 nostro
839 3469 1023 3530 consentire
1040 3473 1223 3551 audeamus,
1240 3483 1368 3555 quanto

223 3560 330 3622 minos
345 3558 436 3616 inter
460 3578 513 3618 eos
538 3577 619 3636 quos
642 3550 793 3613 castitatis
820 3560 852 3610 et
881 3553 1111 3616 sanctimoniae
1134 3556 1369 3618 emendatioris

225 3665 292 3704 cssc
316 3641 473 3723 cupimus.
517 3637 613 3698 Certe
637 3633 774 3717 amplihs
791 3633 872 3714 quid
889 3635 952 3695 tale
972 3637 1012 3697 ad
1034 3659 1127 3698 aures
1146 3649 1269 3700 nostras
1289 3659 1369 3722 per-

224 3725 364 3800 venerit,
387 3745 452 3783 non
469 3722 575 3782 solhm
592 3719 623 3776 in
648 3739 720 3794 eos,
746 3716 919 3777 sedetiam
939 3728 971 3779 et
990 3719 1024 3778 iu
1042 3729 1187 3784 caeteros
1208 3721 1265 3803 qui
1288 3721 1370 3783 talia

225 3807 441 3877 consentiant,
467 3804 563 3864 talem
588 3799 747 3861 ultionem
767 3799 941 3877 faciemus,
972 3811 1009 3861 ut
1026 3804 1138 3867 nullus
1159 3804 1369 3866 Christianus

163 3956 166 3963 ,
227 3891 284 3972 qui
298 3890 360 3950 hoc
377 3887 526 3964 audierit,
546 3882 733 3945 nullatenirs
748 3881 812 3942 tale
830 3881 911 3963 quid
922 3895 1109 3968 perpetrare
1123 3887 1263 3971 amplius
1276 3909 1371 3972 prae-

227 3971 408 4054 sumpserit.

353 4077 394 4138 Ut
410 4075 605 4136 Moncsteric
622 4073 800 4157 puellarum
811 4069 959 4155 firmiter
980 4077 1149 4138 observatu
1168 4080 1241 4138 sint.

307 4185 427 4245 XVlll.
472 4182 666 4244 Monastcria
682 4181 867 4264 puellarum
891 4179 1213 4246 firmiter-observata
1237 4183 1314 4260 sint,
1335 4193 1371 4243 et

228 4289 434 4347 nequaquam
451 4288 566 4348 vagare
580 4265 742 4344 sinantur,
765 4263 823 4326 scd
839 4285 916 4326 cum
937 4264 1024 4326 omni
1045 4265 1215 4352 diligentie
1232 4287 1369 4328 conser-
