2928 4986
198 274 271 346 330
449 290 487 345 s.
508 289 598 350 can.
707 291 966 356 murmanis
1070 291 1135 352 sin.

298 429 462 496 iserrrmr
483 451 711 496 surasscmrrs
733 433 894 496 Currum
917 453 956 496 ιτ
978 453 1086 496 ausura
1109 453 1254 496 rursus.

552 537 600 598 De
622 540 739 601 honore
764 537 990 602 Ecclesiamm.
1258 593 1264 602 .

239 621 265 684 l.
288 619 322 685 si
337 621 410 706 quis
419 629 474 682 ant
485 643 525 684 cx
539 621 603 684 leri
613 643 707 684 causa
717 631 774 684 aut
784 622 855 685 siue
867 643 961 684 causa
972 621 1186 686 hominemiu
1196 623 1356 685 Ecclesia

198 705 414 784 interfecerit,
431 705 470 768 de
486 705 550 766 vita
564 701 747 788 componat.
763 705 798 766 Si
818 726 898 768 vero
920 705 999 768 foris
1020 706 1117 768 rixati
1143 707 1297 786 fuerint,
1325 716 1357 767 et

198 811 283 852 unus
297 789 437 852 alterum
452 787 484 848 in
509 787 688 850 Ecclesiam
704 787 837 870 fugerit,
851 797 884 849 et
904 787 949 849 ibi
975 810 1008 850 se
1025 789 1248 851 defendendo
1280 811 1357 850 eum

199 871 416 948 interfecerit,
440 871 467 933 si
482 870 579 932 liuius
596 871 672 932 facti
687 879 786 933 testes
805 892 872 932 uon
891 869 1054 950 hahuerit,
1073 893 1149 934 cum
1167 871 1358 934 duodecim

198 953 460 1018 coniuratoribus
474 953 623 1036 legitimis
637 962 939 1036 persacrementum
948 954 1137 1017 adfirmetsc
1157 955 1356 1017 defenden-

199 1039 240 1100 do
255 1059 329 1100 cum
346 1036 557 1114 interfecisse,
569 1045 602 1098 et
612 1035 770 1118 posthaec
778 1045 947 1099 sexcentos
956 1037 1078 1099 solidos
1089 1037 1130 1098 ad
1142 1048 1283 1122 partem
1291 1039 1357 1099 Ec·

199 1121 317 1183 clesiae
330 1143 429 1204 quam
446 1119 504 1182 illo
521 1118 699 1180 homicidio
715 1120 890 1202 polluerat,
912 1127 944 1181 ct
962 1119 1098 1204 insuper
1110 1121 1269 1182 bannum
1284 1142 1357 1181 nos·

200 1213 286 1266 trum
309 1205 437 1266 solvere
460 1212 608 1284 nugatum
633 1201 658 1262 is
677 1223 754 1264 vero
770 1201 827 1286 qni
850 1202 1042 1265 interfectus
1063 1213 1111 1265 est
1124 1205 1255 1286 absque
1269 1225 1357 1265 com-

198 1285 359 1371 positione
388 1286 512 1349 iaceat:
534 1307 571 1347 ac
599 1283 719 1346 deinde
741 1285 944 1363 interfector,
979 1287 1161 1349 secundum
1184 1286 1357 1348 iudicium

200 1370 405 1448 canonicum,
421 1389 598 1450 congruam
616 1367 754 1430 facinori
769 1368 860 1452 quod
876 1367 1005 1430 admisit
1029 1370 1279 1452 poenitentiam
1302 1393 1357 1436 ac-

201 1451 309 1536 cipiat.
352 1452 387 1514 Si
406 1451 557 1535 proprius
574 1471 689 1514 servus
702 1449 766 1514 hoc
782 1450 989 1530 commiserit,
1006 1452 1128 1513 iudicio
1155 1473 1267 1535 aquae
1287 1455 1356 1515 fer-

199 1535 305 1596 ventis
321 1533 529 1596 examinetur
543 1543 652 1596 utrum
662 1533 725 1596 hoc
740 1544 867 1618 sponte,
883 1556 923 1594 au
936 1556 971 1597 se
986 1533 1356 1598 defendendofecisset

166 1687 169 1698 ,
200 1619 242 1680 Et
260 1615 287 1677 si
303 1639 416 1679 manns
438 1615 507 1680 eius
530 1627 642 1680 exusta
670 1617 782 1695 fuerit,
810 1617 1036 1680 interficiatur.
1078 1617 1111 1678 si
1139 1627 1258 1679 antem
1289 1641 1357 1679 nou

201 1700 312 1778 fuerit,
335 1699 487 1764 dominns
506 1700 576 1762 eius
593 1701 685 1762 iuxta
703 1701 792 1783 quod
808 1700 977 1784 wirgildus
991 1699 1082 1761 illins
1098 1710 1159 1771 est,
1175 1701 1220 1762 ad
1238 1703 1359 1764 Eccle-

202 1783 282 1846 siam
304 1783 485 1866 persolvat3
508 1791 564 1844 aut
584 1805 671 1861 eum,
688 1783 715 1844 si
731 1783 886 1858 voluerit,
904 1783 1010 1852 eidem
1036 1783 1205 1845 Ecclesiae
1236 1787 1358 1846 tradat.

201 1869 250 1928 De
266 1866 485 1929 ecclesiastico
499 1875 533 1928 et
555 1867 700 1928 fiscalino
722 1875 756 1928 et
782 1865 991 1928 beneficiario
1016 1887 1110 1928 servo
1134 1866 1297 1929 volumus
1324 1879 1360 1929 ut

200 1969 260 2033 pro
277 1969 342 2010 nna
352 1949 422 2012 rIce
434 1949 603 2032 wirgildus
618 1949 686 2012 eius
702 1969 762 2032 pro
776 1971 815 2012 eo
832 1957 1055 2030 componatur,
1069 1949 1171 2009 alteri
1187 1949 1266 2011 vice
1289 1951 1359 2033 ipse

203 2053 316 2094 servus
330 2031 370 2094 nd
384 2032 581 2117 supplicium
597 2033 753 2096 tradatur.
795 2032 963 2094 Hereditas
987 2039 1095 2096 tamen
1119 2029 1220 2092 liberi
1245 2032 1360 2094 homi-

205 2114 266 2192 nis,
285 2115 341 2197 qui
364 2126 498 2199 propter
519 2115 585 2177 tale
607 2116 734 2178 facinus
758 2113 797 2176 ad
823 2124 961 2177 mortem
981 2113 1083 2176 fuerit
1103 2113 1288 2194 indicatus,
1322 2118 1361 2178 ad

203 2197 364 2280 legitimos
380 2197 518 2261 heredes
535 2198 625 2260 illins
646 2195 827 2282 perveniat.
870 2197 905 2260 Si
922 2197 955 2258 in
982 2197 1064 2259 atrio
1090 2195 1280 2275 Ecclesiae,
1305 2223 1362 2260 cn·

203 2281 255 2342 ius
273 2291 364 2362 porta
382 2281 544 2364 Reliqniis
560 2282 754 2346 Sanctorum
768 2290 955 2342 consecrata
975 2289 1034 2357 est,
1050 2279 1284 2342 huiuscemodi
1303 2284 1361 2343 ho·

203 2363 374 2424 micidium
388 2373 609 2448 perpetratum
623 2364 734 2442 fuerit,
751 2363 850 2426 simili
871 2363 966 2424 modo
985 2363 1178 2424 emendetur
1198 2363 1256 2425 vel
1274 2386 1362 2426 com·

205 2457 356 2528 ponatur.
399 2447 433 2508 Si
457 2468 536 2510 vero
558 2457 651 2530 porta
666 2446 832 2509 Ecclesiae
852 2467 917 2507 non
935 2456 984 2508 est
1000 2454 1197 2523 consecrata,
1219 2467 1263 2506 eo
1287 2471 1361 2509 mo·

205 2530 247 2589 do
268 2539 482 2613 componatur
505 2530 594 2612 quod
612 2529 646 2590 in
667 2529 749 2592 atrio
760 2527 983 2604 committitur,
1000 2529 1085 2592 sicut
1112 2529 1271 2612 componi
1299 2532 1361 2592 de-

205 2612 262 2674 het
279 2614 369 2696 quod
386 2612 420 2672 iu
438 2613 642 2675 immunitate
658 2611 776 2676 violata
796 2611 1017 2676 committitur.

356 2725 436 2787 'De
458 2723 585 2784 irrinriis
613 2720 823 2784 Sacerdotem
851 2723 886 2782 in
906 2721 1059 2782 Ecclesiis
1073 2717 1185 2802 factis.

290 2823 334 2888 Il.
380 2827 554 2912 Sanguinis
591 2827 706 2890 effusio
734 2825 768 2886 in
801 2827 957 2890 Ecclesiis
984 2829 1069 2896 facta
1100 2847 1176 2888 cum
1201 2823 1302 2902 fuste,
1332 2825 1359 2886 si
1436 2825 1437 2834 ’

211 2910 385 2993 Presbyter
404 2911 515 2990 fuerit,
535 2911 635 2994 triplo
657 2919 882 2992 componatur,
910 2911 988 2972 duas
1003 2919 1109 2993 partes
1131 2907 1239 2969 eidem
1255 2909 1359 2968 Pres-

209 2995 335 3078 bytero,
351 2993 447 3054 tertia
459 3015 518 3078 pro
535 2995 627 3054 fredo
649 2994 689 3054 ad
709 2993 901 3071 Ecclesiam,
923 3002 956 3055 et
970 2993 1106 3075 insuper
1125 2991 1254 3052 bannus
1277 3013 1359 3052 nos-

207 3087 264 3138 ter.
310 3075 470 3138 Similiter
492 3077 531 3138 dc
557 3077 703 3137 Diacono
722 3075 813 3137 iuxta
829 3075 1095 3159 compositionem
1110 3074 1180 3135 eius
1196 3073 1230 3132 in
1252 3074 1358 3158 triplo

208 3181 283 3220 cum
304 3159 413 3220 lmnno
435 3169 545 3220 nostro
574 3167 796 3242 componatur.
838 3161 887 3220 De
917 3158 1122 3220 subdiacono
1144 3155 1296 3218 similiter
1318 3157 1356 3215 in

208 3243 307 3322 triplo
331 3241 511 3303 secundum
526 3264 617 3304 suam
640 3241 916 3324 compositionem.
958 3241 1000 3303 Et
1025 3241 1065 3302 de
1091 3239 1357 3320 uniuscuiusque

210 3323 332 3386 ordinis
350 3325 481 3386 ClerIco
496 3325 677 3387 secundum
691 3347 781 3385 suam
801 3323 1068 3406 compositionem
1081 3322 1115 3382 in
1132 3321 1269 3404 triplum
1284 3343 1359 3404 per·

212 3409 366 3480 solvatur,
384 3417 416 3467 et
432 3409 704 3491 insuperbannus
724 3417 843 3468 noster.
887 3406 1044 3468 Similiter
1068 3415 1101 3466 et
1127 3406 1166 3466 de
1189 3405 1258 3464 ictu
1283 3405 1355 3464 sine

209 3487 375 3573 sanguinis
392 3489 548 3555 effusione
566 3491 605 3551 do
623 3489 880 3570 uniuscuiusque
894 3487 1157 3550 ordinisClerico
1174 3488 1357 3548 secundum

210 3593 301 3636 suam
313 3574 579 3654 compositionem
598 3574 631 3632 iu
646 3572 760 3655 triplo,
772 3582 804 3632 et
821 3573 949 3632 bannus
972 3582 1090 3632 noster.
1131 3573 1174 3632 Et
1200 3569 1259 3650 qui
1287 3591 1354 3628 non

211 3658 308 3718 habet
329 3659 416 3716 unde
436 3657 476 3716 ad
490 3656 670 3718 Ecclesiam
685 3655 861 3738 persolvat,
884 3655 987 3714 tradat
1012 3648 1095 3716 sein
1116 3653 1286 3719 servitium
1311 3651 1352 3711 ei·

212 3741 285 3801 dem
305 3740 470 3802 Ecclesiae
497 3761 601 3822 usqne
620 3739 698 3799 dum
717 3747 821 3798 toturn
838 3738 982 3798 debitum
995 3739 1169 3822 persolvat.

431 3849 485 3910 De
506 3847 626 3917 uiduis,
657 3857 687 3904 et
706 3845 852 3930 pupillis,
884 3859 913 3906 et
932 3845 1134 3930 parsperibns.

294 3949 358 4014 Ill.
402 3956 442 4016 Ut
459 3953 723 4036 quaindocunqnc
740 3953 772 4012 in
787 3953 919 4014 mallum
930 3957 1004 4012 ante
1015 3951 1175 4013 Comitem
1188 3949 1353 4026 venerint,

211 4034 316 4119 primo
338 4058 451 4097 corum
471 4059 565 4098 causa
582 4036 734 4096 audiatur
756 4045 789 4098 et
804 4035 985 4097 definiatur.
1028 4035 1070 4096 Et
1091 4033 1115 4098 si
1139 4042 1233 4094 testes
1249 4054 1354 4114 perse

213 4119 254 4180 ad
276 4140 476 4194 causas-suas
499 4119 701 4202 qiraercndas
728 4119 844 4180 habere
875 4139 939 4178 non
968 4117 1148 4197 potuerint,
1169 4116 1222 4176 vel
1248 4117 1354 4196 legem

217 4201 404 4278 nescierint,
420 4205 534 4263 Comes
554 4203 628 4264 iilos
647 4203 698 4261 vel
722 4203 792 4261 illus
813 4200 954 4274 adiuvet,
975 4197 1147 4260 dandoels
1169 4197 1267 4258 talem
1292 4197 1354 4257 ho·

168 4351 170 4359 s
217 4283 337 4342 minem
356 4285 411 4365 qni
432 4287 591 4346 rationem
612 4307 725 4346 corum
743 4293 861 4361 teneat,
886 4284 934 4342 vul
951 4301 1011 4362 pru
1034 4283 1079 4344 eis
1101 4283 1261 4364 loquatur.
