<?xml version="1.0" encoding="UTF-8"?>
<!DOCTYPE html PUBLIC "-//W3C//DTD XHTML 1.0 Transitional//EN"
    "http://www.w3.org/TR/xhtml1/DTD/xhtml1-transitional.dtd">
<html xmlns="http://www.w3.org/1999/xhtml" xml:lang="en" lang="en">
 <head>
  <title>
</title>
<meta http-equiv="Content-Type" content="text/html;charset=utf-8" />
  <meta name='ocr-system' content='tesseract 3.04.00' />
  <meta name='ocr-capabilities' content='ocr_page ocr_carea ocr_par ocr_line ocrx_word'/>
</head>
<body>
  <div class='ocr_page' id='page_1' title='image "./corpusiurisgerm05visigoog_0303.png"; bbox 0 0 2952 4988; ppageno 0'>
   <div class='ocr_carea' id='block_1_1' title="bbox 218 317 1129 566">
    <p class='ocr_par' dir='ltr' id='par_1_1' title="bbox 218 317 1129 566">
     <span class='ocr_line' id='line_1_1' title="bbox 218 317 1129 396; baseline 0.002 -3"><span class='ocrx_word' id='word_1_1' title='bbox 218 317 293 393; x_wconf 78' lang='lat'><strong><em>290</em></strong></span> <span class='ocrx_word' id='word_1_2' title='bbox 445 337 480 396; x_wconf 81' lang='lat' dir='ltr'><strong><em>s.</em></strong></span> <span class='ocrx_word' id='word_1_3' title='bbox 505 335 595 396; x_wconf 81' lang='lat' dir='ltr'><strong><em>cun.</em></strong></span> <span class='ocrx_word' id='word_1_4' title='bbox 700 331 960 396; x_wconf 75' lang='lat' dir='ltr'><strong><em>catarattula</em></strong></span> <span class='ocrx_word' id='word_1_5' title='bbox 1065 327 1129 395; x_wconf 76' lang='lat' dir='ltr'><strong><em>art.</em></strong></span> 
     </span>
     <span class='ocr_line' id='line_1_2' title="bbox 571 495 1007 566; baseline -0.002 -3"><span class='ocrx_word' id='word_1_6' title='bbox 571 495 866 566; x_wconf 78' lang='lat' dir='ltr'><strong><em>tunovtct</em></strong></span> <span class='ocrx_word' id='word_1_7' title='bbox 921 499 1007 564; x_wconf 79' lang='grc' dir='ltr'><strong><em>ΡΗ</em></strong></span> 
     </span>
    </p>
   </div>
   <div class='ocr_carea' id='block_1_2' title="bbox 219 659 1377 834">
    <p class='ocr_par' dir='ltr' id='par_1_2' title="bbox 219 659 1377 834">
     <span class='ocr_line' id='line_1_3' title="bbox 219 659 1377 764; baseline -0.005 -26"><span class='ocrx_word' id='word_1_8' title='bbox 219 663 460 764; x_wconf 68' lang='lat' dir='ltr'><strong>Praeceptum</strong></span> <span class='ocrx_word' id='word_1_9' title='bbox 482 665 644 760; x_wconf 88' lang='lat' dir='ltr'><strong><em>primum</em></strong></span> <span class='ocrx_word' id='word_1_10' title='bbox 665 685 734 758; x_wconf 91' lang='lat' dir='ltr'><strong><em>pro</em></strong></span> <span class='ocrx_word' id='word_1_11' title='bbox 755 661 932 756; x_wconf 88' lang='lat' dir='ltr'><strong><em>Hispanis</em></strong></span> <span class='ocrx_word' id='word_1_12' title='bbox 957 661 1019 756; x_wconf 91' lang='lat' dir='ltr'><strong><em>qui</em></strong></span> <span class='ocrx_word' id='word_1_13' title='bbox 1040 661 1077 728; x_wconf 86' lang='lat' dir='ltr'><strong><em>iu</em></strong></span> <span class='ocrx_word' id='word_1_14' title='bbox 1106 683 1223 754; x_wconf 89' lang='lat' dir='ltr'><strong><em>regno</em></strong></span> <span class='ocrx_word' id='word_1_15' title='bbox 1243 659 1377 732; x_wconf 87' lang='lat' dir='ltr'><strong><em>Fran·-</em></strong></span> 
     </span>
     <span class='ocr_line' id='line_1_4' title="bbox 616 764 966 834; baseline -0.003 -2"><span class='ocrx_word' id='word_1_16' title='bbox 616 785 745 832; x_wconf 89' lang='lat' dir='ltr'><strong><em>corum</em></strong></span> <span class='ocrx_word' id='word_1_17' title='bbox 760 764 966 834; x_wconf 84' lang='lat' dir='ltr'><strong><em>manebant.</em></strong></span> 
     </span>
    </p>
   </div>
   <div class='ocr_carea' id='block_1_3' title="bbox 219 919 1378 1330">
    <p class='ocr_par' dir='ltr' id='par_1_3' title="bbox 219 919 1378 1330">
     <span class='ocr_line' id='line_1_5' title="bbox 219 919 1378 1032; baseline -0.003 -20"><span class='ocrx_word' id='word_1_18' title='bbox 219 937 308 1012; x_wconf 81' lang='lat' dir='ltr'><strong><em>Hoc</em></strong></span> <span class='ocrx_word' id='word_1_19' title='bbox 324 943 378 1009; x_wconf 80' lang='lat' dir='ltr'><strong><em>est</em></strong></span> <span class='ocrx_word' id='word_1_20' title='bbox 390 949 637 1032; x_wconf 83' lang='lat' dir='ltr'><strong><em>praeceptum</em></strong></span> <span class='ocrx_word' id='word_1_21' title='bbox 649 935 883 1004; x_wconf 74' lang='lat' dir='ltr'><strong><em>remissionis</em></strong></span> <span class='ocrx_word' id='word_1_22' title='bbox 898 937 977 1006; x_wconf 78' lang='lat' dir='ltr'><strong><em>sive</em></strong></span> <span class='ocrx_word' id='word_1_23' title='bbox 994 937 1254 1007; x_wconf 86' lang='lat' dir='ltr'><strong><em>concessionis</em></strong></span> <span class='ocrx_word' id='word_1_24' title='bbox 1270 919 1378 1030; x_wconf 74' lang='lat' dir='ltr'><strong><em>quod</em></strong></span> 
     </span>
     <span class='ocr_line' id='line_1_6' title="bbox 258 1035 1325 1134; baseline -0.002 -25"><span class='ocrx_word' id='word_1_25' title='bbox 258 1041 360 1134; x_wconf 82' lang='lat' dir='ltr'><strong><em>serit</em></strong></span> <span class='ocrx_word' id='word_1_26' title='bbox 384 1037 605 1109; x_wconf 82' lang='lat' dir='ltr'><strong><em>Ludovious</em></strong></span> <span class='ocrx_word' id='word_1_27' title='bbox 633 1037 848 1129; x_wconf 75' lang='lat' dir='ltr'><em>Imperator</em></span> <span class='ocrx_word' id='word_1_28' title='bbox 876 1035 1068 1128; x_wconf 77' lang='lat' dir='ltr'><strong><em>Hisponis</em></strong></span> <span class='ocrx_word' id='word_1_29' title='bbox 1097 1038 1162 1128; x_wconf 85' lang='lat' dir='ltr'><strong><em>qui</em></strong></span> <span class='ocrx_word' id='word_1_30' title='bbox 1188 1038 1244 1105; x_wconf 79' lang='lat' dir='ltr'><strong><em>ad</em></strong></span> <span class='ocrx_word' id='word_1_31' title='bbox 1283 1062 1325 1107; x_wconf 86' lang='lat' dir='ltr'><strong><em>ee</em></strong></span> 
     </span>
     <span class='ocr_line' id='line_1_7' title="bbox 315 1135 1274 1330; baseline -0.001 -122"><span class='ocrx_word' id='word_1_32' title='bbox 315 1139 565 1233; x_wconf 73' lang='lat' dir='ltr'><strong><em>perfugerant</em></strong></span> <span class='ocrx_word' id='word_1_33' title='bbox 590 1135 773 1234; x_wconf 85' lang='lat' dir='ltr'><strong><em>(propter</em></strong></span> <span class='ocrx_word' id='word_1_34' title='bbox 798 1137 1097 1330; x_wconf 66' lang='lat' dir='ltr'><strong><em>perspeutiorzem</em></strong></span> <span class='ocrx_word' id='word_1_35' title='bbox 1118 1137 1274 1207; x_wconf 65' lang='lat' dir='ltr'><strong><em>Sarra·-</em></strong></span> 
     </span>
     <span class='ocr_line' id='line_1_8' title="bbox 689 1255 877 1304; baseline 0.005 -1"><span class='ocrx_word' id='word_1_36' title='bbox 689 1255 877 1304; x_wconf 81' lang='lat' dir='ltr'><strong><em>cenorum.</em></strong></span> 
     </span>
    </p>
   </div>
   <div class='ocr_carea' id='block_1_4' title="bbox 221 1367 1465 1485">
    <p class='ocr_par' dir='ltr' id='par_1_4' title="bbox 221 1367 1465 1485">
     <span class='ocr_line' id='line_1_9' title="bbox 221 1367 1465 1485; baseline 0.002 -1"><span class='ocrx_word' id='word_1_37' title='bbox 221 1367 269 1484; x_wconf 91' lang='lat' dir='ltr'><strong><em>Ia</em></strong></span> <span class='ocrx_word' id='word_1_38' title='bbox 287 1422 417 1484; x_wconf 87' lang='lat' dir='ltr'><strong><em>nomine</em></strong></span> <span class='ocrx_word' id='word_1_39' title='bbox 432 1419 564 1482; x_wconf 82' lang='lat' dir='ltr'><strong><em>Domini</em></strong></span> <span class='ocrx_word' id='word_1_40' title='bbox 581 1417 643 1480; x_wconf 87' lang='lat' dir='ltr'><strong><em>Dei</em></strong></span> <span class='ocrx_word' id='word_1_41' title='bbox 660 1427 692 1482; x_wconf 87' lang='lat' dir='ltr'><strong><em>et</em></strong></span> <span class='ocrx_word' id='word_1_42' title='bbox 708 1417 886 1480; x_wconf 86' lang='lat' dir='ltr'><strong><em>Salvatoris</em></strong></span> <span class='ocrx_word' id='word_1_43' title='bbox 903 1419 1004 1482; x_wconf 87' lang='lat' dir='ltr'><strong><em>nestri</em></strong></span> <span class='ocrx_word' id='word_1_44' title='bbox 1022 1420 1096 1483; x_wconf 91' lang='lat' dir='ltr'><strong><em>lesu</em></strong></span> <span class='ocrx_word' id='word_1_45' title='bbox 1114 1419 1248 1482; x_wconf 79' lang='lat' dir='ltr'><strong><em>Christi.</em></strong></span> <span class='ocrx_word' id='word_1_46' title='bbox 1294 1423 1377 1485; x_wconf 89' lang='lat' dir='ltr'><strong><em>Hlu-</em></strong></span> <span class='ocrx_word' id='word_1_47' title='bbox 1464 1451 1465 1458; x_wconf 50' lang='lat'>¹</span> 
     </span>
    </p>
   </div>
   <div class='ocr_carea' id='block_1_5' title="bbox 217 1501 1465 2830">
    <p class='ocr_par' dir='ltr' id='par_1_5' title="bbox 217 1501 1465 2830">
     <span class='ocr_line' id='line_1_10' title="bbox 218 1501 1370 1588; baseline -0.001 -18"><span class='ocrx_word' id='word_1_48' title='bbox 218 1507 395 1580; x_wconf 88' lang='lat' dir='ltr'><strong><em>douvicus,</em></strong></span> <span class='ocrx_word' id='word_1_49' title='bbox 418 1503 530 1566; x_wconf 85' lang='lat' dir='ltr'><strong><em>divina</em></strong></span> <span class='ocrx_word' id='word_1_50' title='bbox 546 1501 719 1564; x_wconf 79' lang='lat' dir='ltr'>ordinante</span> <span class='ocrx_word' id='word_1_51' title='bbox 735 1503 959 1584; x_wconf 73' lang='lat' dir='ltr'><strong><em>providentia,</em></strong></span> <span class='ocrx_word' id='word_1_52' title='bbox 982 1505 1161 1588; x_wconf 84' lang='lat' dir='ltr'><strong><em>Imperator</em></strong></span> <span class='ocrx_word' id='word_1_53' title='bbox 1179 1505 1370 1587; x_wconf 85' lang='lat' dir='ltr'><strong><em>Augustus,</em></strong></span> 
     </span>
     <span class='ocr_line' id='line_1_11' title="bbox 218 1585 1465 1682; baseline -0.001 -28"><span class='ocrx_word' id='word_1_54' title='bbox 218 1589 367 1654; x_wconf 89' lang='lat' dir='ltr'><strong><em>omnibus</em></strong></span> <span class='ocrx_word' id='word_1_55' title='bbox 384 1585 535 1648; x_wconf 79' lang='lat' dir='ltr'><strong><em>fidelibus</em></strong></span> <span class='ocrx_word' id='word_1_56' title='bbox 549 1595 676 1646; x_wconf 88' lang='lat' dir='ltr'><strong><em>sanctae</em></strong></span> <span class='ocrx_word' id='word_1_57' title='bbox 686 1585 747 1644; x_wconf 88' lang='lat' dir='ltr'><strong><em>Dei</em></strong></span> <span class='ocrx_word' id='word_1_58' title='bbox 761 1585 927 1648; x_wconf 81' lang='lat' dir='ltr'><strong><em>Ecclesiae</em></strong></span> <span class='ocrx_word' id='word_1_59' title='bbox 942 1609 979 1648; x_wconf 90' lang='lat' dir='ltr'><strong><em>ac</em></strong></span> <span class='ocrx_word' id='word_1_60' title='bbox 994 1587 1110 1650; x_wconf 88' lang='lat' dir='ltr'><strong><em>uostris</em></strong></span> <span class='ocrx_word' id='word_1_61' title='bbox 1122 1589 1369 1669; x_wconf 85' lang='lat' dir='ltr'><strong><em>praesentibus,</em></strong></span> <span class='ocrx_word' id='word_1_62' title='bbox 1464 1619 1465 1682; x_wconf 68' lang='lat' dir='ltr'><strong><em>l</em></strong></span> 
     </span>
     <span class='ocr_line' id='line_1_12' title="bbox 217 1666 1465 1774; baseline -0.005 -36"><span class='ocrx_word' id='word_1_63' title='bbox 217 1673 343 1738; x_wconf 86' lang='lat' dir='ltr'><strong><em>scilicet</em></strong></span> <span class='ocrx_word' id='word_1_64' title='bbox 365 1681 398 1732; x_wconf 88' lang='lat' dir='ltr'><strong><em>et</em></strong></span> <span class='ocrx_word' id='word_1_65' title='bbox 416 1669 532 1732; x_wconf 86' lang='lat' dir='ltr'><strong><em>laturis</em></strong></span> <span class='ocrx_word' id='word_1_66' title='bbox 554 1667 696 1750; x_wconf 84' lang='lat' dir='ltr'><strong><em>partibus</em></strong></span> <span class='ocrx_word' id='word_1_67' title='bbox 712 1666 930 1748; x_wconf 83' lang='lat' dir='ltr'><strong><em>Aquitaniae,</em></strong></span> <span class='ocrx_word' id='word_1_68' title='bbox 954 1671 1191 1754; x_wconf 89' lang='lat' dir='ltr'><strong><em>Septimaniae,</em></strong></span> <span class='ocrx_word' id='word_1_69' title='bbox 1217 1673 1372 1734; x_wconf 87' lang='lat' dir='ltr'><strong><em>Provin-</em></strong></span> <span class='ocrx_word' id='word_1_70' title='bbox 1464 1695 1465 1774; x_wconf 73' lang='lat'><strong><em>,</em></strong></span> 
     </span>
     <span class='ocr_line' id='line_1_13' title="bbox 218 1751 1465 1836; baseline -0.004 -17"><span class='ocrx_word' id='word_1_71' title='bbox 218 1757 357 1832; x_wconf 85' lang='lat' dir='ltr'><strong><em>eiae,et</em></strong></span> <span class='ocrx_word' id='word_1_72' title='bbox 371 1751 542 1836; x_wconf 86' lang='lat' dir='ltr'><strong><em>Hipauiae</em></strong></span> <span class='ocrx_word' id='word_1_73' title='bbox 560 1751 820 1814; x_wconf 85' lang='lat' dir='ltr'><strong><em>consistentibus.</em></strong></span> <span class='ocrx_word' id='word_1_74' title='bbox 863 1751 956 1813; x_wconf 88' lang='lat' dir='ltr'><strong><em>Sicut</em></strong></span> <span class='ocrx_word' id='word_1_75' title='bbox 977 1754 1102 1814; x_wconf 85' lang='lat' dir='ltr'><strong><em>nullius</em></strong></span> <span class='ocrx_word' id='word_1_76' title='bbox 1114 1754 1261 1814; x_wconf 73' lang='lat' dir='ltr'><strong><em>vestrum</em></strong></span> <span class='ocrx_word' id='word_1_77' title='bbox 1282 1756 1373 1817; x_wconf 88' lang='lat' dir='ltr'><strong><em>noti·</em></strong></span> <span class='ocrx_word' id='word_1_78' title='bbox 1460 1785 1465 1829; x_wconf 87' lang='lat'><strong><em>.·</em></strong></span> 
     </span>
     <span class='ocr_line' id='line_1_14' title="bbox 217 1829 1372 1920; baseline -0.002 -18"><span class='ocrx_word' id='word_1_79' title='bbox 217 1841 296 1902; x_wconf 86' lang='lat' dir='ltr'><strong><em>tiam</em></strong></span> <span class='ocrx_word' id='word_1_80' title='bbox 308 1829 456 1918; x_wconf 78' lang='lat' dir='ltr'><strong><em>effugisse</em></strong></span> <span class='ocrx_word' id='word_1_81' title='bbox 474 1842 621 1916; x_wconf 84' lang='lat' dir='ltr'><strong><em>putamus</em></strong></span> <span class='ocrx_word' id='word_1_82' title='bbox 634 1833 776 1916; x_wconf 77' lang='lat' dir='ltr'><strong><em>qualiter</em></strong></span> <span class='ocrx_word' id='word_1_83' title='bbox 786 1835 892 1917; x_wconf 88' lang='lat' dir='ltr'><strong><em>aliqui</em></strong></span> <span class='ocrx_word' id='word_1_84' title='bbox 906 1833 1055 1899; x_wconf 86' lang='lat' dir='ltr'><strong><em>homines</em></strong></span> <span class='ocrx_word' id='word_1_85' title='bbox 1070 1845 1204 1920; x_wconf 91' lang='lat' dir='ltr'><strong><em>propter</em></strong></span> <span class='ocrx_word' id='word_1_86' title='bbox 1215 1837 1372 1920; x_wconf 87' lang='lat' dir='ltr'><strong><em>iniquam</em></strong></span> 
     </span>
     <span class='ocr_line' id='line_1_15' title="bbox 219 1916 1373 2006; baseline 0.003 -25"><span class='ocrx_word' id='word_1_87' title='bbox 219 1921 460 2006; x_wconf 79' lang='lat' dir='ltr'><strong><em>oppressionem</em></strong></span> <span class='ocrx_word' id='word_1_88' title='bbox 480 1927 512 1978; x_wconf 90' lang='lat' dir='ltr'><strong><em>et</em></strong></span> <span class='ocrx_word' id='word_1_89' title='bbox 528 1916 787 1978; x_wconf 88' lang='lat' dir='ltr'><strong><em>crudelissimum</em></strong></span> <span class='ocrx_word' id='word_1_90' title='bbox 807 1918 919 2000; x_wconf 77' lang='lat' dir='ltr'><strong><em>iugum</em></strong></span> <span class='ocrx_word' id='word_1_91' title='bbox 936 1921 1025 2002; x_wconf 90' lang='lat' dir='ltr'><strong><em>quod</em></strong></span> <span class='ocrx_word' id='word_1_92' title='bbox 1044 1938 1158 1982; x_wconf 89' lang='lat' dir='ltr'><strong><em>eorum</em></strong></span> <span class='ocrx_word' id='word_1_93' title='bbox 1183 1921 1373 1985; x_wconf 83' lang='lat' dir='ltr'><strong><em>cervicibus</em></strong></span> 
     </span>
     <span class='ocr_line' id='line_1_16' title="bbox 219 1999 1465 2084; baseline 0 -16"><span class='ocrx_word' id='word_1_94' title='bbox 219 2001 439 2068; x_wconf 85' lang='lat' dir='ltr'><strong><em>inimicissima</em></strong></span> <span class='ocrx_word' id='word_1_95' title='bbox 463 1999 701 2062; x_wconf 88' lang='lat' dir='ltr'><strong><em>Christianitati</em></strong></span> <span class='ocrx_word' id='word_1_96' title='bbox 728 2019 807 2082; x_wconf 79' lang='lat' dir='ltr'><strong><em>gens</em></strong></span> <span class='ocrx_word' id='word_1_97' title='bbox 829 2001 1081 2064; x_wconf 77' lang='lat' dir='ltr'><strong><em>sarracenorum</em></strong></span> <span class='ocrx_word' id='word_1_98' title='bbox 1107 2003 1284 2084; x_wconf 82' lang='lat' dir='ltr'><strong><em>imposuit,</em></strong></span> <span class='ocrx_word' id='word_1_99' title='bbox 1316 2027 1373 2068; x_wconf 85' lang='lat' dir='ltr'><strong><em>re·</em></strong></span> <span class='ocrx_word' id='word_1_100' title='bbox 1464 2045 1465 2058; x_wconf 31' lang='grc' dir='ltr'><strong>κ</strong></span> 
     </span>
     <span class='ocr_line' id='line_1_17' title="bbox 220 2081 1465 2170; baseline 0.002 -22"><span class='ocrx_word' id='word_1_101' title='bbox 220 2087 309 2152; x_wconf 84' lang='lat' dir='ltr'><strong><em>lictis</em></strong></span> <span class='ocrx_word' id='word_1_102' title='bbox 321 2085 461 2169; x_wconf 87' lang='lat' dir='ltr'><strong><em>propriis</em></strong></span> <span class='ocrx_word' id='word_1_103' title='bbox 472 2081 727 2146; x_wconf 78' lang='lat' dir='ltr'><strong><em>habitationibus</em></strong></span> <span class='ocrx_word' id='word_1_104' title='bbox 741 2093 774 2144; x_wconf 89' lang='lat' dir='ltr'><strong><em>et</em></strong></span> <span class='ocrx_word' id='word_1_105' title='bbox 790 2083 997 2146; x_wconf 80' lang='lat' dir='ltr'><strong><em>facultatibus</em></strong></span> <span class='ocrx_word' id='word_1_106' title='bbox 1014 2107 1097 2170; x_wconf 90' lang='lat' dir='ltr'><strong><em>quae</em></strong></span> <span class='ocrx_word' id='word_1_107' title='bbox 1114 2086 1225 2148; x_wconf 87' lang='lat' dir='ltr'><strong><em>adeas</em></strong></span> <span class='ocrx_word' id='word_1_108' title='bbox 1239 2087 1373 2150; x_wconf 90' lang='lat' dir='ltr'><strong><em>heredi·</em></strong></span> <span class='ocrx_word' id='word_1_109' title='bbox 1460 2110 1465 2156; x_wconf 66' lang='grc' dir='ltr'><strong><em>Ι,</em></strong></span> 
     </span>
     <span class='ocr_line' id='line_1_18' title="bbox 219 2161 1465 2254; baseline 0 -21"><span class='ocrx_word' id='word_1_110' title='bbox 219 2171 302 2233; x_wconf 83' lang='lat' dir='ltr'><strong><em>tario</em></strong></span> <span class='ocrx_word' id='word_1_111' title='bbox 317 2171 387 2232; x_wconf 85' lang='lat' dir='ltr'><strong><em>iure</em></strong></span> <span class='ocrx_word' id='word_1_112' title='bbox 409 2166 631 2250; x_wconf 81' lang='lat' dir='ltr'><strong><em>pertinebant,</em></strong></span> <span class='ocrx_word' id='word_1_113' title='bbox 656 2165 696 2226; x_wconf 91' lang='lat' dir='ltr'><strong><em>de</em></strong></span> <span class='ocrx_word' id='word_1_114' title='bbox 713 2166 858 2248; x_wconf 87' lang='lat' dir='ltr'><strong><em>partibus</em></strong></span> <span class='ocrx_word' id='word_1_115' title='bbox 877 2168 1049 2251; x_wconf 86' lang='lat' dir='ltr'><strong><em>Hispaniae</em></strong></span> <span class='ocrx_word' id='word_1_116' title='bbox 1067 2168 1107 2228; x_wconf 89' lang='lat' dir='ltr'><strong><em>ad</em></strong></span> <span class='ocrx_word' id='word_1_117' title='bbox 1126 2185 1185 2228; x_wconf 89' lang='lat' dir='ltr'><strong><em>nos</em></strong></span> <span class='ocrx_word' id='word_1_118' title='bbox 1206 2173 1373 2254; x_wconf 84' lang='lat' dir='ltr'><strong><em>confuge-</em></strong></span> <span class='ocrx_word' id='word_1_119' title='bbox 1464 2161 1465 2170; x_wconf 10' lang='grc' dir='ltr'>ἵ</span> 
     </span>
     <span class='ocr_line' id='line_1_19' title="bbox 220 2249 1376 2338; baseline 0.001 -24"><span class='ocrx_word' id='word_1_120' title='bbox 220 2263 315 2328; x_wconf 86' lang='lat' dir='ltr'><strong><em>runt,</em></strong></span> <span class='ocrx_word' id='word_1_121' title='bbox 338 2261 370 2312; x_wconf 89' lang='lat' dir='ltr'><strong><em>et</em></strong></span> <span class='ocrx_word' id='word_1_122' title='bbox 387 2252 421 2310; x_wconf 88' lang='lat' dir='ltr'><strong><em>in</em></strong></span> <span class='ocrx_word' id='word_1_123' title='bbox 438 2249 640 2332; x_wconf 80' lang='lat' dir='ltr'><strong><em>Septimania</em></strong></span> <span class='ocrx_word' id='word_1_124' title='bbox 657 2258 754 2330; x_wconf 90' lang='lat' dir='ltr'><strong><em>atque</em></strong></span> <span class='ocrx_word' id='word_1_125' title='bbox 779 2250 812 2308; x_wconf 93' lang='lat' dir='ltr'><strong><em>in</em></strong></span> <span class='ocrx_word' id='word_1_126' title='bbox 833 2269 870 2309; x_wconf 91' lang='lat' dir='ltr'><strong><em>ea</em></strong></span> <span class='ocrx_word' id='word_1_127' title='bbox 888 2249 1038 2332; x_wconf 89' lang='lat' dir='ltr'><strong><em>portione</em></strong></span> <span class='ocrx_word' id='word_1_128' title='bbox 1055 2251 1229 2332; x_wconf 85' lang='lat' dir='ltr'><strong><em>Hispaniae</em></strong></span> <span class='ocrx_word' id='word_1_129' title='bbox 1252 2256 1376 2338; x_wconf 72' lang='lat' dir='ltr'><strong><em>quaeis</em></strong></span> 
     </span>
     <span class='ocr_line' id='line_1_20' title="bbox 221 2331 1373 2410; baseline 0 -13"><span class='ocrx_word' id='word_1_130' title='bbox 221 2336 338 2398; x_wconf 88' lang='lat' dir='ltr'><strong><em>nostris</em></strong></span> <span class='ocrx_word' id='word_1_131' title='bbox 353 2333 596 2395; x_wconf 87' lang='lat' dir='ltr'><strong><em>Marchiouibus</em></strong></span> <span class='ocrx_word' id='word_1_132' title='bbox 619 2331 652 2390; x_wconf 88' lang='lat' dir='ltr'><strong><em>in</em></strong></span> <span class='ocrx_word' id='word_1_133' title='bbox 671 2332 882 2393; x_wconf 87' lang='lat' dir='ltr'><strong><em>solitudinem</em></strong></span> <span class='ocrx_word' id='word_1_134' title='bbox 902 2335 1032 2394; x_wconf 85' lang='lat' dir='ltr'><strong><em>redacta</em></strong></span> <span class='ocrx_word' id='word_1_135' title='bbox 1053 2334 1137 2410; x_wconf 84' lang='lat' dir='ltr'><strong><em>fait,</em></strong></span> <span class='ocrx_word' id='word_1_136' title='bbox 1161 2356 1232 2396; x_wconf 89' lang='lat' dir='ltr'><strong><em>sese</em></strong></span> <span class='ocrx_word' id='word_1_137' title='bbox 1252 2338 1295 2398; x_wconf 85' lang='lat' dir='ltr'><strong><em>ad</em></strong></span> <span class='ocrx_word' id='word_1_138' title='bbox 1312 2334 1373 2397; x_wconf 89' lang='lat' dir='ltr'><strong><em>ha-</em></strong></span> 
     </span>
     <span class='ocr_line' id='line_1_21' title="bbox 220 2413 1374 2502; baseline 0.001 -22"><span class='ocrx_word' id='word_1_139' title='bbox 220 2419 391 2500; x_wconf 83' lang='lat' dir='ltr'><strong><em>bitandum</em></strong></span> <span class='ocrx_word' id='word_1_140' title='bbox 405 2416 636 2492; x_wconf 87' lang='lat' dir='ltr'><strong><em>contulerunt,</em></strong></span> <span class='ocrx_word' id='word_1_141' title='bbox 654 2423 687 2474; x_wconf 92' lang='lat' dir='ltr'><strong><em>et</em></strong></span> <span class='ocrx_word' id='word_1_142' title='bbox 705 2415 723 2474; x_wconf 76' lang='lat' dir='ltr'><strong><em>d</em></strong></span> <span class='ocrx_word' id='word_1_143' title='bbox 743 2413 995 2476; x_wconf 76' lang='lat' dir='ltr'><strong><em>sarracenorum</em></strong></span> <span class='ocrx_word' id='word_1_144' title='bbox 1012 2424 1168 2502; x_wconf 88' lang='lat' dir='ltr'><strong><em>potestate</em></strong></span> <span class='ocrx_word' id='word_1_145' title='bbox 1188 2440 1223 2478; x_wconf 91' lang='lat' dir='ltr'><strong><em>se</em></strong></span> <span class='ocrx_word' id='word_1_146' title='bbox 1245 2419 1374 2481; x_wconf 89' lang='lat' dir='ltr'><strong><em>subtra-</em></strong></span> 
     </span>
     <span class='ocr_line' id='line_1_22' title="bbox 221 2497 1372 2582; baseline 0 -20"><span class='ocrx_word' id='word_1_147' title='bbox 221 2503 361 2576; x_wconf 87' lang='lat' dir='ltr'><strong><em>hentes,</em></strong></span> <span class='ocrx_word' id='word_1_148' title='bbox 390 2509 501 2560; x_wconf 87' lang='lat' dir='ltr'><strong><em>nostro</em></strong></span> <span class='ocrx_word' id='word_1_149' title='bbox 531 2497 677 2560; x_wconf 88' lang='lat' dir='ltr'><strong><em>dominio</em></strong></span> <span class='ocrx_word' id='word_1_150' title='bbox 699 2497 801 2558; x_wconf 72' lang='lat' dir='ltr'><strong><em>liberal</em></strong></span> <span class='ocrx_word' id='word_1_151' title='bbox 832 2507 865 2560; x_wconf 90' lang='lat' dir='ltr'><strong><em>et</em></strong></span> <span class='ocrx_word' id='word_1_152' title='bbox 883 2501 1029 2582; x_wconf 67' lang='lat' dir='ltr'><strong><em>prompti</em></strong></span> <span class='ocrx_word' id='word_1_153' title='bbox 1046 2501 1216 2562; x_wconf 90' lang='lat' dir='ltr'><strong><em>voluntate</em></strong></span> <span class='ocrx_word' id='word_1_154' title='bbox 1236 2501 1272 2563; x_wconf 81' lang='lat' dir='ltr'><strong><em>se</em></strong></span> <span class='ocrx_word' id='word_1_155' title='bbox 1292 2503 1372 2564; x_wconf 88' lang='lat' dir='ltr'><strong><em>sub-</em></strong></span> 
     </span>
     <span class='ocr_line' id='line_1_23' title="bbox 224 2580 1370 2666; baseline -0.002 -20"><span class='ocrx_word' id='word_1_156' title='bbox 224 2585 397 2658; x_wconf 86' lang='lat' dir='ltr'><strong><em>diderunt,</em></strong></span> <span class='ocrx_word' id='word_1_157' title='bbox 428 2582 471 2642; x_wconf 82' lang='lat' dir='ltr'><strong><em>itt</em></strong></span> <span class='ocrx_word' id='word_1_158' title='bbox 493 2581 534 2642; x_wconf 92' lang='lat' dir='ltr'><strong><em>ad</em></strong></span> <span class='ocrx_word' id='word_1_159' title='bbox 563 2580 708 2642; x_wconf 90' lang='lat' dir='ltr'><strong><em>omnium</em></strong></span> <span class='ocrx_word' id='word_1_160' title='bbox 725 2581 870 2642; x_wconf 69' lang='lat' dir='ltr'><strong><em>vestrum</em></strong></span> <span class='ocrx_word' id='word_1_161' title='bbox 896 2583 1044 2643; x_wconf 86' lang='lat' dir='ltr'><strong><em>notitiam</em></strong></span> <span class='ocrx_word' id='word_1_162' title='bbox 1067 2583 1242 2666; x_wconf 87' lang='lat' dir='ltr'><strong><em>pervenire</em></strong></span> <span class='ocrx_word' id='word_1_163' title='bbox 1272 2585 1370 2646; x_wconf 91' lang='lat' dir='ltr'><strong><em>volu-</em></strong></span> 
     </span>
     <span class='ocr_line' id='line_1_24' title="bbox 224 2662 1464 2750; baseline 0 -22"><span class='ocrx_word' id='word_1_164' title='bbox 224 2688 294 2728; x_wconf 88' lang='lat' dir='ltr'><strong><em>mus</em></strong></span> <span class='ocrx_word' id='word_1_165' title='bbox 321 2665 410 2750; x_wconf 78' lang='lat' dir='ltr'><strong><em>qubd</em></strong></span> <span class='ocrx_word' id='word_1_166' title='bbox 437 2663 567 2726; x_wconf 88' lang='lat' dir='ltr'><strong><em>eosdem</em></strong></span> <span class='ocrx_word' id='word_1_167' title='bbox 598 2662 746 2724; x_wconf 87' lang='lat' dir='ltr'><strong><em>homines</em></strong></span> <span class='ocrx_word' id='word_1_168' title='bbox 784 2664 844 2726; x_wconf 90' lang='lat' dir='ltr'><strong><em>sub</em></strong></span> <span class='ocrx_word' id='word_1_169' title='bbox 878 2666 1079 2745; x_wconf 89' lang='lat' dir='ltr'><strong><em>protectione</em></strong></span> <span class='ocrx_word' id='word_1_170' title='bbox 1110 2672 1142 2724; x_wconf 89' lang='lat' dir='ltr'><strong><em>et</em></strong></span> <span class='ocrx_word' id='word_1_171' title='bbox 1173 2666 1372 2730; x_wconf 85' lang='lat' dir='ltr'><strong><em>defensioue</em></strong></span> <span class='ocrx_word' id='word_1_172' title='bbox 1463 2677 1464 2690; x_wconf 64' lang='lat'>¹</span> 
     </span>
     <span class='ocr_line' id='line_1_25' title="bbox 225 2745 1464 2830; baseline 0 -19"><span class='ocrx_word' id='word_1_173' title='bbox 225 2757 333 2811; x_wconf 86' lang='lat' dir='ltr'><strong><em>nostra</em></strong></span> <span class='ocrx_word' id='word_1_174' title='bbox 352 2757 520 2830; x_wconf 87' lang='lat' dir='ltr'><strong><em>receptos,</em></strong></span> <span class='ocrx_word' id='word_1_175' title='bbox 544 2747 577 2806; x_wconf 93' lang='lat' dir='ltr'><strong><em>in</em></strong></span> <span class='ocrx_word' id='word_1_176' title='bbox 603 2745 751 2810; x_wconf 87' lang='lat' dir='ltr'><strong><em>libertate</em></strong></span> <span class='ocrx_word' id='word_1_177' title='bbox 769 2769 959 2809; x_wconf 86' lang='lat' dir='ltr'><strong><em>conservare</em></strong></span> <span class='ocrx_word' id='word_1_178' title='bbox 981 2747 1195 2810; x_wconf 77' lang='lat' dir='ltr'><strong><em>decrevimus.</em></strong></span> <span class='ocrx_word' id='word_1_179' title='bbox 1462 2767 1464 2820; x_wconf 73' lang='lat' dir='ltr'><strong><em>t</em></strong></span> 
     </span>
    </p>
   </div>
   <div class='ocr_carea' id='block_1_6' title="bbox 227 2849 1464 3687">
    <p class='ocr_par' dir='ltr' id='par_1_6' title="bbox 227 2849 1464 3687">
     <span class='ocr_line' id='line_1_26' title="bbox 308 2849 1464 2944; baseline 0.003 -21"><span class='ocrx_word' id='word_1_180' title='bbox 308 2865 386 2944; x_wconf 86' lang='lat' dir='ltr'><strong><em>Cap.</em></strong></span> <span class='ocrx_word' id='word_1_181' title='bbox 403 2863 429 2921; x_wconf 94' lang='lat' dir='ltr'><strong><em>I.</em></strong></span> <span class='ocrx_word' id='word_1_182' title='bbox 470 2861 520 2922; x_wconf 91' lang='lat' dir='ltr'><strong><em>Eo</em></strong></span> <span class='ocrx_word' id='word_1_183' title='bbox 534 2861 688 2922; x_wconf 89' lang='lat' dir='ltr'><strong><em>videlicet</em></strong></span> <span class='ocrx_word' id='word_1_184' title='bbox 703 2861 799 2923; x_wconf 90' lang='lat' dir='ltr'><strong><em>modo</em></strong></span> <span class='ocrx_word' id='word_1_185' title='bbox 817 2871 852 2922; x_wconf 91' lang='lat' dir='ltr'><strong><em>ut</em></strong></span> <span class='ocrx_word' id='word_1_186' title='bbox 866 2861 949 2924; x_wconf 88' lang='lat' dir='ltr'><strong><em>sicut</em></strong></span> <span class='ocrx_word' id='word_1_187' title='bbox 965 2865 1086 2926; x_wconf 87' lang='lat' dir='ltr'><strong><em>caeteri</em></strong></span> <span class='ocrx_word' id='word_1_188' title='bbox 1103 2865 1199 2926; x_wconf 90' lang='lat' dir='ltr'><strong><em>liberi</em></strong></span> <span class='ocrx_word' id='word_1_189' title='bbox 1218 2864 1372 2926; x_wconf 89' lang='lat' dir='ltr'><strong><em>homines</em></strong></span> <span class='ocrx_word' id='word_1_190' title='bbox 1463 2849 1464 2944; x_wconf 78' lang='lat' dir='ltr'><strong><em>l</em></strong></span> 
     </span>
     <span class='ocr_line' id='line_1_27' title="bbox 227 2943 1374 3028; baseline -0.003 -19"><span class='ocrx_word' id='word_1_191' title='bbox 227 2969 301 3010; x_wconf 89' lang='lat' dir='ltr'><strong><em>cum</em></strong></span> <span class='ocrx_word' id='word_1_192' title='bbox 321 2944 446 3006; x_wconf 89' lang='lat' dir='ltr'><strong><em>Comite</em></strong></span> <span class='ocrx_word' id='word_1_193' title='bbox 470 2965 527 3004; x_wconf 91' lang='lat' dir='ltr'><strong><em>suo</em></strong></span> <span class='ocrx_word' id='word_1_194' title='bbox 550 2943 584 3002; x_wconf 91' lang='lat' dir='ltr'><strong><em>in</em></strong></span> <span class='ocrx_word' id='word_1_195' title='bbox 609 2945 790 3006; x_wconf 86' lang='lat' dir='ltr'><strong><em>exercitum</em></strong></span> <span class='ocrx_word' id='word_1_196' title='bbox 816 2955 968 3028; x_wconf 79' lang='lat' dir='ltr'><strong><em>pergant,</em></strong></span> <span class='ocrx_word' id='word_1_197' title='bbox 1001 2957 1033 3008; x_wconf 91' lang='lat' dir='ltr'><strong><em>et</em></strong></span> <span class='ocrx_word' id='word_1_198' title='bbox 1056 2945 1090 3007; x_wconf 91' lang='lat' dir='ltr'><strong><em>in</em></strong></span> <span class='ocrx_word' id='word_1_199' title='bbox 1112 2947 1244 3008; x_wconf 88' lang='lat' dir='ltr'><strong><em>marcha</em></strong></span> <span class='ocrx_word' id='word_1_200' title='bbox 1261 2959 1374 3009; x_wconf 89' lang='lat' dir='ltr'><strong><em>nostra</em></strong></span> 
     </span>
     <span class='ocr_line' id='line_1_28' title="bbox 227 3023 1375 3110; baseline 0 -18"><span class='ocrx_word' id='word_1_201' title='bbox 227 3034 316 3092; x_wconf 82' lang='lat' dir='ltr'><strong><em>iuxta</em></strong></span> <span class='ocrx_word' id='word_1_202' title='bbox 333 3027 557 3088; x_wconf 87' lang='lat' dir='ltr'><strong><em>rationabilem</em></strong></span> <span class='ocrx_word' id='word_1_203' title='bbox 576 3023 722 3086; x_wconf 88' lang='lat' dir='ltr'><strong><em>eiusdem</em></strong></span> <span class='ocrx_word' id='word_1_204' title='bbox 737 3027 871 3088; x_wconf 90' lang='lat' dir='ltr'><strong><em>Comitis</em></strong></span> <span class='ocrx_word' id='word_1_205' title='bbox 893 3027 1132 3091; x_wconf 85' lang='lat' dir='ltr'><strong><em>ordinationem</em></strong></span> <span class='ocrx_word' id='word_1_206' title='bbox 1150 3040 1248 3110; x_wconf 89' lang='lat' dir='ltr'><strong><em>atque</em></strong></span> <span class='ocrx_word' id='word_1_207' title='bbox 1265 3031 1375 3092; x_wconf 90' lang='lat' dir='ltr'><strong><em>admo-</em></strong></span> 
     </span>
     <span class='ocr_line' id='line_1_29' title="bbox 228 3110 1374 3192; baseline -0.002 -18"><span class='ocrx_word' id='word_1_208' title='bbox 228 3114 388 3174; x_wconf 86' lang='lat' dir='ltr'><strong><em>nitionem</em></strong></span> <span class='ocrx_word' id='word_1_209' title='bbox 414 3110 655 3192; x_wconf 80' lang='lat' dir='ltr'><strong><em>explorationes</em></strong></span> <span class='ocrx_word' id='word_1_210' title='bbox 681 3120 714 3171; x_wconf 90' lang='lat' dir='ltr'><strong><em>et</em></strong></span> <span class='ocrx_word' id='word_1_211' title='bbox 739 3111 912 3187; x_wconf 84' lang='lat' dir='ltr'><strong><em>excubias,</em></strong></span> <span class='ocrx_word' id='word_1_212' title='bbox 949 3113 1039 3192; x_wconf 90' lang='lat' dir='ltr'><strong><em>quod</em></strong></span> <span class='ocrx_word' id='word_1_213' title='bbox 1067 3115 1182 3175; x_wconf 88' lang='lat' dir='ltr'><strong><em>usitato</em></strong></span> <span class='ocrx_word' id='word_1_214' title='bbox 1209 3114 1374 3175; x_wconf 89' lang='lat' dir='ltr'><strong><em>vocabulo</em></strong></span> 
     </span>
     <span class='ocr_line' id='line_1_30' title="bbox 227 3192 1374 3288; baseline -0.003 -32"><span class='ocrx_word' id='word_1_215' title='bbox 227 3208 348 3256; x_wconf 82' lang='lat' dir='ltr'><strong><em>wactas</em></strong></span> <span class='ocrx_word' id='word_1_216' title='bbox 368 3194 498 3270; x_wconf 87' lang='lat' dir='ltr'><strong><em>dicunt,</em></strong></span> <span class='ocrx_word' id='word_1_217' title='bbox 520 3193 626 3252; x_wconf 85' lang='lat' dir='ltr'><strong><em>faeere</em></strong></span> <span class='ocrx_word' id='word_1_218' title='bbox 644 3213 709 3252; x_wconf 91' lang='lat' dir='ltr'><strong><em>non</em></strong></span> <span class='ocrx_word' id='word_1_219' title='bbox 733 3192 919 3288; x_wconf 67' lang='lat' dir='ltr'><strong><em>negligant,</em></strong></span> <span class='ocrx_word' id='word_1_220' title='bbox 938 3203 970 3253; x_wconf 88' lang='lat' dir='ltr'><strong><em>et</em></strong></span> <span class='ocrx_word' id='word_1_221' title='bbox 985 3195 1089 3257; x_wconf 86' lang='lat' dir='ltr'><strong><em>Missis</em></strong></span> <span class='ocrx_word' id='word_1_222' title='bbox 1111 3196 1229 3257; x_wconf 85' lang='lat' dir='ltr'><strong><em>nostris</em></strong></span> <span class='ocrx_word' id='word_1_223' title='bbox 1243 3206 1301 3256; x_wconf 88' lang='lat' dir='ltr'><strong><em>aut</em></strong></span> <span class='ocrx_word' id='word_1_224' title='bbox 1314 3196 1374 3255; x_wconf 84' lang='lat' dir='ltr'><strong><em>lilii</em></strong></span> 
     </span>
     <span class='ocr_line' id='line_1_31' title="bbox 230 3275 1464 3360; baseline 0.001 -22"><span class='ocrx_word' id='word_1_225' title='bbox 230 3279 348 3354; x_wconf 87' lang='lat' dir='ltr'><strong><em>nostri,</em></strong></span> <span class='ocrx_word' id='word_1_226' title='bbox 368 3299 450 3358; x_wconf 88' lang='lat' dir='ltr'><strong><em>quos</em></strong></span> <span class='ocrx_word' id='word_1_227' title='bbox 466 3297 487 3357; x_wconf 92' lang='lat' dir='ltr'><strong><em>p</em></strong></span> <span class='ocrx_word' id='word_1_228' title='bbox 539 3295 648 3336; x_wconf 86' lang='lat' dir='ltr'><strong><em>rerum</em></strong></span> <span class='ocrx_word' id='word_1_229' title='bbox 662 3285 904 3357; x_wconf 78' lang='lat' dir='ltr'><strong><em>opportunitate</em></strong></span> <span class='ocrx_word' id='word_1_230' title='bbox 919 3275 991 3338; x_wconf 90' lang='lat' dir='ltr'><strong><em>illas</em></strong></span> <span class='ocrx_word' id='word_1_231' title='bbox 1005 3278 1039 3338; x_wconf 92' lang='lat' dir='ltr'><strong><em>in</em></strong></span> <span class='ocrx_word' id='word_1_232' title='bbox 1054 3287 1160 3360; x_wconf 88' lang='lat' dir='ltr'><strong><em>partes</em></strong></span> <span class='ocrx_word' id='word_1_233' title='bbox 1175 3279 1372 3355; x_wconf 88' lang='lat' dir='ltr'><strong><em>miserimus,</em></strong></span> <span class='ocrx_word' id='word_1_234' title='bbox 1463 3279 1464 3314; x_wconf 72' lang='lat'>³</span> 
     </span>
     <span class='ocr_line' id='line_1_32' title="bbox 230 3356 1372 3444; baseline 0 -23"><span class='ocrx_word' id='word_1_235' title='bbox 230 3371 286 3422; x_wconf 87' lang='lat' dir='ltr'><strong><em>aut</em></strong></span> <span class='ocrx_word' id='word_1_236' title='bbox 299 3361 411 3444; x_wconf 77' lang='lat' dir='ltr'><strong><em>legatis</em></strong></span> <span class='ocrx_word' id='word_1_237' title='bbox 426 3359 483 3442; x_wconf 91' lang='lat' dir='ltr'><strong><em>qui</em></strong></span> <span class='ocrx_word' id='word_1_238' title='bbox 522 3356 698 3439; x_wconf 88' lang='lat' dir='ltr'><strong><em>epartibus</em></strong></span> <span class='ocrx_word' id='word_1_239' title='bbox 716 3358 888 3440; x_wconf 89' lang='lat' dir='ltr'><strong><em>Hispaniae</em></strong></span> <span class='ocrx_word' id='word_1_240' title='bbox 905 3359 946 3418; x_wconf 89' lang='lat' dir='ltr'><strong><em>ad</em></strong></span> <span class='ocrx_word' id='word_1_241' title='bbox 963 3381 1020 3420; x_wconf 91' lang='lat' dir='ltr'><strong><em>nos</em></strong></span> <span class='ocrx_word' id='word_1_242' title='bbox 1039 3361 1215 3422; x_wconf 84' lang='lat' dir='ltr'><strong><em>transmissi</em></strong></span> <span class='ocrx_word' id='word_1_243' title='bbox 1233 3362 1372 3436; x_wconf 87' lang='lat' dir='ltr'><strong><em>fuerint,</em></strong></span> 
     </span>
     <span class='ocr_line' id='line_1_33' title="bbox 230 3439 1373 3528; baseline 0 -26"><span class='ocrx_word' id='word_1_244' title='bbox 230 3453 354 3528; x_wconf 84' lang='lat' dir='ltr'><strong><em>paratas</em></strong></span> <span class='ocrx_word' id='word_1_245' title='bbox 377 3441 515 3517; x_wconf 71' lang='lat' dir='ltr'><strong><em>faciant,</em></strong></span> <span class='ocrx_word' id='word_1_246' title='bbox 549 3449 581 3500; x_wconf 89' lang='lat' dir='ltr'><strong><em>et</em></strong></span> <span class='ocrx_word' id='word_1_247' title='bbox 607 3439 647 3498; x_wconf 91' lang='lat' dir='ltr'><strong><em>ad</em></strong></span> <span class='ocrx_word' id='word_1_248' title='bbox 670 3440 917 3502; x_wconf 85' lang='lat' dir='ltr'><strong><em>subvectionem</em></strong></span> <span class='ocrx_word' id='word_1_249' title='bbox 942 3462 1055 3502; x_wconf 88' lang='lat' dir='ltr'><strong><em>eorum</em></strong></span> <span class='ocrx_word' id='word_1_250' title='bbox 1080 3444 1217 3505; x_wconf 82' lang='lat' dir='ltr'><strong><em>veredos</em></strong></span> <span class='ocrx_word' id='word_1_251' title='bbox 1239 3445 1373 3505; x_wconf 90' lang='lat' dir='ltr'><strong><em>donent.</em></strong></span> 
     </span>
     <span class='ocr_line' id='line_1_34' title="bbox 231 3521 1372 3609; baseline -0.002 -21"><span class='ocrx_word' id='word_1_252' title='bbox 231 3526 325 3588; x_wconf 81' lang='lat' dir='ltr'><strong><em>Alius</em></strong></span> <span class='ocrx_word' id='word_1_253' title='bbox 341 3525 418 3586; x_wconf 85' lang='lat' dir='ltr'><strong><em>verb</em></strong></span> <span class='ocrx_word' id='word_1_254' title='bbox 432 3545 547 3584; x_wconf 88' lang='lat' dir='ltr'><strong><em>census</em></strong></span> <span class='ocrx_word' id='word_1_255' title='bbox 564 3521 683 3599; x_wconf 89' lang='lat' dir='ltr'><strong><em>abeis,</em></strong></span> <span class='ocrx_word' id='word_1_256' title='bbox 706 3544 812 3605; x_wconf 88' lang='lat' dir='ltr'><strong><em>neque</em></strong></span> <span class='ocrx_word' id='word_1_257' title='bbox 832 3524 1009 3604; x_wconf 62' lang='lat' dir='ltr'><strong><em>allambe,</em></strong></span> <span class='ocrx_word' id='word_1_258' title='bbox 1029 3547 1136 3609; x_wconf 90' lang='lat' dir='ltr'><strong><em>neque</em></strong></span> <span class='ocrx_word' id='word_1_259' title='bbox 1153 3529 1171 3587; x_wconf 78' lang='lat' dir='ltr'><strong><em>a</em></strong></span> <span class='ocrx_word' id='word_1_260' title='bbox 1189 3526 1372 3588; x_wconf 88' lang='lat' dir='ltr'><strong><em>iunioribus</em></strong></span> 
     </span>
     <span class='ocr_line' id='line_1_35' title="bbox 232 3604 844 3687; baseline -0.007 -17"><span class='ocrx_word' id='word_1_261' title='bbox 232 3617 265 3670; x_wconf 87' lang='lat' dir='ltr'><strong><em>et</em></strong></span> <span class='ocrx_word' id='word_1_262' title='bbox 287 3605 555 3670; x_wconf 80' lang='lat' dir='ltr'><strong><em>Ministerialibus</em></strong></span> <span class='ocrx_word' id='word_1_263' title='bbox 570 3604 662 3682; x_wconf 88' lang='lat' dir='ltr'><strong><em>eius,</em></strong></span> <span class='ocrx_word' id='word_1_264' title='bbox 687 3605 844 3687; x_wconf 79' lang='lat' dir='ltr'><strong><em>exigatur.</em></strong></span> 
     </span>
    </p>
   </div>
   <div class='ocr_carea' id='block_1_7' title="bbox 233 3711 1463 4375">
    <p class='ocr_par' dir='ltr' id='par_1_7' title="bbox 233 3711 1463 4375">
     <span class='ocr_line' id='line_1_36' title="bbox 317 3711 1372 3796; baseline 0 -22"><span class='ocrx_word' id='word_1_265' title='bbox 317 3715 358 3775; x_wconf 89' lang='lat' dir='ltr'><strong><em>ll.</em></strong></span> <span class='ocrx_word' id='word_1_266' title='bbox 401 3713 466 3796; x_wconf 89' lang='lat' dir='ltr'><strong><em>lpsi</em></strong></span> <span class='ocrx_word' id='word_1_267' title='bbox 484 3712 564 3773; x_wconf 82' lang='lat' dir='ltr'><strong><em>verb</em></strong></span> <span class='ocrx_word' id='word_1_268' title='bbox 585 3732 643 3792; x_wconf 85' lang='lat' dir='ltr'><strong><em>pro</em></strong></span> <span class='ocrx_word' id='word_1_269' title='bbox 664 3711 838 3773; x_wconf 89' lang='lat' dir='ltr'><strong><em>maioribus</em></strong></span> <span class='ocrx_word' id='word_1_270' title='bbox 858 3714 977 3790; x_wconf 88' lang='lat' dir='ltr'><strong><em>causis,</em></strong></span> <span class='ocrx_word' id='word_1_271' title='bbox 998 3715 1081 3777; x_wconf 90' lang='lat' dir='ltr'><strong><em>sicut</em></strong></span> <span class='ocrx_word' id='word_1_272' title='bbox 1096 3727 1172 3778; x_wconf 89' lang='lat' dir='ltr'><strong><em>sunt</em></strong></span> <span class='ocrx_word' id='word_1_273' title='bbox 1185 3715 1372 3792; x_wconf 89' lang='lat' dir='ltr'><strong><em>homicidia,</em></strong></span> 
     </span>
     <span class='ocr_line' id='line_1_37' title="bbox 233 3793 1371 3882; baseline -0.001 -23"><span class='ocrx_word' id='word_1_274' title='bbox 233 3807 367 3881; x_wconf 85' lang='lat' dir='ltr'><strong><em>raptus,</em></strong></span> <span class='ocrx_word' id='word_1_275' title='bbox 394 3795 565 3870; x_wconf 81' lang='lat' dir='ltr'><strong><em>incendia,</em></strong></span> <span class='ocrx_word' id='word_1_276' title='bbox 586 3793 871 3874; x_wconf 87' lang='lat' dir='ltr'><strong><em>depraedationes,</em></strong></span> <span class='ocrx_word' id='word_1_277' title='bbox 893 3797 1110 3859; x_wconf 87' lang='lat' dir='ltr'><strong><em>membrorum</em></strong></span> <span class='ocrx_word' id='word_1_278' title='bbox 1129 3800 1371 3882; x_wconf 86' lang='lat' dir='ltr'><strong><em>amputationes,</em></strong></span> 
     </span>
     <span class='ocr_line' id='line_1_38' title="bbox 233 3876 1373 3964; baseline -0.002 -22"><span class='ocrx_word' id='word_1_279' title='bbox 233 3885 339 3955; x_wconf 86' lang='lat' dir='ltr'><strong><em>furta,</em></strong></span> <span class='ocrx_word' id='word_1_280' title='bbox 359 3878 544 3952; x_wconf 88' lang='lat' dir='ltr'><strong><em>latrocinia,</em></strong></span> <span class='ocrx_word' id='word_1_281' title='bbox 558 3876 737 3936; x_wconf 89' lang='lat' dir='ltr'><strong><em>alienarum</em></strong></span> <span class='ocrx_word' id='word_1_282' title='bbox 755 3898 865 3938; x_wconf 86' lang='lat' dir='ltr'><strong><em>rerum</em></strong></span> <span class='ocrx_word' id='word_1_283' title='bbox 880 3878 1088 3962; x_wconf 81' lang='lat' dir='ltr'><strong><em>invasiones,</em></strong></span> <span class='ocrx_word' id='word_1_284' title='bbox 1107 3891 1141 3944; x_wconf 89' lang='lat' dir='ltr'><strong><em>et</em></strong></span> <span class='ocrx_word' id='word_1_285' title='bbox 1157 3882 1373 3964; x_wconf 88' lang='lat' dir='ltr'><strong><em>undecunque</em></strong></span> 
     </span>
     <span class='ocr_line' id='line_1_39' title="bbox 235 3958 1376 4041; baseline -0.003 -18"><span class='ocrx_word' id='word_1_286' title='bbox 235 3963 377 4024; x_wconf 79' lang='lat' dir='ltr'><strong><em>lavicino</em></strong></span> <span class='ocrx_word' id='word_1_287' title='bbox 400 3985 460 4022; x_wconf 90' lang='lat' dir='ltr'><strong><em>suo</em></strong></span> <span class='ocrx_word' id='word_1_288' title='bbox 485 3969 539 4019; x_wconf 90' lang='lat' dir='ltr'><strong><em>aut</em></strong></span> <span class='ocrx_word' id='word_1_289' title='bbox 556 3958 769 4020; x_wconf 87' lang='lat' dir='ltr'><strong><em>criminaliter</em></strong></span> <span class='ocrx_word' id='word_1_290' title='bbox 789 3969 845 4020; x_wconf 86' lang='lat' dir='ltr'><strong><em>aut</em></strong></span> <span class='ocrx_word' id='word_1_291' title='bbox 864 3961 1006 4023; x_wconf 89' lang='lat' dir='ltr'><strong><em>civiliter</em></strong></span> <span class='ocrx_word' id='word_1_292' title='bbox 1023 3965 1124 4024; x_wconf 84' lang='lat' dir='ltr'><strong><em>fuerit</em></strong></span> <span class='ocrx_word' id='word_1_293' title='bbox 1139 3973 1325 4041; x_wconf 75' lang='lat' dir='ltr'><strong><em>accusatuS,</em></strong></span> <span class='ocrx_word' id='word_1_294' title='bbox 1345 3970 1376 4022; x_wconf 91' lang='lat' dir='ltr'><strong><em>et</em></strong></span> 
     </span>
     <span class='ocr_line' id='line_1_40' title="bbox 236 4041 1374 4128; baseline -0.003 -22"><span class='ocrx_word' id='word_1_295' title='bbox 236 4047 277 4106; x_wconf 91' lang='lat' dir='ltr'><strong><em>ad</em></strong></span> <span class='ocrx_word' id='word_1_296' title='bbox 298 4045 455 4128; x_wconf 86' lang='lat' dir='ltr'><strong><em>placitum</em></strong></span> <span class='ocrx_word' id='word_1_297' title='bbox 470 4042 582 4105; x_wconf 89' lang='lat' dir='ltr'><strong><em>venire</em></strong></span> <span class='ocrx_word' id='word_1_298' title='bbox 597 4041 721 4116; x_wconf 84' lang='lat' dir='ltr'><strong><em>iussus,</em></strong></span> <span class='ocrx_word' id='word_1_299' title='bbox 744 4041 785 4102; x_wconf 88' lang='lat' dir='ltr'><strong><em>ad</em></strong></span> <span class='ocrx_word' id='word_1_300' title='bbox 803 4044 936 4106; x_wconf 89' lang='lat' dir='ltr'><strong><em>Comitis</em></strong></span> <span class='ocrx_word' id='word_1_301' title='bbox 959 4045 1008 4106; x_wconf 90' lang='lat' dir='ltr'><strong><em>sui</em></strong></span> <span class='ocrx_word' id='word_1_302' title='bbox 1030 4047 1166 4108; x_wconf 89' lang='lat' dir='ltr'><strong><em>mallum</em></strong></span> <span class='ocrx_word' id='word_1_303' title='bbox 1185 4043 1374 4120; x_wconf 88' lang='lat' dir='ltr'><strong><em>omnimodis</em></strong></span> 
     </span>
     <span class='ocr_line' id='line_1_41' title="bbox 237 4126 1375 4202; baseline 0 -14"><span class='ocrx_word' id='word_1_304' title='bbox 237 4129 352 4188; x_wconf 85' lang='lat' dir='ltr'><strong><em>venire</em></strong></span> <span class='ocrx_word' id='word_1_305' title='bbox 372 4149 437 4188; x_wconf 87' lang='lat' dir='ltr'><strong><em>non</em></strong></span> <span class='ocrx_word' id='word_1_306' title='bbox 453 4133 615 4188; x_wconf 89' lang='lat' dir='ltr'><strong><em>recusent.</em></strong></span> <span class='ocrx_word' id='word_1_307' title='bbox 658 4126 807 4187; x_wconf 90' lang='lat' dir='ltr'><strong><em>Caeteras</em></strong></span> <span class='ocrx_word' id='word_1_308' title='bbox 824 4126 901 4188; x_wconf 85' lang='lat' dir='ltr'><strong><em>verb</em></strong></span> <span class='ocrx_word' id='word_1_309' title='bbox 917 4127 1060 4191; x_wconf 85' lang='lat' dir='ltr'><strong><em>minores</em></strong></span> <span class='ocrx_word' id='word_1_310' title='bbox 1074 4151 1185 4192; x_wconf 86' lang='lat' dir='ltr'><strong><em>causas</em></strong></span> <span class='ocrx_word' id='word_1_311' title='bbox 1203 4151 1294 4191; x_wconf 89' lang='lat' dir='ltr'><strong><em>more</em></strong></span> <span class='ocrx_word' id='word_1_312' title='bbox 1306 4149 1375 4202; x_wconf 89' lang='lat' dir='ltr'><strong><em>suo,</em></strong></span> 
     </span>
     <span class='ocr_line' id='line_1_42' title="bbox 236 4208 1463 4286; baseline -0.003 -15"><span class='ocrx_word' id='word_1_313' title='bbox 236 4211 321 4271; x_wconf 86' lang='lat' dir='ltr'><strong><em>sicut</em></strong></span> <span class='ocrx_word' id='word_1_314' title='bbox 338 4210 495 4270; x_wconf 75' lang='lat' dir='ltr'><strong><em>hactenus</em></strong></span> <span class='ocrx_word' id='word_1_315' title='bbox 515 4208 630 4270; x_wconf 84' lang='lat' dir='ltr'><strong><em>l&#39;ecisse</em></strong></span> <span class='ocrx_word' id='word_1_316' title='bbox 650 4217 847 4286; x_wconf 76' lang='lat' dir='ltr'><strong><em>noscuntur,</em></strong></span> <span class='ocrx_word' id='word_1_317' title='bbox 867 4208 953 4271; x_wconf 89' lang='lat' dir='ltr'><strong><em>inter</em></strong></span> <span class='ocrx_word' id='word_1_318' title='bbox 974 4233 1007 4274; x_wconf 89' lang='lat' dir='ltr'><strong><em>se</em></strong></span> <span class='ocrx_word' id='word_1_319' title='bbox 1024 4214 1136 4275; x_wconf 86' lang='lat' dir='ltr'><strong><em>mutub</em></strong></span> <span class='ocrx_word' id='word_1_320' title='bbox 1155 4211 1294 4276; x_wconf 82' lang='lat' dir='ltr'><strong><em>delinire</em></strong></span> <span class='ocrx_word' id='word_1_321' title='bbox 1314 4230 1375 4271; x_wconf 89' lang='lat' dir='ltr'><strong><em>nou</em></strong></span> <span class='ocrx_word' id='word_1_322' title='bbox 1462 4263 1463 4268; x_wconf 74' lang='grc'>,</span> 
     </span>
     <span class='ocr_line' id='line_1_43' title="bbox 235 4291 482 4375; baseline -0.004 -23"><span class='ocrx_word' id='word_1_323' title='bbox 235 4291 482 4375; x_wconf 66' lang='lat' dir='ltr'><strong><em>prohibeantur,</em></strong></span> 
     </span>
    </p>
   </div>
   <div class='ocr_carea' id='block_1_8' title="bbox 0 0 1507 4988">
    <p class='ocr_par' dir='ltr' id='par_1_8' title="bbox 0 0 1507 4988">
     <span class='ocr_line' id='line_1_44' title="bbox 0 0 1507 4988; baseline 0 0"><span class='ocrx_word' id='word_1_324' title='bbox 0 0 1507 4988; x_wconf 95' lang='lat' dir='ltr'><strong><em> </em></strong></span> 
     </span>
    </p>
   </div>
  </div>
 </body>
</html>
