2952 4988
196 289 270 366 att
406 307 550 368 acan.
656 305 914 364 caerretanus
1017 279 1080 365 ssu

419 448 469 512 De
493 445 670 534 benejiciis,
691 448 829 534 qualiter
853 447 1019 510 condricta
1044 452 1118 511 sint.
1310 527 1316 534 υ

277 553 339 620 vl.
381 555 553 637 Quomodo
573 555 686 618 eadem
702 555 863 618 beneficia
879 554 1047 618 condricta
1068 563 1161 638 sunt,
1192 565 1251 620 ant
1269 558 1345 642 quis

197 640 240 706 do
254 639 416 704 beneflcio
435 661 495 702 suo
511 639 639 702 alodem
654 639 853 724 compararit
869 637 921 702 vel
943 638 1069 702 struxit.

198 771 250 836 De
270 769 440 859 Beneficiis
461 769 716 868 Episcopus-um,
745 771 922 842 Athacum,
953 771 1224 854 antiquorum,
1256 785 1287 834 ct
1302 769 1344 833 cie

500 851 599 939 fiscis
620 853 777 934 regalibus
800 851 1028 916 describendis.

281 957 361 1024 Vll.
402 961 446 1022 Ut
475 981 540 1020 non
575 957 681 1022 solium
704 957 862 1022 beneficia
889 959 1140 1042 Episcopornm,
1167 959 1341 1040 illibatum,

198 1043 456 1120 Abbatissarum,
485 1049 583 1126 ‘atque
611 1043 793 1121 Comitum,
826 1041 894 1108 sire
915 1043 1121 1105 vasallorum
1143 1054 1342 1121 nostrorum,

199 1127 258 1192 ssd
272 1127 368 1190 stiam
391 1125 491 1188 nostri
513 1125 579 1188 fisci
604 1125 838 1204 describuntur,
858 1134 895 1187 nt
911 1126 994 1190 scire
1013 1125 1170 1208 possimus
1182 1129 1344 1212 quantiam
1455 1119 1456 1142 ¹

200 1211 298 1273 etiam
315 1209 355 1272 de
374 1218 481 1271 nostra
496 1207 530 1269 in
549 1208 807 1292 uniuscuiusque
825 1209 987 1294 legatione
1003 1207 1187 1272 habeamus.

227 1317 278 1380 Dc
296 1317 504 1398 legationibus
518 1327 653 1402 propter
666 1318 824 1398 iustitias,
847 1338 909 1402 quo
930 1327 1071 1402 tempore
1092 1329 1314 1380 exerceantur.

283 1421 382 1488 Vlll.
422 1423 604 1502 Volumus,
634 1431 768 1511 propter
788 1423 926 1486 iustitias
944 1445 1027 1505 quae
1052 1443 1155 1508 nsque
1181 1423 1279 1486 modo
1299 1423 1344 1486 de

200 1514 291 1594 purte
321 1506 484 1570 Comitum
505 1515 749 1584 remanserunt,
790 1517 932 1590 quatuor
957 1505 1083 1568 tantdm
1110 1507 1277 1570 mensibus
1304 1507 1340 1567 in

201 1610 289 1652 anno
305 1589 395 1652 Missi
414 1589 515 1650 nostri
538 1587 715 1672 legationes
737 1601 862 1654 nostrus
881 1597 1074 1668 exerceant,
1097 1587 1131 1650 in
1153 1587 1270 1674 hyeme
1287 1591 1341 1651 Ia-

201 1671 331 1752 nnario,
359 1671 394 1732 in
413 1692 514 1734 verno
533 1671 656 1756 Aprili,
687 1671 721 1732 in
742 1681 860 1734 aestate
880 1671 986 1750 Iulio,
1012 1669 1046 1732 in
1064 1682 1221 1734 autumno
1238 1673 1342 1734 Octo-
1455 1719 1456 1722 η

200 1753 283 1818 brio.
324 1753 470 1818 Cuetcris
487 1775 566 1816 vero
585 1753 747 1818 mensibus
766 1756 989 1838 uuusquisque
1009 1753 1172 1818 Comitum
1186 1755 1343 1840 placitum

202 1859 302 1902 snum
314 1837 430 1899 habeat
448 1845 481 1900 et
506 1837 643 1900 iustitias
659 1837 763 1900 faciut.
806 1838 893 1902 Missi
916 1846 1024 1898 autem
1046 1837 1147 1900 nostri
1167 1847 1287 1920 quater
1306 1837 1339 1898 in

203 1943 290 1984 anno
304 1923 391 1999 (uno)
407 1941 516 1982 mense
536 1931 570 1982 ct
592 1920 624 1982 iu
644 1930 783 2003 quatuor
798 1920 878 1984 locis
899 1919 1039 1982 habeant
1057 1919 1175 2004 placita
1195 1941 1252 1982 sna
1265 1942 1342 1982 cum

203 2003 462 2068 illisComitibus
480 2001 598 2088 quibus
611 2024 791 2089 congruum
812 2003 914 2068 inerit
934 2013 971 2064 ut
992 2001 1033 2064 ad
1049 2001 1123 2066 eum
1142 2003 1252 2066 locum
1271 2023 1343 2088 pos-

203 2085 270 2150 sint
293 2085 481 2149 convenire.

244 2195 297 2256 Dc
316 2194 455 2256 iussione
478 2161 638 2254 doniinica
656 2194 691 2252 in
708 2190 849 2276 quolibet
863 2193 1022 2254 missatico
1038 2213 1101 2255 non
1115 2186 1313 2278 adimpletas

286 2297 349 2363 lx.
390 2302 433 2362 Ut
446 2299 604 2384 quicquid
623 2297 679 2360 ille
701 2297 816 2360 Missus
840 2297 873 2360 in
894 2297 953 2360 illo
972 2297 1133 2362 missatico
1154 2299 1250 2362 aliter
1270 2301 1341 2362 lae-

205 2395 275 2447 tum
291 2383 456 2444 invenerit
474 2383 571 2466 quim
587 2389 695 2444 nostru
712 2381 753 2442 sit
776 2379 886 2460 iussio,
908 2403 974 2442 non
989 2383 1094 2444 solium
1121 2383 1207 2444 illud
1227 2405 1340 2446 emen-

206 2469 282 2531 dare
304 2465 423 2544 iubeat,
452 2465 624 2528 sedetiam
645 2463 686 2526 ud
706 2486 764 2528 nos
785 2463 886 2548 ipsam
901 2483 980 2544 rem,
1006 2467 1148 2549 qualiter
1168 2465 1208 2528 ab
1227 2479 1267 2532 eu
1289 2465 1355 2528 in?

206 2559 302 2615 venta
321 2556 380 2628 cst,
406 2547 543 2612 deferat.

519 2649 569 2715 De
584 2674 686 2740 'censu
704 2651 807 2734 regali
828 2651 1028 2740 inquirendo.

287 2759 331 2826 X.
373 2763 417 2826 Ut
433 2761 520 2826 Missi
540 2761 641 2824 nostri
660 2780 776 2822 census
799 2769 923 2822 nostros
945 2759 1123 2844 diligenter
1140 2761 1343 2846 perquirant,

206 2845 427 2930 undecunque
448 2844 628 2929 antiquitis
649 2839 761 2906 venire
783 2842 821 2904 ad
839 2851 962 2926 partem
978 2843 1074 2926 Regis
1092 2845 1248 2907 solebant.
1289 2845 1344 2907 Si-

206 2929 329 2992 militer
345 2939 379 2991 et
394 2929 495 2992 freda.
535 2929 578 2990 Et
593 2925 685 2989 nobis
700 2924 908 3006 renunciant,
932 2933 968 2988 ut
983 2945 1042 2988 nos
1057 2926 1244 2990 ordinemus
1263 2928 1344 3012 quid

207 3015 249 3076 de
268 3011 318 3074 his
340 3011 374 3074 in
395 3014 542 3074 laturum
564 3008 636 3072 lieri
655 3007 779 3072 debeat.

248 3122 306 3186 De
323 3119 416 3183 rebus
432 3117 474 3181 dc
491 3119 604 3204 quibus
623 3135 734 3180 census
750 3113 796 3174 ad
805 3125 931 3198 partem
947 3115 1041 3197 Regis
1059 3119 1150 3178 exire
1172 3115 1291 3181 solebat

288 3227 351 3292 xl.
392 3229 436 3292 Ut
456 3224 611 3288 derebus
631 3221 717 3284 udde
734 3243 850 3284 census
866 3223 906 3286 ad
918 3234 1042 3309 partem
1057 3223 1154 3308 Regis
1176 3226 1267 3288 exire
1288 3247 1342 3288 so-

207 3313 315 3390 lebat,
341 3309 369 3374 si
393 3309 434 3372 ad
455 3307 599 3391 aliquam
617 3304 797 3368 Ecclesiam
814 3306 952 3368 traditae
971 3315 1066 3386 sunt,
1094 3318 1151 3370 aut
1176 3310 1343 3372 tradantur

207 3391 557 3564 ggegsgligztlser‘edibum
585 3397 639 3452 aut
651 3387 710 3472 qui
734 3407 786 3450 eas
805 3388 997 3470 retinuerit,
1020 3391 1074 3454 rel
1093 3391 1189 3454 illum
1208 3412 1342 3456 censum

251 3581 301 3646 De
313 3580 442 3670 placitis
460 3582 481 3651 ic
500 3581 611 3642 Missis
630 3577 798 3644 dominicis
815 3578 988 3644 Comitibas
1004 3593 1110 3644 nutum
1124 3577 1301 3662 faciendis.

292 3687 373 3752 xtl.
415 3690 460 3750 Ut
490 3685 714 3768 unusquisqne
742 3685 912 3750 Missurum
940 3696 1129 3758 nostrornm,
1155 3687 1190 3747 in
1222 3687 1342 3771 placito

211 3791 271 3839 sno
294 3780 407 3834 notum
424 3769 523 3832 saciat
538 3768 717 3832 Comitihus
738 3769 797 3852 qui
812 3769 852 3830 ad
870 3769 939 3830 eius
954 3769 1150 3832 missaticum
1165 3771 1341 3853 pertinent,

211 3867 248 3920 ut
267 3853 384 3918 inillis
399 3851 562 3916 mensibus
582 3851 699 3934 quihus
718 3849 776 3914 ille
790 3851 988 3934 legationem
1008 3872 1098 3914 suam
1120 3873 1185 3913 non
1202 3863 1344 3932 exercet,

211 3938 414 4004 conveniant
430 3937 518 3998 inter
533 3956 566 3998 se
582 3943 615 3998 et
633 3933 817 3996 communia
833 3934 951 4018 placita
963 3935 1094 4014 faciant,
1114 3943 1180 3996 tam
1194 3935 1235 3996 ad
1251 3935 1346 4000 latro·

212 4018 272 4087 nes
286 4019 538 4104 distringendos,
560 4019 658 4102 quim
676 4018 717 4080 ud
736 4026 878 4080 caeteras
895 4015 1226 4081 iustitiasfaeiendas.

500 4125 549 4214 De
557 4124 725 4210 fidelitate
739 4123 817 4203 Regi
827 4123 1052 4208 promittenda.
1072 4105 1075 4112 ¹

294 4231 392 4299 Xlll.
442 4235 485 4294 Ut
512 4230 601 4294 Missi
629 4229 731 4292 nostri
756 4227 914 4314 populum¹
942 4237 1087 4296 nostrum
1111 4231 1232 4311 iturum
1254 4234 1345 4296 nobis
