2928 4986
275 359 418 416 acen.
530 357 926 419 neuunrnancouuu
1033 367 1094 424 err.
1185 351 1255 424 323

116 502 173 565 De
182 497 327 583 fratrum
339 498 547 584 pinguedine,
570 504 823 642 quageleccipere
843 502 978 564 debeant
996 505 1030 566 in
1051 507 1138 568 uictu
1149 503 1258 592 'quoti-

658 605 742 645 zano.

198 687 371 751 LXXVII.
414 691 458 750 Ut
472 689 587 752 fratres
609 689 733 771 aliquid
751 691 961 775 pinguedinis
985 691 1019 752 in
1039 694 1129 755 victu
1148 700 1258 780 quoti·
1332 683 1334 690 Α

116 774 214 835 diano
233 771 387 845 habeant;
411 772 547 856 excepta
562 774 651 833 sexta
666 773 760 852 feriet,
782 785 815 835 et
829 775 942 836 diebus
963 785 1037 838 octo
1053 787 1127 839 aute
1145 781 1257 842 Natale

115 855 267 933 Domini,
282 864 322 938 et
344 855 656 938 aQuinquagesima
674 877 778 939 usque
800 857 840 918 ad
859 858 990 920 Pascha.

116 989 156 1051 In
178 987 283 1050 natale
301 987 446 1059 Domini,
472 999 504 1046 et
519 987 553 1045 in
560 985 740 1068 festivitate
761 987 922 1060 Paschae,
954 989 1122 1052 Monacdis
1138 993 1258 1054 volati-

307 1071 353 1130 lia
375 1090 496 1130 sumere
522 1081 658 1151 quatuor
681 1069 793 1131 diebus
813 1091 994 1132 concessum
1013 1087 1069 1134 est.

199 1177 392 1265 LXXVIII.
435 1202 478 1260 Ut
496 1198 642 1262 volatilia
666 1199 700 1260 in
721 1201 835 1262 Natale
861 1201 994 1263 Domini
1022 1211 1054 1264 et
1077 1205 1111 1263 in
1134 1205 1259 1268 Pascha

117 1295 243 1347 tantum
261 1289 412 1365 (quatuor
432 1283 612 1359 diebuse),
642 1282 670 1344 si
691 1293 741 1346 est
759 1284 869 1361 unde,
900 1285 1080 1347 comedant.
1123 1287 1158 1348 si
1181 1311 1258 1352 vero

20 1391 25 1399 ¹
117 1365 417 1442 nonfuerituude,
440 1387 504 1426 uon
526 1364 713 1446 requiratur
734 1388 795 1449 per
814 1367 967 1430 debitum.
1011 1369 1175 1430 stantem
1193 1372 1260 1432 ab·

116 1454 172 1512 bas
204 1460 258 1511 aut
283 1447 438 1510 Monachi
462 1448 623 1510 abstinere
650 1468 684 1510 se
710 1450 896 1530 voluerint,
931 1451 966 1512 in
993 1473 1107 1514 eorum
1135 1453 1177 1514 sit
1206 1475 1259 1516 ar-

108 1535 225 1595 bitrio.

414 1637 464 1696 De
486 1635 631 1720 muffulis
649 1638 817 1718 Monaehis
839 1638 966 1701 dandis.

200 1743 355 1808 LXXIX.
398 1747 441 1806 Ut
459 1743 613 1806 muffulae
629 1745 823 1809 vervecinae
845 1747 1000 1810 fratribus
1018 1737 1147 1812 dentur.

494 1874 544 1933 De
567 1872 755 1959 disciplinae
777 1873 886 1938 modo:

199 1977 337 2046 LXXX.
379 1981 420 2044 In
445 1981 592 2044 doctrina
614 2003 671 2044 sua
692 1981 797 2044 Abbas
818 1985 1024 2065 apostolicam
1050 1986 1147 2050 dehet
1168 1986 1258 2049 illam

118 2089 245 2152 semper
263 2066 436 2128 formulam
455 2087 596 2143 servare,
619 2065 653 2124 in
670 2086 734 2146 qua
753 2065 849 2127 dicit:
877 2066 996 2146 Argiae,
1028 2071 1176 2142 obsecra,
1206 2073 1258 2131 in.

106 2173 223 2236 crepa.
265 2150 304 2210 Id
321 2159 380 2228 est,
403 2149 663 2230 indisciplinatos
680 2157 712 2208 et
728 2147 891 2228 inquietos
908 2149 1004 2212 dehet
1020 2151 1133 2214 durius
1147 2173 1260 2234 argue-

118 2257 166 2312 re,
189 2232 378 2294 obedientes
394 2241 503 2294 autem
518 2241 550 2292 et
564 2232 656 2292 mites
675 2240 707 2290 et
728 2230 888 2313 patientes
903 2241 939 2292 ut
959 2233 993 2292 in
1018 2235 1134 2296 melius
1158 2235 1257 2318 profi·

117 2318 206 2380 ciant
221 2317 400 2377 obsecrare.
441 2313 652 2398 Negligentes
670 2334 749 2375 vero
771 2322 804 2376 et
822 2322 1068 2378 contemnentes
1091 2327 1127 2378 ut
1148 2318 1259 2379 inere·
1363 2309 1367 2316 ¹

117 2409 173 2483 pet
192 2409 224 2460 et
240 2397 404 2480 corripiat,
425 2398 645 2474 admonemus,
668 2417 776 2478 neque
799 2396 980 2459 dissimulet
1000 2409 1131 2482 peccata
1149 2401 1259 2461 delin-

118 2481 307 2565 quentium3
331 2481 387 2542 sed
404 2503 490 2558 mox,
513 2487 551 2540 ut
572 2479 743 2564 coeperint
761 2477 851 2559 oriri,
873 2480 1029 2546 radicitus
1051 2504 1088 2542 ea
1105 2493 1141 2544 ut
1162 2505 1258 2566 prae·
1328 2500 1330 2503 ·

116 2565 205 2627 valet
221 2573 383 2645 amputet,
413 2584 537 2623 memor
551 2563 692 2646 periculi
712 2561 788 2621 Heli
806 2563 981 2624 sacerdotis
1006 2565 1046 2626 de
1069 2566 1148 2627 Silo.
1192 2567 1257 2625 Im-

115 2646 234 2730 prohos
252 2653 360 2705 autem
384 2655 416 2706 et
433 2647 530 2707 duros
553 2667 589 2706 ae
607 2644 781 2728 superbos,
805 2645 857 2707 vel
880 2645 1116 2725 inobedientes,
1139 2650 1257 2710 verbe-

115 2752 189 2790 rum
208 2728 262 2790 vel
287 2729 430 2810 corporis
452 2728 659 2810 castigatione
685 2727 720 2802 in
745 2727 815 2808 ipso
835 2727 930 2788 initio
950 2731 1073 2811 peceati
1097 2742 1256 2810 coerceat,
1357 2726 1360 2734 '

116 2812 222 2874 sciens
250 2811 423 2892 seriptum:
457 2811 578 2870 Stultus
605 2811 715 2871 verbis
744 2831 808 2870 non
838 2813 1029 2890 corrigitar;
1066 2815 1255 2875 etiterum:

116 2897 249 2956 Parente
266 2891 381 2976 filium
399 2907 485 2953 tuum
508 2889 601 2972 virgei
606 2939 618 2966 ,
649 2906 680 2953 et
696 2893 846 2954 liberabis
867 2895 1003 2954 animam
1020 2898 1087 2955 eius
1107 2896 1126 2955 ie
1145 2911 1257 2958 morte.

116 2978 155 3046 ln
177 2976 327 3036 omnibus
346 2975 447 3058 igitur
467 2995 579 3036 omnes
599 2976 781 3058 magistram
803 2985 982 3056 sequantur
1005 2979 1172 3060 regulam,
1203 3001 1258 3040 na¹

117 3081 181 3142 que
201 3058 239 3117 ab
257 3080 294 3118 ea
310 3059 432 3120 temere
450 3057 635 3119 declinetur
656 3059 864 3140 iquoquam.
905 3059 1023 3121 Nullus
1044 3063 1078 3120 in
1095 3071 1256 3121 monaste-

115 3144 167 3203 rio
181 3141 306 3224 proprii
326 3141 432 3204 cordis
448 3137 603 3222 sequatur
617 3142 828 3218 voluntatem,
849 3161 955 3222 neque
972 3153 1153 3224 praesumat
1171 3144 1258 3225 quis·

117 3247 215 3308 quam
238 3246 310 3284 eum
333 3224 455 3286 Abbate
480 3245 540 3284 suo
563 3223 713 3307 protervis
742 3223 827 3283 infra
848 3225 1080 3286 monasterium
1106 3237 1160 3287 aut
1178 3226 1258 3288 foris

118 3308 328 3368 contendere.
368 3306 466 3384 Quod
486 3305 513 3366 si
530 3305 792 3388 praesumpserit,
813 3306 954 3387 regulari
972 3307 1162 3390 disciplinae
1180 3309 1257 3370 sub-

118 3392 229 3450 iaceat.
273 3389 309 3451 Si
335 3389 408 3470 quis
432 3390 625 3470 frequenter
648 3397 814 3470 correptus
839 3408 898 3470 pro
928 3390 1075 3469 qualibet
1098 3392 1206 3472 culpa,
1230 3392 1257 3452 si

119 3473 216 3534 etiam
229 3473 526 3534 excommunicatus
544 3494 609 3533 uon
628 3469 860 3547 emendaverit,
877 3472 983 3532 acrior
998 3474 1030 3533 ei
1045 3475 1176 3535 accedat
1186 3497 1259 3540 ,eor-

119 3553 232 3631 rectio,
255 3555 290 3615 id
310 3565 373 3633 est,
403 3555 577 3617 verberum
597 3554 762 3616 vindictae
783 3553 818 3612 in
835 3574 910 3613 eum
930 3557 1116 3637 procedant.
1159 3556 1257 3616 Simi—

78 3707 79 3714 .
119 3638 196 3698 liter
225 3646 257 3696 et
290 3637 348 3717 qui
377 3637 627 3720 praesumpserit
654 3637 793 3696 claustra
822 3638 1010 3698 monasterii
1040 3638 1169 3720 egredi,
1205 3641 1258 3699 vel

120 3720 318 3800 quocunque
337 3719 399 3797 ire,
419 3719 472 3781 vel
490 3719 667 3802 quippiam,
698 3717 845 3800 quamvis
865 3741 995 3802 parum,
1024 3721 1096 3782 sine
1118 3719 1258 3781 iussione

120 3801 251 3863 Abbatis
265 3803 385 3878 facere,
408 3801 571 3865 vindictae
583 3800 726 3884 regulari
743 3800 917 3862 subiaceat.
959 3805 1135 3864 Peccantes
1151 3817 1259 3863 autem

121 3906 230 3946 coram
252 3883 402 3945 omnihus
423 3893 612 3966 arguantur,
635 3892 671 3944 ut
690 3883 808 3946 caeteri
830 3893 954 3945 metum
971 3885 1112 3948 habeant
1134 3884 1178 3964 d).

127 4093 336 4118 ·--·-s··

157 4218 194 4280 e)
213 4212 246 4262 al.
274 4227 333 4262 mss.
360 4209 446 4262 tribus
474 4209 589 4275 diebus;
615 4227 664 4262 sex
765 4207 798 4275 d)
817 4209 907 4333 Caput
929 4211 1002 4266 istud
1022 4211 1098 4266 tleest
1115 4213 1143 4264 iu
1161 4212 1266 4287 aliquot

210 4290 316 4334 tontum
335 4279 448 4349 diebus,
468 4294 528 4335 octo
548 4279 649 4334 diebus.
809 4280 848 4332 Co
870 4281 894 4332 d.
