2958 4986
280 349 314 414 e.
335 346 421 412 cen.
528 351 665 412 arcun
684 349 933 410 araneorum.
1035 352 1097 412 res.
1231 333 1278 408 99

223 515 228 520 ·
318 448 727 560 carrrueaae
772 491 1119 556 seeunnun
1184 521 1187 528 -

484 608 580 677 Anni
606 603 930 676 DCCLXXXIX.

357 731 438 816 (De
472 729 740 826 reformatione
765 724 1068 817 Menaenorum.)

253 901 278 962 Ῑ·
297 860 364 980 De
377 916 543 994 Monachis
562 915 731 1002 gyrovagis
746 924 779 977 et
791 913 964 977 sarabaitlse

232 999 273 1060 II.
314 1003 363 1061 De
382 1001 595 1079 anachoretis,
617 1000 733 1060 melius
748 1008 795 1060 est
815 1007 851 1058 ut
863 997 1037 1058 hortentur
1055 989 1090 1059 in
1110 1015 1284 1083 congregm

148 1083 240 1146 ¹tione
256 1104 457 1166 permanere,
474 1083 570 1164 quam
585 1082 709 1142 animus
723 1102 836 1142 eorum
851 1079 951 1140 aliubi
975 1079 1141 1142 ambulare
1167 1091 1281 1144 tentet.

232 1166 287 1226 III.
329 1167 372 1226 Ut
389 1187 454 1227 non
475 1165 746 1248 parvipendentes
765 1163 829 1226 sint
851 1172 992 1245 pastores
1019 1162 1198 1224 animarum
1221 1165 1282 1225 sibi

147 1248 405 1319 commissarum;
428 1269 489 1310 nec
505 1248 657 1308 maiorem
676 1267 786 1308 curam
800 1245 941 1306 habeant
962 1245 1002 1306 de
1016 1245 1116 1308 IucrIs
1132 1248 1282 1326 terrenis,

148 1331 247 1414 quim
262 1332 301 1392 de
324 1331 489 1391 animabus
506 1330 567 1392 sibi
582 1329 766 1392 commissis.

177 1425 180 1430 '
233 1414 289 1476 IV.
329 1415 378 1474 De
402 1413 677 1497 obedientia'quae
696 1409 812 1474 Abbati
829 1411 925 1474 debet
940 1409 1098 1490 exhiberi,
1110 1419 1142 1474 et
1160 1419 1197 1474 ut
1210 1411 1283 1477 ebs*

151 1517 217 1579 que
234 1496 488 1558 murmuratione
506 1496 570 1556 fiat.

180 1651 182 1658 .
234 1580 274 1641 V.
315 1581 363 1640 De
385 1578 523 1640 Decanis
542 1575 796 1660 etPraepositis,
819 1585 986 1641 uteorum
1008 1569 1143 1640 metatio
1164 1590 1283 1642 secun-

152 1661 232 1722 dlu'n
246 1661 393 1744 regulam
413 1661 476 1721 fiat.

237 1745 292 1808 VI.
333 1747 382 1805 De
402 1743 579 1805 cellarariis
599 1751 632 1815 a)
645 1741 842 1822 monasterii,
864 1752 900 1804 ut
919 1761 984 1805 non
1000 1744 1088 1808 avari
1103 1744 1283 1828 mittantur,

149 1825 209 1888 sed
222 1827 302 1887 tales
322 1827 434 1909 quales
448 1828 561 1910 regula
574 1825 741 1910 praecipit.

234 1910 305 1971 VII.
347 1912 388 1970 Ut
409 1909 465 1969 ubi
484 1930 619 1992 corpora
639 1910 830 1969 Sanctorum
845 1908 1066 1990 requiescunt,
1076 1910 1167 1974 allud
1182 1921 1286 1974 orato*

148 1992 237 2054 rium
252 1991 409 2052 habeatur
422 1991 478 2052 uhi
501 1994 617 2052 fratres
635 1991 759 2054 secrete
775 1991 899 2074 possint
914 2011 1015 2052 orare.

233 2075 322 2136 VIII.
363 2076 412 2134 De
433 2074 583 2157 eulogiis.

234 2155 290 2216 IX.
331 2159 380 2218 De
396 2159 599 2240 susceptione
617 2157 792 2241 hospitum,
808 2155 892 2218 elcut
903 2156 1018 2238 regula
1030 2159 1187 2220 continet.

233 2240 273 2299 X.
335 2241 384 2299 De
410 2241 610 2302 vestimentis
631 2239 874 2317 Monachorum,
907 2238 963 2299 ubi
986 2240 1187 2324 superfluum
1225 2251 1284 2323 est,

151 2321 347 2392 abscideram
371 2329 402 2382 et
417 2321 472 2382 uhi
492 2323 608 2400 minus,
626 2332 789 2420 augeatur.
828 2347 832 2358 ·

233 2405 288 2464 XI.
330 2405 379 2463 De
397 2405 527 2467 noviter
540 2407 748 2468 venientibus
768 2405 808 2466 ad
826 2403 1085 2485 conversionem,
1111 2419 1148 2470 ut
1171 2419 1272 2470 settin

152 2486 388 2570 dumregulam
400 2489 590 2570 probentur,
610 2497 642 2549 et
664 2511 730 2549 non
749 2497 843 2548 antea
863 2487 1081 2570 suscipiantur
1113 2492 1176 2554 nisi
1201 2492 1286 2552 sicut

148 2570 264 2652 regala
279 2569 378 2630 iubet.
419 2571 462 2632 Et
477 2572 589 2632 nullas
605 2581 738 2654 cogatur
762 2570 864 2632 invite
893 2569 1128 2652 repromittere.
1169 2575 1211 2634 Et
1244 2575 1283 2638 de

149 2652 337 2715 obedientia
352 2661 384 2712 et
408 2651 447 2712 de
468 2654 638 2715 stabilitate
653 2653 878 2737 permanendi,
894 2653 977 2714 sicut
991 2657 1105 2738 regula
1128 2654 1235 2718 habet.

231 2737 301 2798 XII.
343 2737 392 2796 De
414 2735 488 2798 filiis
504 2736 664 2797 nobilium
687 2736 744 2818 qui
772 2735 961 2796 offeruntur.

169 2859 171 2864 .
231 2819 320 2880 XIII.
362 2820 411 2878 De
435 2819 624 2880 ordinandis
649 2818 837 2880 Abbatibus.
860 2819 893 2892 b)
939 2834 965 2840 ”

232 2901 319 2964 xlv.
362 2899 411 2961 De
431 2901 583 2962 fratribus
600 2902 634 2962 in
658 2901 712 2963 via
735 2900 875 2962 directis.

231 2983 303 3046 XV.
343 2983 387 3042 Ut
402 2984 512 3046 nullus
530 2983 634 3047 Abbas
651 3005 711 3068 pro
726 2983 929 3066 susceptione
943 2983 1093 3052 Monachi
1105 2987 1284 3068 praemium

149 3089 219 3130 non
260 3073 360 3126 uerat.
1103 3077 1105 3080 '

232 3087 319 3210 XVI.
360 3151 403 3210 Ut
427 3148 597 3234 discipIIna
615 3147 783 3211 MonachIs
809 3137 967 3231 regularis
996 3149 1191 3232 imponatur,
1215 3173 1289 3212 ncn-

148 3231 315 3307 secularis,
337 3230 371 3291 id
388 3241 446 3310 est,
461 3253 526 3293 non
544 3232 710 3311 orbentur,
729 3253 789 3294 nec
808 3231 1026 3293 mancationes
1040 3233 1118 3294 alias
1132 3235 1282 3314 habeant,

148 3315 270 3377 nisiex
289 3315 476 3388 auctoritate
501 3317 644 3400 regulae.

308 3478 757 3542 CAPITULIIRE
800 3471 1115 3542 TERTIUM

477 3601 596 3694 ‘Anni
619 3597 945 3672 ocoexxxm.

149 3695 413 3814 1·Utcomites
434 3751 636 3836 pupillorum
654 3760 685 3814 et
700 3751 919 3835 orphanorum
942 3773 1051 3814 causas
1069 3748 1207 3834 primbm·
1219 3778 1279 3816 au*

150 3833 250 3902 diant.
291 3835 334 3895 Et
348 3835 382 3894 iu
398 3833 604 3897 venationem
618 3855 684 3896 non
699 3836 817 3898 vadant
829 3835 888 3918 illo
905 3834 958 3897 die
977 3835 1108 3916 quando
1124 3837 1280 3920 placitum·

151 3916 272 3979 debent
295 3918 469 3995 custodire,
494 3933 554 3978 nee
574 3917 614 3978 ad
634 3927 769 4000 pastum.
990 3945 994 3950 ¹

232 4000 272 4060 II.
313 4003 362 4061 De
380 4009 579 4064 sacramento
604 4001 766 4062 fidelitatis
783 4002 877 4062 causa
905 4000 994 4084 quod
1024 4001 1116 4062 uobis
1140 4011 1173 4064 et
1203 4003 1279 4068 filiis

150 4082 268 4154 nostris
284 4083 392 4145 iurare
415 4084 548 4162 debent,
563 4084 651 4168 quod
667 4083 717 4146 his
732 4085 838 4148 verbis
865 4083 1038 4146 contestari
1073 4083 1190 4151 debet:
1223 4088 1278 4150 Sic

151 4237 385 4256 —rm

185 4297 217 4357 a)
236 4291 269 4344 ιι,
289 4309 348 4347 nm,
368 4294 498 4350 cellarii„
647 4275 651 4281 ⁵
776 4293 911 4362 valeus.
923 4281 954 4350 cle
973 4293 1110 4352 ordr'natis
1122 4293 1289 4368 tesaurus,
