<?xml version="1.0" encoding="UTF-8"?>
<!DOCTYPE html PUBLIC "-//W3C//DTD XHTML 1.0 Transitional//EN"
    "http://www.w3.org/TR/xhtml1/DTD/xhtml1-transitional.dtd">
<html xmlns="http://www.w3.org/1999/xhtml" xml:lang="en" lang="en">
 <head>
  <title>
</title>
<meta http-equiv="Content-Type" content="text/html;charset=utf-8" />
  <meta name='ocr-system' content='tesseract 3.04.00' />
  <meta name='ocr-capabilities' content='ocr_page ocr_carea ocr_par ocr_line ocrx_word'/>
</head>
<body>
  <div class='ocr_page' id='page_1' title='image "./corpusiurisgerm05visigoog_0389.png"; bbox 0 0 2928 4986; ppageno 0'>
   <div class='ocr_carea' id='block_1_1' title="bbox 185 287 1115 378">
    <p class='ocr_par' dir='ltr' id='par_1_1' title="bbox 185 287 1115 378">
     <span class='ocr_line' id='line_1_1' title="bbox 185 287 1115 378; baseline 0.004 -18"><span class='ocrx_word' id='word_1_1' title='bbox 185 287 256 364; x_wconf 82' lang='grc'><strong>376</strong></span> <span class='ocrx_word' id='word_1_2' title='bbox 436 307 472 363; x_wconf 84' lang='lat' dir='ltr'><strong>a.</strong></span> <span class='ocrx_word' id='word_1_3' title='bbox 493 305 607 364; x_wconf 71' lang='lat' dir='ltr'><strong>cua..</strong></span> <span class='ocrx_word' id='word_1_4' title='bbox 692 307 949 378; x_wconf 79' lang='lat' dir='ltr'><strong>carrruraara</strong></span> <span class='ocrx_word' id='word_1_5' title='bbox 1052 305 1115 364; x_wconf 79' lang='lat' dir='ltr'><strong>aas.</strong></span> 
     </span>
    </p>
   </div>
   <div class='ocr_carea' id='block_1_2' title="bbox 181 443 1332 3428">
    <p class='ocr_par' dir='ltr' id='par_1_2' title="bbox 181 443 1332 3428">
     <span class='ocr_line' id='line_1_2' title="bbox 186 443 1331 534; baseline -0.003 -24"><span class='ocrx_word' id='word_1_6' title='bbox 186 446 414 522; x_wconf 86' lang='lat' dir='ltr'><strong>inimicorum,</strong></span> <span class='ocrx_word' id='word_1_7' title='bbox 435 445 519 512; x_wconf 89' lang='lat' dir='ltr'><strong>sicut</strong></span> <span class='ocrx_word' id='word_1_8' title='bbox 541 448 661 526; x_wconf 89' lang='lat' dir='ltr'><strong>nostis,</strong></span> <span class='ocrx_word' id='word_1_9' title='bbox 684 445 913 534; x_wconf 75' lang='lat' dir='ltr'><strong>praepedisset.</strong></span> <span class='ocrx_word' id='word_1_10' title='bbox 965 446 1031 512; x_wconf 87' lang='lat' dir='ltr'><strong>Sed</strong></span> <span class='ocrx_word' id='word_1_11' title='bbox 1050 445 1126 530; x_wconf 87' lang='lat' dir='ltr'><strong>quia</strong></span> <span class='ocrx_word' id='word_1_12' title='bbox 1149 453 1230 508; x_wconf 87' lang='lat' dir='ltr'><strong>tanc</strong></span> <span class='ocrx_word' id='word_1_13' title='bbox 1254 443 1331 508; x_wconf 78' lang='lat' dir='ltr'><strong>fieri</strong></span> 
     </span>
     <span class='ocr_line' id='line_1_3' title="bbox 186 527 1332 616; baseline -0.002 -24"><span class='ocrx_word' id='word_1_14' title='bbox 186 553 252 593; x_wconf 91' lang='lat' dir='ltr'><strong>uon</strong></span> <span class='ocrx_word' id='word_1_15' title='bbox 276 529 383 616; x_wconf 92' lang='lat' dir='ltr'><strong>potuit</strong></span> <span class='ocrx_word' id='word_1_16' title='bbox 403 527 492 592; x_wconf 84' lang='lat' dir='ltr'><strong>iuxta</strong></span> <span class='ocrx_word' id='word_1_17' title='bbox 514 533 715 594; x_wconf 88' lang='lat' dir='ltr'><strong>voluntatem</strong></span> <span class='ocrx_word' id='word_1_18' title='bbox 732 540 889 609; x_wconf 89' lang='lat' dir='ltr'><strong>nostram,</strong></span> <span class='ocrx_word' id='word_1_19' title='bbox 916 531 1021 595; x_wconf 86' lang='lat' dir='ltr'><strong>visum</strong></span> <span class='ocrx_word' id='word_1_20' title='bbox 1040 529 1132 592; x_wconf 90' lang='lat' dir='ltr'><strong>nobis</strong></span> <span class='ocrx_word' id='word_1_21' title='bbox 1149 529 1214 590; x_wconf 80' lang='lat' dir='ltr'><strong>tuit</strong></span> <span class='ocrx_word' id='word_1_22' title='bbox 1236 550 1332 613; x_wconf 89' lang='lat' dir='ltr'><strong>prae·</strong></span> 
     </span>
     <span class='ocr_line' id='line_1_4' title="bbox 184 611 1330 697; baseline -0.005 -21"><span class='ocrx_word' id='word_1_23' title='bbox 184 633 258 676; x_wconf 82' lang='lat' dir='ltr'><strong>sens</strong></span> <span class='ocrx_word' id='word_1_24' title='bbox 278 613 433 696; x_wconf 88' lang='lat' dir='ltr'><strong>placitum</strong></span> <span class='ocrx_word' id='word_1_25' title='bbox 452 635 526 676; x_wconf 88' lang='lat' dir='ltr'><strong>cum</strong></span> <span class='ocrx_word' id='word_1_26' title='bbox 543 615 708 697; x_wconf 79' lang='lat' dir='ltr'><strong>aliquibus</strong></span> <span class='ocrx_word' id='word_1_27' title='bbox 729 634 770 675; x_wconf 83' lang='lat' dir='ltr'><strong>ex</strong></span> <span class='ocrx_word' id='word_1_28' title='bbox 790 613 942 676; x_wconf 85' lang='lat' dir='ltr'><strong>fidelibus</strong></span> <span class='ocrx_word' id='word_1_29' title='bbox 956 613 1074 676; x_wconf 88' lang='lat' dir='ltr'><strong>nostris</strong></span> <span class='ocrx_word' id='word_1_30' title='bbox 1087 612 1220 688; x_wconf 90' lang='lat' dir='ltr'><strong>habere,</strong></span> <span class='ocrx_word' id='word_1_31' title='bbox 1243 621 1278 674; x_wconf 89' lang='lat' dir='ltr'><strong>et</strong></span> <span class='ocrx_word' id='word_1_32' title='bbox 1293 611 1330 671; x_wconf 92' lang='lat' dir='ltr'><strong>in</strong></span> 
     </span>
     <span class='ocr_line' id='line_1_5' title="bbox 185 695 1332 781; baseline -0.005 -21"><span class='ocrx_word' id='word_1_33' title='bbox 185 717 225 760; x_wconf 87' lang='lat' dir='ltr'><strong>eo</strong></span> <span class='ocrx_word' id='word_1_34' title='bbox 247 695 287 757; x_wconf 90' lang='lat' dir='ltr'><strong>de</strong></span> <span class='ocrx_word' id='word_1_35' title='bbox 309 695 359 758; x_wconf 88' lang='lat' dir='ltr'><strong>bis</strong></span> <span class='ocrx_word' id='word_1_36' title='bbox 382 715 465 776; x_wconf 87' lang='lat' dir='ltr'><strong>quae</strong></span> <span class='ocrx_word' id='word_1_37' title='bbox 489 707 623 780; x_wconf 90' lang='lat' dir='ltr'><strong>propter</strong></span> <span class='ocrx_word' id='word_1_38' title='bbox 646 697 850 781; x_wconf 88' lang='lat' dir='ltr'><strong>praedictum</strong></span> <span class='ocrx_word' id='word_1_39' title='bbox 869 696 1137 780; x_wconf 81' lang='lat' dir='ltr'><strong>impedimentum</strong></span> <span class='ocrx_word' id='word_1_40' title='bbox 1157 715 1332 756; x_wconf 88' lang='lat' dir='ltr'><strong>remanse-</strong></span> 
     </span>
     <span class='ocr_line' id='line_1_6' title="bbox 185 777 1331 862; baseline -0.005 -21"><span class='ocrx_word' id='word_1_41' title='bbox 185 785 281 856; x_wconf 89' lang='lat' dir='ltr'><strong>runt,</strong></span> <span class='ocrx_word' id='word_1_42' title='bbox 310 777 453 860; x_wconf 77' lang='lat' dir='ltr'><strong>qualiter</strong></span> <span class='ocrx_word' id='word_1_43' title='bbox 479 779 520 840; x_wconf 91' lang='lat' dir='ltr'><strong>ad</strong></span> <span class='ocrx_word' id='word_1_44' title='bbox 539 779 950 862; x_wconf 82' lang='lat' dir='ltr'><strong>effectum¹perveuirent,</strong></span> <span class='ocrx_word' id='word_1_45' title='bbox 981 778 1123 841; x_wconf 91' lang='lat' dir='ltr'><strong>Domino</strong></span> <span class='ocrx_word' id='word_1_46' title='bbox 1148 777 1331 838; x_wconf 85' lang='lat' dir='ltr'><strong>adiuvante</strong></span> 
     </span>
     <span class='ocr_line' id='line_1_7' title="bbox 185 859 1329 947; baseline -0.005 -23"><span class='ocrx_word' id='word_1_47' title='bbox 185 859 401 924; x_wconf 84' lang='lat' dir='ltr'><strong>considerare.</strong></span> <span class='ocrx_word' id='word_1_48' title='bbox 452 864 660 947; x_wconf 83' lang='lat' dir='ltr'><strong>Quapropter</strong></span> <span class='ocrx_word' id='word_1_49' title='bbox 686 883 780 924; x_wconf 87' lang='lat' dir='ltr'><strong>nosse</strong></span> <span class='ocrx_word' id='word_1_50' title='bbox 807 862 957 930; x_wconf 86' lang='lat' dir='ltr'><strong>volumus</strong></span> <span class='ocrx_word' id='word_1_51' title='bbox 988 861 1156 924; x_wconf 87' lang='lat' dir='ltr'><strong>solertiam</strong></span> <span class='ocrx_word' id='word_1_52' title='bbox 1184 868 1329 921; x_wconf 88' lang='lat' dir='ltr'><strong>vestram</strong></span> 
     </span>
     <span class='ocr_line' id='line_1_8' title="bbox 184 941 1329 1028; baseline -0.003 -24"><span class='ocrx_word' id='word_1_53' title='bbox 184 943 273 1028; x_wconf 92' lang='lat' dir='ltr'><strong>quod</strong></span> <span class='ocrx_word' id='word_1_54' title='bbox 295 943 328 1002; x_wconf 91' lang='lat' dir='ltr'><strong>in</strong></span> <span class='ocrx_word' id='word_1_55' title='bbox 348 943 407 1006; x_wconf 89' lang='lat' dir='ltr'><strong>isto</strong></span> <span class='ocrx_word' id='word_1_56' title='bbox 423 946 584 1028; x_wconf 75' lang='lat' dir='ltr'><strong>praesenti</strong></span> <span class='ocrx_word' id='word_1_57' title='bbox 603 945 725 1028; x_wconf 90' lang='lat' dir='ltr'><strong>placito</strong></span> <span class='ocrx_word' id='word_1_58' title='bbox 745 965 820 1012; x_wconf 87' lang='lat' dir='ltr'><strong>oum</strong></span> <span class='ocrx_word' id='word_1_59' title='bbox 840 944 991 1007; x_wconf 87' lang='lat' dir='ltr'><strong>fidelibus</strong></span> <span class='ocrx_word' id='word_1_60' title='bbox 1006 944 1124 1006; x_wconf 87' lang='lat' dir='ltr'><strong>nostris</strong></span> <span class='ocrx_word' id='word_1_61' title='bbox 1142 941 1329 1004; x_wconf 87' lang='lat' dir='ltr'><strong>considera·</strong></span> 
     </span>
     <span class='ocr_line' id='line_1_9' title="bbox 185 1023 1328 1111; baseline -0.002 -25"><span class='ocrx_word' id='word_1_62' title='bbox 185 1027 290 1087; x_wconf 86' lang='lat' dir='ltr'><strong>vimus</strong></span> <span class='ocrx_word' id='word_1_63' title='bbox 309 1033 346 1086; x_wconf 91' lang='lat' dir='ltr'><strong>ut</strong></span> <span class='ocrx_word' id='word_1_64' title='bbox 366 1027 469 1108; x_wconf 87' lang='lat' dir='ltr'><strong>primo</strong></span> <span class='ocrx_word' id='word_1_65' title='bbox 490 1029 637 1090; x_wconf 88' lang='lat' dir='ltr'><strong>omnium</strong></span> <span class='ocrx_word' id='word_1_66' title='bbox 660 1025 908 1111; x_wconf 81' lang='lat' dir='ltr'><strong>Archiepiseopi</strong></span> <span class='ocrx_word' id='word_1_67' title='bbox 929 1049 1005 1092; x_wconf 79' lang='lat' dir='ltr'><strong>cum</strong></span> <span class='ocrx_word' id='word_1_68' title='bbox 1026 1027 1093 1088; x_wconf 89' lang='lat' dir='ltr'><strong>suis</strong></span> <span class='ocrx_word' id='word_1_69' title='bbox 1115 1023 1328 1106; x_wconf 83' lang='lat' dir='ltr'><strong>suffraganeis</strong></span> 
     </span>
     <span class='ocr_line' id='line_1_10' title="bbox 185 1107 1328 1192; baseline -0.003 -23"><span class='ocrx_word' id='word_1_70' title='bbox 185 1109 219 1169; x_wconf 92' lang='lat' dir='ltr'><strong>in</strong></span> <span class='ocrx_word' id='word_1_71' title='bbox 238 1109 320 1170; x_wconf 87' lang='lat' dir='ltr'><strong>locis</strong></span> <span class='ocrx_word' id='word_1_72' title='bbox 339 1111 491 1192; x_wconf 81' lang='lat' dir='ltr'><strong>congruis</strong></span> <span class='ocrx_word' id='word_1_73' title='bbox 514 1119 659 1192; x_wconf 88' lang='lat' dir='ltr'><strong>tempore</strong></span> <span class='ocrx_word' id='word_1_74' title='bbox 678 1117 862 1192; x_wconf 88' lang='lat' dir='ltr'><strong>opportuno</strong></span> <span class='ocrx_word' id='word_1_75' title='bbox 886 1111 1120 1188; x_wconf 86' lang='lat' dir='ltr'><strong>convenirent,</strong></span> <span class='ocrx_word' id='word_1_76' title='bbox 1142 1119 1177 1170; x_wconf 90' lang='lat' dir='ltr'><strong>et</strong></span> <span class='ocrx_word' id='word_1_77' title='bbox 1200 1107 1245 1168; x_wconf 93' lang='lat' dir='ltr'><strong>ibi</strong></span> <span class='ocrx_word' id='word_1_78' title='bbox 1263 1116 1328 1166; x_wconf 87' lang='lat' dir='ltr'><strong>tam</strong></span> 
     </span>
     <span class='ocr_line' id='line_1_11' title="bbox 184 1189 1331 1284; baseline -0.003 -30"><span class='ocrx_word' id='word_1_79' title='bbox 184 1191 225 1254; x_wconf 90' lang='lat' dir='ltr'><strong>de</strong></span> <span class='ocrx_word' id='word_1_80' title='bbox 248 1213 304 1256; x_wconf 87' lang='lat' dir='ltr'><strong>sua</strong></span> <span class='ocrx_word' id='word_1_81' title='bbox 324 1192 420 1274; x_wconf 82' lang='lat' dir='ltr'><strong>quim</strong></span> <span class='ocrx_word' id='word_1_82' title='bbox 441 1195 480 1254; x_wconf 89' lang='lat' dir='ltr'><strong>de</strong></span> <span class='ocrx_word' id='word_1_83' title='bbox 497 1193 643 1257; x_wconf 90' lang='lat' dir='ltr'><strong>omnium</strong></span> <span class='ocrx_word' id='word_1_84' title='bbox 659 1194 805 1255; x_wconf 82' lang='lat' dir='ltr'><strong>nostrlrm</strong></span> <span class='ocrx_word' id='word_1_85' title='bbox 821 1194 1024 1256; x_wconf 81' lang='lat' dir='ltr'><strong>correctione</strong></span> <span class='ocrx_word' id='word_1_86' title='bbox 1044 1202 1077 1252; x_wconf 90' lang='lat' dir='ltr'><strong>et</strong></span> <span class='ocrx_word' id='word_1_87' title='bbox 1096 1189 1331 1284; x_wconf 62' lang='lat' dir='ltr'><strong>emendatione</strong></span> 
     </span>
     <span class='ocr_line' id='line_1_12' title="bbox 184 1274 1331 1358; baseline -0.003 -22"><span class='ocrx_word' id='word_1_88' title='bbox 184 1274 366 1337; x_wconf 86' lang='lat' dir='ltr'><strong>secundum</strong></span> <span class='ocrx_word' id='word_1_89' title='bbox 390 1275 535 1338; x_wconf 86' lang='lat' dir='ltr'><strong>divinam</strong></span> <span class='ocrx_word' id='word_1_90' title='bbox 552 1277 777 1339; x_wconf 88' lang='lat' dir='ltr'><strong>auctoritatem</strong></span> <span class='ocrx_word' id='word_1_91' title='bbox 793 1277 982 1358; x_wconf 87' lang='lat' dir='ltr'><strong>quaerendo</strong></span> <span class='ocrx_word' id='word_1_92' title='bbox 998 1274 1200 1352; x_wconf 83' lang='lat' dir='ltr'><strong>invenirent,</strong></span> <span class='ocrx_word' id='word_1_93' title='bbox 1223 1281 1258 1336; x_wconf 92' lang='lat' dir='ltr'><strong>et</strong></span> <span class='ocrx_word' id='word_1_94' title='bbox 1272 1291 1331 1332; x_wconf 90' lang='lat' dir='ltr'><strong>no·</strong></span> 
     </span>
     <span class='ocr_line' id='line_1_13' title="bbox 182 1353 1331 1440; baseline -0.005 -20"><span class='ocrx_word' id='word_1_95' title='bbox 182 1356 233 1421; x_wconf 89' lang='lat' dir='ltr'><strong>bis</strong></span> <span class='ocrx_word' id='word_1_96' title='bbox 247 1367 343 1440; x_wconf 89' lang='lat' dir='ltr'><strong>atque</strong></span> <span class='ocrx_word' id='word_1_97' title='bbox 364 1357 513 1422; x_wconf 81' lang='lat' dir='ltr'><strong>fidelibus</strong></span> <span class='ocrx_word' id='word_1_98' title='bbox 530 1360 647 1422; x_wconf 87' lang='lat' dir='ltr'><strong>nostris</strong></span> <span class='ocrx_word' id='word_1_99' title='bbox 664 1359 846 1422; x_wconf 88' lang='lat' dir='ltr'><strong>secundum</strong></span> <span class='ocrx_word' id='word_1_100' title='bbox 862 1358 1081 1423; x_wconf 86' lang='lat' dir='ltr'><strong>ministerium</strong></span> <span class='ocrx_word' id='word_1_101' title='bbox 1100 1356 1163 1418; x_wconf 90' lang='lat' dir='ltr'><strong>sibi</strong></span> <span class='ocrx_word' id='word_1_102' title='bbox 1180 1353 1331 1420; x_wconf 88' lang='lat' dir='ltr'><strong>commis·</strong></span> 
     </span>
     <span class='ocr_line' id='line_1_14' title="bbox 182 1439 1329 1520; baseline -0.008 -14"><span class='ocrx_word' id='word_1_103' title='bbox 182 1463 255 1506; x_wconf 84' lang='lat' dir='ltr'><strong>snm</strong></span> <span class='ocrx_word' id='word_1_104' title='bbox 274 1440 515 1504; x_wconf 83' lang='lat' dir='ltr'><strong>adnuntiarent.</strong></span> <span class='ocrx_word' id='word_1_105' title='bbox 558 1443 640 1520; x_wconf 90' lang='lat' dir='ltr'><strong>Quis</strong></span> <span class='ocrx_word' id='word_1_106' title='bbox 662 1443 750 1504; x_wconf 88' lang='lat' dir='ltr'><strong>enim</strong></span> <span class='ocrx_word' id='word_1_107' title='bbox 767 1464 832 1508; x_wconf 87' lang='lat' dir='ltr'><strong>nou</strong></span> <span class='ocrx_word' id='word_1_108' title='bbox 854 1442 972 1504; x_wconf 84' lang='lat' dir='ltr'><strong>sentiat</strong></span> <span class='ocrx_word' id='word_1_109' title='bbox 992 1444 1100 1504; x_wconf 89' lang='lat' dir='ltr'><strong>Deum</strong></span> <span class='ocrx_word' id='word_1_110' title='bbox 1120 1439 1329 1520; x_wconf 87' lang='lat' dir='ltr'><strong>nostrispra·</strong></span> 
     </span>
     <span class='ocr_line' id='line_1_15' title="bbox 183 1523 1328 1604; baseline -0.003 -18"><span class='ocrx_word' id='word_1_111' title='bbox 183 1523 322 1586; x_wconf 84' lang='lat' dir='ltr'><strong>vissimis</strong></span> <span class='ocrx_word' id='word_1_112' title='bbox 342 1523 465 1586; x_wconf 90' lang='lat' dir='ltr'><strong>actibus</strong></span> <span class='ocrx_word' id='word_1_113' title='bbox 489 1545 557 1586; x_wconf 89' lang='lat' dir='ltr'><strong>esse</strong></span> <span class='ocrx_word' id='word_1_114' title='bbox 578 1524 746 1602; x_wconf 81' lang='lat' dir='ltr'><strong>offensum,</strong></span> <span class='ocrx_word' id='word_1_115' title='bbox 768 1535 801 1588; x_wconf 90' lang='lat' dir='ltr'><strong>et</strong></span> <span class='ocrx_word' id='word_1_116' title='bbox 820 1525 860 1588; x_wconf 91' lang='lat' dir='ltr'><strong>ad</strong></span> <span class='ocrx_word' id='word_1_117' title='bbox 882 1524 1084 1587; x_wconf 85' lang='lat' dir='ltr'><strong>iracundiam</strong></span> <span class='ocrx_word' id='word_1_118' title='bbox 1099 1532 1328 1604; x_wconf 81' lang='lat' dir='ltr'><strong>provocatum,</strong></span> 
     </span>
     <span class='ocr_line' id='line_1_16' title="bbox 183 1605 1329 1690; baseline -0.007 -21"><span class='ocrx_word' id='word_1_119' title='bbox 183 1628 258 1669; x_wconf 87' lang='lat' dir='ltr'><strong>cum</strong></span> <span class='ocrx_word' id='word_1_120' title='bbox 279 1605 390 1668; x_wconf 90' lang='lat' dir='ltr'><strong>videat</strong></span> <span class='ocrx_word' id='word_1_121' title='bbox 409 1615 457 1668; x_wconf 88' lang='lat' dir='ltr'><strong>tot</strong></span> <span class='ocrx_word' id='word_1_122' title='bbox 476 1607 571 1670; x_wconf 86' lang='lat' dir='ltr'><strong>aunis</strong></span> <span class='ocrx_word' id='word_1_123' title='bbox 591 1607 777 1670; x_wconf 85' lang='lat' dir='ltr'><strong>multifariis</strong></span> <span class='ocrx_word' id='word_1_124' title='bbox 799 1607 938 1690; x_wconf 81' lang='lat' dir='ltr'><strong>flagellis</strong></span> <span class='ocrx_word' id='word_1_125' title='bbox 957 1611 1037 1668; x_wconf 91' lang='lat' dir='ltr'><strong>iram</strong></span> <span class='ocrx_word' id='word_1_126' title='bbox 1059 1605 1149 1668; x_wconf 88' lang='lat' dir='ltr'><strong>illius</strong></span> <span class='ocrx_word' id='word_1_127' title='bbox 1166 1606 1203 1665; x_wconf 90' lang='lat' dir='ltr'><strong>iu</strong></span> <span class='ocrx_word' id='word_1_128' title='bbox 1223 1623 1329 1685; x_wconf 85' lang='lat' dir='ltr'><strong>reguo</strong></span> 
     </span>
     <span class='ocr_line' id='line_1_17' title="bbox 184 1686 1329 1764; baseline -0.006 -14"><span class='ocrx_word' id='word_1_129' title='bbox 184 1689 277 1750; x_wconf 91' lang='lat' dir='ltr'><strong>nobis</strong></span> <span class='ocrx_word' id='word_1_130' title='bbox 301 1688 342 1749; x_wconf 89' lang='lat' dir='ltr'><strong>ab</strong></span> <span class='ocrx_word' id='word_1_131' title='bbox 362 1709 403 1748; x_wconf 89' lang='lat' dir='ltr'><strong>eo</strong></span> <span class='ocrx_word' id='word_1_132' title='bbox 421 1689 588 1752; x_wconf 89' lang='lat' dir='ltr'><strong>commisso</strong></span> <span class='ocrx_word' id='word_1_133' title='bbox 607 1692 794 1764; x_wconf 83' lang='lat' dir='ltr'><strong>desaevire,</strong></span> <span class='ocrx_word' id='word_1_134' title='bbox 824 1689 983 1752; x_wconf 90' lang='lat' dir='ltr'><strong>videlieet</strong></span> <span class='ocrx_word' id='word_1_135' title='bbox 1002 1691 1035 1751; x_wconf 89' lang='lat' dir='ltr'><strong>in</strong></span> <span class='ocrx_word' id='word_1_136' title='bbox 1056 1691 1140 1750; x_wconf 86' lang='lat' dir='ltr'><strong>fame</strong></span> <span class='ocrx_word' id='word_1_137' title='bbox 1158 1686 1329 1760; x_wconf 86' lang='lat' dir='ltr'><strong>continua,</strong></span> 
     </span>
     <span class='ocr_line' id='line_1_18' title="bbox 183 1765 1330 1857; baseline -0.006 -25"><span class='ocrx_word' id='word_1_138' title='bbox 183 1772 218 1832; x_wconf 90' lang='lat' dir='ltr'><strong>in</strong></span> <span class='ocrx_word' id='word_1_139' title='bbox 234 1770 427 1833; x_wconf 82' lang='lat' dir='ltr'><strong>mortalitate</strong></span> <span class='ocrx_word' id='word_1_140' title='bbox 443 1773 642 1848; x_wconf 88' lang='lat' dir='ltr'><strong>animalium,</strong></span> <span class='ocrx_word' id='word_1_141' title='bbox 667 1773 700 1834; x_wconf 90' lang='lat' dir='ltr'><strong>in</strong></span> <span class='ocrx_word' id='word_1_142' title='bbox 725 1772 911 1857; x_wconf 80' lang='lat' dir='ltr'><strong>pestilentia</strong></span> <span class='ocrx_word' id='word_1_143' title='bbox 930 1773 1117 1848; x_wconf 79' lang='lat' dir='ltr'><strong>hominum,</strong></span> <span class='ocrx_word' id='word_1_144' title='bbox 1147 1772 1182 1830; x_wconf 91' lang='lat' dir='ltr'><strong>in</strong></span> <span class='ocrx_word' id='word_1_145' title='bbox 1204 1765 1330 1831; x_wconf 85' lang='lat' dir='ltr'><strong>sterili·</strong></span> 
     </span>
     <span class='ocr_line' id='line_1_19' title="bbox 182 1849 1328 1938; baseline -0.007 -22"><span class='ocrx_word' id='word_1_146' title='bbox 182 1865 248 1916; x_wconf 85' lang='lat' dir='ltr'><strong>tate</strong></span> <span class='ocrx_word' id='word_1_147' title='bbox 274 1853 359 1938; x_wconf 74' lang='lat' dir='ltr'><strong>pene</strong></span> <span class='ocrx_word' id='word_1_148' title='bbox 381 1855 526 1916; x_wconf 89' lang='lat' dir='ltr'><strong>omnium</strong></span> <span class='ocrx_word' id='word_1_149' title='bbox 553 1857 699 1938; x_wconf 75' lang='lat' dir='ltr'><strong>frugum,</strong></span> <span class='ocrx_word' id='word_1_150' title='bbox 731 1866 763 1920; x_wconf 93' lang='lat' dir='ltr'><strong>et</strong></span> <span class='ocrx_word' id='word_1_151' title='bbox 790 1865 827 1918; x_wconf 89' lang='lat' dir='ltr'><strong>ut</strong></span> <span class='ocrx_word' id='word_1_152' title='bbox 846 1857 890 1917; x_wconf 90' lang='lat' dir='ltr'><strong>ita</strong></span> <span class='ocrx_word' id='word_1_153' title='bbox 912 1855 1069 1934; x_wconf 88' lang='lat' dir='ltr'><strong>dixerim,</strong></span> <span class='ocrx_word' id='word_1_154' title='bbox 1100 1849 1328 1916; x_wconf 87' lang='lat' dir='ltr'><strong>diversissimis</strong></span> 
     </span>
     <span class='ocr_line' id='line_1_20' title="bbox 183 1933 1328 2022; baseline -0.006 -24"><span class='ocrx_word' id='word_1_155' title='bbox 183 1938 369 1999; x_wconf 89' lang='lat' dir='ltr'><strong>morborum</strong></span> <span class='ocrx_word' id='word_1_156' title='bbox 389 1937 535 2002; x_wconf 84' lang='lat' dir='ltr'><strong>cladibus</strong></span> <span class='ocrx_word' id='word_1_157' title='bbox 557 1949 653 2021; x_wconf 89' lang='lat' dir='ltr'><strong>atque</strong></span> <span class='ocrx_word' id='word_1_158' title='bbox 679 1939 867 2022; x_wconf 82' lang='lat' dir='ltr'><strong>ingentibus</strong></span> <span class='ocrx_word' id='word_1_159' title='bbox 886 1939 1034 2020; x_wconf 89' lang='lat' dir='ltr'><strong>penuriis</strong></span> <span class='ocrx_word' id='word_1_160' title='bbox 1054 1938 1214 2021; x_wconf 89' lang='lat' dir='ltr'><strong>populum</strong></span> <span class='ocrx_word' id='word_1_161' title='bbox 1234 1933 1328 1994; x_wconf 82' lang='lat' dir='ltr'><strong>istius</strong></span> 
     </span>
     <span class='ocr_line' id='line_1_21' title="bbox 182 2003 1332 2104; baseline -0.007 -22"><span class='ocrx_word' id='word_1_162' title='bbox 182 2021 276 2104; x_wconf 81' lang='lat' dir='ltr'><strong>regni</strong></span> <span class='ocrx_word' id='word_1_163' title='bbox 296 2003 525 2082; x_wconf 77' lang='lat' dir='ltr'><strong>miserrdsiliter</strong></span> <span class='ocrx_word' id='word_1_164' title='bbox 541 2031 693 2082; x_wconf 83' lang='lat' dir='ltr'><strong>vexatum</strong></span> <span class='ocrx_word' id='word_1_165' title='bbox 710 2033 742 2083; x_wconf 92' lang='lat' dir='ltr'><strong>et</strong></span> <span class='ocrx_word' id='word_1_166' title='bbox 758 2023 920 2094; x_wconf 88' lang='lat' dir='ltr'><strong>afflictum,</strong></span> <span class='ocrx_word' id='word_1_167' title='bbox 943 2031 1039 2102; x_wconf 86' lang='lat' dir='ltr'><strong>atque</strong></span> <span class='ocrx_word' id='word_1_168' title='bbox 1058 2020 1146 2082; x_wconf 92' lang='lat' dir='ltr'><strong>omni</strong></span> <span class='ocrx_word' id='word_1_169' title='bbox 1161 2015 1332 2078; x_wconf 85' lang='lat' dir='ltr'><strong>abundan-.</strong></span> 
     </span>
     <span class='ocr_line' id='line_1_22' title="bbox 183 2099 1327 2184; baseline -0.008 -20"><span class='ocrx_word' id='word_1_170' title='bbox 183 2103 227 2164; x_wconf 78' lang='lat' dir='ltr'><strong>ris</strong></span> <span class='ocrx_word' id='word_1_171' title='bbox 250 2125 360 2166; x_wconf 89' lang='lat' dir='ltr'><strong>rerum</strong></span> <span class='ocrx_word' id='word_1_172' title='bbox 378 2103 519 2184; x_wconf 89' lang='lat' dir='ltr'><strong>quodam</strong></span> <span class='ocrx_word' id='word_1_173' title='bbox 538 2106 632 2166; x_wconf 89' lang='lat' dir='ltr'><strong>modo</strong></span> <span class='ocrx_word' id='word_1_174' title='bbox 651 2103 864 2166; x_wconf 88' lang='lat' dir='ltr'><strong>exinanitum.</strong></span> <span class='ocrx_word' id='word_1_175' title='bbox 892 2107 959 2166; x_wconf 88' lang='lat' dir='ltr'><strong>Nec</strong></span> <span class='ocrx_word' id='word_1_176' title='bbox 984 2104 1067 2166; x_wconf 92' lang='lat' dir='ltr'><strong>illud</strong></span> <span class='ocrx_word' id='word_1_177' title='bbox 1087 2104 1184 2164; x_wconf 90' lang='lat' dir='ltr'><strong>etiam</strong></span> <span class='ocrx_word' id='word_1_178' title='bbox 1201 2099 1327 2162; x_wconf 59' lang='lat' dir='ltr'><strong>dubita.</strong></span> 
     </span>
     <span class='ocr_line' id='line_1_23' title="bbox 182 2183 1324 2270; baseline -0.009 -22"><span class='ocrx_word' id='word_1_179' title='bbox 182 2209 253 2248; x_wconf 89' lang='lat' dir='ltr'><strong>mus</strong></span> <span class='ocrx_word' id='word_1_180' title='bbox 275 2207 316 2248; x_wconf 86' lang='lat' dir='ltr'><strong>ex</strong></span> <span class='ocrx_word' id='word_1_181' title='bbox 338 2185 418 2247; x_wconf 87' lang='lat' dir='ltr'><strong>iusta</strong></span> <span class='ocrx_word' id='word_1_182' title='bbox 440 2187 586 2248; x_wconf 89' lang='lat' dir='ltr'><strong>vindicta</strong></span> <span class='ocrx_word' id='word_1_183' title='bbox 602 2187 692 2250; x_wconf 91' lang='lat' dir='ltr'><strong>illius</strong></span> <span class='ocrx_word' id='word_1_184' title='bbox 711 2189 856 2266; x_wconf 79' lang='lat' dir='ltr'><strong>evenire,</strong></span> <span class='ocrx_word' id='word_1_185' title='bbox 879 2187 967 2270; x_wconf 89' lang='lat' dir='ltr'><strong>quod</strong></span> <span class='ocrx_word' id='word_1_186' title='bbox 990 2208 1085 2268; x_wconf 85' lang='lat' dir='ltr'><strong>saepe</strong></span> <span class='ocrx_word' id='word_1_187' title='bbox 1103 2183 1249 2247; x_wconf 86' lang='lat' dir='ltr'><strong>scandala</strong></span> <span class='ocrx_word' id='word_1_188' title='bbox 1262 2199 1324 2262; x_wconf 89' lang='lat' dir='ltr'><strong>per</strong></span> 
     </span>
     <span class='ocr_line' id='line_1_24' title="bbox 184 2259 1325 2354; baseline -0.011 -24"><span class='ocrx_word' id='word_1_189' title='bbox 184 2279 337 2354; x_wconf 82' lang='lat' dir='ltr'><strong>tyrannos</strong></span> <span class='ocrx_word' id='word_1_190' title='bbox 355 2268 389 2328; x_wconf 92' lang='lat' dir='ltr'><strong>in</strong></span> <span class='ocrx_word' id='word_1_191' title='bbox 404 2268 467 2330; x_wconf 88' lang='lat' dir='ltr'><strong>hoc</strong></span> <span class='ocrx_word' id='word_1_192' title='bbox 482 2291 584 2348; x_wconf 73' lang='lat' dir='ltr'><strong>regno</strong></span> <span class='ocrx_word' id='word_1_193' title='bbox 604 2281 794 2352; x_wconf 62' lang='lat' dir='ltr'><strong>exsurgunt,</strong></span> <span class='ocrx_word' id='word_1_194' title='bbox 817 2271 874 2354; x_wconf 94' lang='lat' dir='ltr'><strong>qui</strong></span> <span class='ocrx_word' id='word_1_195' title='bbox 889 2291 1002 2353; x_wconf 86' lang='lat' dir='ltr'><strong>pacem</strong></span> <span class='ocrx_word' id='word_1_196' title='bbox 1017 2269 1133 2351; x_wconf 89' lang='lat' dir='ltr'><strong>populi</strong></span> <span class='ocrx_word' id='word_1_197' title='bbox 1151 2259 1325 2328; x_wconf 87' lang='lat' dir='ltr'><strong>Christiani</strong></span> 
     </span>
     <span class='ocr_line' id='line_1_25' title="bbox 184 2349 1327 2435; baseline -0.008 -23"><span class='ocrx_word' id='word_1_198' title='bbox 184 2361 217 2412; x_wconf 88' lang='lat' dir='ltr'><strong>et</strong></span> <span class='ocrx_word' id='word_1_199' title='bbox 237 2351 396 2413; x_wconf 88' lang='lat' dir='ltr'><strong>unitatem</strong></span> <span class='ocrx_word' id='word_1_200' title='bbox 412 2351 539 2434; x_wconf 88' lang='lat' dir='ltr'><strong>imperii</strong></span> <span class='ocrx_word' id='word_1_201' title='bbox 565 2355 621 2414; x_wconf 79' lang='lat' dir='ltr'><strong>suat</strong></span> <span class='ocrx_word' id='word_1_202' title='bbox 640 2355 796 2435; x_wconf 81' lang='lat' dir='ltr'><strong>pravitate</strong></span> <span class='ocrx_word' id='word_1_203' title='bbox 818 2355 969 2414; x_wconf 88' lang='lat' dir='ltr'><strong>nituntur</strong></span> <span class='ocrx_word' id='word_1_204' title='bbox 986 2351 1155 2414; x_wconf 80' lang='lat' dir='ltr'><strong>scindere.</strong></span> <span class='ocrx_word' id='word_1_205' title='bbox 1195 2349 1274 2409; x_wconf 87' lang='lat' dir='ltr'><strong>Nam</strong></span> <span class='ocrx_word' id='word_1_206' title='bbox 1286 2351 1327 2404; x_wconf 81' lang='lat' dir='ltr'><strong>et</strong></span> 
     </span>
     <span class='ocr_line' id='line_1_26' title="bbox 183 2426 1330 2520; baseline -0.01 -24"><span class='ocrx_word' id='word_1_207' title='bbox 183 2434 267 2496; x_wconf 91' lang='lat' dir='ltr'><strong>illud</strong></span> <span class='ocrx_word' id='word_1_208' title='bbox 290 2433 504 2495; x_wconf 88' lang='lat' dir='ltr'><strong>nihilominus</strong></span> <span class='ocrx_word' id='word_1_209' title='bbox 521 2437 660 2518; x_wconf 86' lang='lat' dir='ltr'><strong>peccatis</strong></span> <span class='ocrx_word' id='word_1_210' title='bbox 681 2437 798 2499; x_wconf 89' lang='lat' dir='ltr'><strong>nostris</strong></span> <span class='ocrx_word' id='word_1_211' title='bbox 813 2435 1036 2520; x_wconf 89' lang='lat' dir='ltr'><strong>deputandum</strong></span> <span class='ocrx_word' id='word_1_212' title='bbox 1055 2443 1124 2509; x_wconf 85' lang='lat' dir='ltr'><strong>est,</strong></span> <span class='ocrx_word' id='word_1_213' title='bbox 1148 2431 1237 2513; x_wconf 91' lang='lat' dir='ltr'><strong>quod</strong></span> <span class='ocrx_word' id='word_1_214' title='bbox 1258 2426 1330 2488; x_wconf 82' lang='lat' dir='ltr'><strong>ini·.</strong></span> 
     </span>
     <span class='ocr_line' id='line_1_27' title="bbox 182 2507 1327 2600; baseline -0.008 -23"><span class='ocrx_word' id='word_1_215' title='bbox 182 2516 258 2579; x_wconf 89' lang='lat' dir='ltr'><strong>mici</strong></span> <span class='ocrx_word' id='word_1_216' title='bbox 279 2517 400 2578; x_wconf 85' lang='lat' dir='ltr'><strong>Christi</strong></span> <span class='ocrx_word' id='word_1_217' title='bbox 424 2518 563 2580; x_wconf 90' lang='lat' dir='ltr'><strong>nominis</strong></span> <span class='ocrx_word' id='word_1_218' title='bbox 586 2519 762 2600; x_wconf 89' lang='lat' dir='ltr'><strong>praeterito</strong></span> <span class='ocrx_word' id='word_1_219' title='bbox 778 2541 865 2580; x_wconf 89' lang='lat' dir='ltr'><strong>anno</strong></span> <span class='ocrx_word' id='word_1_220' title='bbox 889 2519 923 2580; x_wconf 92' lang='lat' dir='ltr'><strong>in</strong></span> <span class='ocrx_word' id='word_1_221' title='bbox 943 2518 1007 2580; x_wconf 89' lang='lat' dir='ltr'><strong>hoc</strong></span> <span class='ocrx_word' id='word_1_222' title='bbox 1027 2537 1166 2599; x_wconf 69' lang='lat' dir='ltr'><strong>regnum</strong></span> <span class='ocrx_word' id='word_1_223' title='bbox 1185 2507 1327 2593; x_wconf 76' lang='lat' dir='ltr'><strong>ingressi</strong></span> 
     </span>
     <span class='ocr_line' id='line_1_28' title="bbox 183 2592 1326 2683; baseline -0.01 -20"><span class='ocrx_word' id='word_1_224' title='bbox 183 2599 463 2683; x_wconf 84' lang='lat' dir='ltr'><strong>depraedationes,</strong></span> <span class='ocrx_word' id='word_1_225' title='bbox 487 2599 639 2664; x_wconf 88' lang='lat' dir='ltr'><strong>incendia</strong></span> <span class='ocrx_word' id='word_1_226' title='bbox 660 2601 899 2678; x_wconf 86' lang='lat' dir='ltr'><strong>Ecclesiarum,</strong></span> <span class='ocrx_word' id='word_1_227' title='bbox 923 2611 955 2662; x_wconf 89' lang='lat' dir='ltr'><strong>et</strong></span> <span class='ocrx_word' id='word_1_228' title='bbox 976 2599 1209 2682; x_wconf 84' lang='lat' dir='ltr'><strong>captivationes</strong></span> <span class='ocrx_word' id='word_1_229' title='bbox 1227 2592 1326 2655; x_wconf 89' lang='lat' dir='ltr'><strong>Chri-</strong></span> 
     </span>
     <span class='ocr_line' id='line_1_29' title="bbox 182 2671 1330 2760; baseline -0.01 -15"><span class='ocrx_word' id='word_1_230' title='bbox 182 2683 371 2760; x_wconf 90' lang='lat' dir='ltr'><strong>stianorum,</strong></span> <span class='ocrx_word' id='word_1_231' title='bbox 393 2693 424 2743; x_wconf 91' lang='lat' dir='ltr'><strong>et</strong></span> <span class='ocrx_word' id='word_1_232' title='bbox 442 2681 684 2746; x_wconf 86' lang='lat' dir='ltr'><strong>interfectiones</strong></span> <span class='ocrx_word' id='word_1_233' title='bbox 700 2707 868 2748; x_wconf 87' lang='lat' dir='ltr'><strong>servorum</strong></span> <span class='ocrx_word' id='word_1_234' title='bbox 883 2684 945 2745; x_wconf 90' lang='lat' dir='ltr'><strong>Dai</strong></span> <span class='ocrx_word' id='word_1_235' title='bbox 965 2685 1125 2746; x_wconf 90' lang='lat' dir='ltr'><strong>audenter</strong></span> <span class='ocrx_word' id='word_1_236' title='bbox 1141 2689 1174 2741; x_wconf 89' lang='lat' dir='ltr'><strong>et</strong></span> <span class='ocrx_word' id='word_1_237' title='bbox 1190 2671 1330 2758; x_wconf 68' lang='lat' dir='ltr'><strong>impune</strong></span> 
     </span>
     <span class='ocr_line' id='line_1_30' title="bbox 183 2755 1329 2851; baseline -0.006 -25"><span class='ocrx_word' id='word_1_238' title='bbox 183 2766 281 2826; x_wconf 90' lang='lat' dir='ltr'><strong>immo</strong></span> <span class='ocrx_word' id='word_1_239' title='bbox 297 2765 485 2842; x_wconf 88' lang='lat' dir='ltr'><strong>crudeliter,</strong></span> <span class='ocrx_word' id='word_1_240' title='bbox 508 2767 666 2830; x_wconf 86' lang='lat' dir='ltr'><strong>fecerunt.</strong></span> <span class='ocrx_word' id='word_1_241' title='bbox 709 2767 827 2851; x_wconf 78' lang='lat' dir='ltr'><strong>Agitur</strong></span> <span class='ocrx_word' id='word_1_242' title='bbox 842 2767 1003 2848; x_wconf 85' lang='lat' dir='ltr'><strong>siquidem</strong></span> <span class='ocrx_word' id='word_1_243' title='bbox 1021 2761 1247 2826; x_wconf 89' lang='lat' dir='ltr'><strong>iustoiudicio</strong></span> <span class='ocrx_word' id='word_1_244' title='bbox 1261 2755 1329 2819; x_wconf 82' lang='lat' dir='ltr'><strong>Dei</strong></span> 
     </span>
     <span class='ocr_line' id='line_1_31' title="bbox 183 2841 1327 2932; baseline -0.008 -23"><span class='ocrx_word' id='word_1_245' title='bbox 183 2857 219 2909; x_wconf 92' lang='lat' dir='ltr'><strong>ut</strong></span> <span class='ocrx_word' id='word_1_246' title='bbox 245 2847 321 2929; x_wconf 89' lang='lat' dir='ltr'><strong>quia</strong></span> <span class='ocrx_word' id='word_1_247' title='bbox 344 2846 377 2906; x_wconf 91' lang='lat' dir='ltr'><strong>in</strong></span> <span class='ocrx_word' id='word_1_248' title='bbox 399 2849 525 2909; x_wconf 88' lang='lat' dir='ltr'><strong>cunetis</strong></span> <span class='ocrx_word' id='word_1_249' title='bbox 553 2849 792 2932; x_wconf 87' lang='lat' dir='ltr'><strong>delinquimus,</strong></span> <span class='ocrx_word' id='word_1_250' title='bbox 831 2849 970 2911; x_wconf 88' lang='lat' dir='ltr'><strong>interius</strong></span> <span class='ocrx_word' id='word_1_251' title='bbox 998 2848 1095 2912; x_wconf 88' lang='lat' dir='ltr'><strong>simul</strong></span> <span class='ocrx_word' id='word_1_252' title='bbox 1124 2855 1157 2906; x_wconf 90' lang='lat' dir='ltr'><strong>et</strong></span> <span class='ocrx_word' id='word_1_253' title='bbox 1182 2841 1327 2905; x_wconf 82' lang='lat' dir='ltr'><strong>exterius</strong></span> 
     </span>
     <span class='ocr_line' id='line_1_32' title="bbox 182 2924 1331 3016; baseline -0.009 -24"><span class='ocrx_word' id='word_1_254' title='bbox 182 2931 394 3012; x_wconf 77' lang='lat' dir='ltr'><strong>flagellemur.</strong></span> <span class='ocrx_word' id='word_1_255' title='bbox 441 2931 612 2994; x_wconf 83' lang='lat' dir='ltr'><strong>Beneficiis</strong></span> <span class='ocrx_word' id='word_1_256' title='bbox 639 2933 760 3016; x_wconf 86' lang='lat' dir='ltr'><strong>quippe</strong></span> <span class='ocrx_word' id='word_1_257' title='bbox 793 2934 855 2994; x_wconf 87' lang='lat' dir='ltr'><strong>Dei</strong></span> <span class='ocrx_word' id='word_1_258' title='bbox 883 2933 1054 2994; x_wconf 87' lang='lat' dir='ltr'><strong>evidenter</strong></span> <span class='ocrx_word' id='word_1_259' title='bbox 1080 2927 1249 2990; x_wconf 79' lang='lat' dir='ltr'><strong>existimus</strong></span> <span class='ocrx_word' id='word_1_260' title='bbox 1278 2924 1331 2982; x_wconf 57' lang='lat' dir='ltr'><strong>ina</strong></span> 
     </span>
     <span class='ocr_line' id='line_1_33' title="bbox 183 3009 1329 3096; baseline -0.008 -22"><span class='ocrx_word' id='word_1_261' title='bbox 183 3013 283 3096; x_wconf 80' lang='lat' dir='ltr'><strong>grati,</strong></span> <span class='ocrx_word' id='word_1_262' title='bbox 311 3011 467 3096; x_wconf 89' lang='lat' dir='ltr'><strong>quoniam</strong></span> <span class='ocrx_word' id='word_1_263' title='bbox 488 3013 538 3076; x_wconf 87' lang='lat' dir='ltr'><strong>bis</strong></span> <span class='ocrx_word' id='word_1_264' title='bbox 561 3035 628 3076; x_wconf 93' lang='lat' dir='ltr'><strong>non</strong></span> <span class='ocrx_word' id='word_1_265' title='bbox 649 3016 691 3076; x_wconf 93' lang='lat' dir='ltr'><strong>ad</strong></span> <span class='ocrx_word' id='word_1_266' title='bbox 711 3017 914 3078; x_wconf 89' lang='lat' dir='ltr'><strong>voluntatem</strong></span> <span class='ocrx_word' id='word_1_267' title='bbox 933 3015 1014 3094; x_wconf 88' lang='lat' dir='ltr'><strong>Dei,</strong></span> <span class='ocrx_word' id='word_1_268' title='bbox 1044 3013 1101 3076; x_wconf 92' lang='lat' dir='ltr'><strong>sed</strong></span> <span class='ocrx_word' id='word_1_269' title='bbox 1125 3011 1165 3072; x_wconf 92' lang='lat' dir='ltr'><strong>ad</strong></span> <span class='ocrx_word' id='word_1_270' title='bbox 1192 3009 1329 3069; x_wconf 88' lang='lat' dir='ltr'><strong>libitum</strong></span> 
     </span>
     <span class='ocr_line' id='line_1_34' title="bbox 184 3094 1329 3160; baseline -0.008 -3"><span class='ocrx_word' id='word_1_271' title='bbox 184 3105 330 3159; x_wconf 84' lang='lat' dir='ltr'><strong>nostrum</strong></span> <span class='ocrx_word' id='word_1_272' title='bbox 349 3097 512 3158; x_wconf 87' lang='lat' dir='ltr'><strong>carnalem</strong></span> <span class='ocrx_word' id='word_1_273' title='bbox 537 3097 583 3158; x_wconf 91' lang='lat' dir='ltr'><strong>uti</strong></span> <span class='ocrx_word' id='word_1_274' title='bbox 608 3097 804 3160; x_wconf 85' lang='lat' dir='ltr'><strong>invenimur.</strong></span> <span class='ocrx_word' id='word_1_275' title='bbox 847 3099 890 3160; x_wconf 90' lang='lat' dir='ltr'><strong>Et</strong></span> <span class='ocrx_word' id='word_1_276' title='bbox 914 3097 1037 3160; x_wconf 90' lang='lat' dir='ltr'><strong>idcirco</strong></span> <span class='ocrx_word' id='word_1_277' title='bbox 1059 3094 1174 3158; x_wconf 88' lang='lat' dir='ltr'><strong>merito</strong></span> <span class='ocrx_word' id='word_1_278' title='bbox 1193 3097 1329 3152; x_wconf 89' lang='lat' dir='ltr'><strong>creatu-</strong></span> 
     </span>
     <span class='ocr_line' id='line_1_35' title="bbox 181 3175 1331 3264; baseline -0.009 -24"><span class='ocrx_word' id='word_1_279' title='bbox 181 3201 235 3240; x_wconf 87' lang='lat' dir='ltr'><strong>rae</strong></span> <span class='ocrx_word' id='word_1_280' title='bbox 251 3179 313 3240; x_wconf 93' lang='lat' dir='ltr'><strong>Dei</strong></span> <span class='ocrx_word' id='word_1_281' title='bbox 331 3177 422 3240; x_wconf 91' lang='lat' dir='ltr'><strong>nobis</strong></span> <span class='ocrx_word' id='word_1_282' title='bbox 440 3177 598 3242; x_wconf 75' lang='lat' dir='ltr'><strong>divinitus</strong></span> <span class='ocrx_word' id='word_1_283' title='bbox 620 3201 804 3256; x_wconf 86' lang='lat' dir='ltr'><strong>concessae,</strong></span> <span class='ocrx_word' id='word_1_284' title='bbox 826 3201 885 3264; x_wconf 91' lang='lat' dir='ltr'><strong>pro</strong></span> <span class='ocrx_word' id='word_1_285' title='bbox 905 3181 975 3242; x_wconf 91' lang='lat' dir='ltr'><strong>Deo</strong></span> <span class='ocrx_word' id='word_1_286' title='bbox 995 3187 1110 3242; x_wconf 89' lang='lat' dir='ltr'><strong>eontra</strong></span> <span class='ocrx_word' id='word_1_287' title='bbox 1129 3197 1188 3237; x_wconf 89' lang='lat' dir='ltr'><strong>nos</strong></span> <span class='ocrx_word' id='word_1_288' title='bbox 1213 3175 1331 3256; x_wconf 78' lang='lat' dir='ltr'><strong>ingra-</strong></span> 
     </span>
     <span class='ocr_line' id='line_1_36' title="bbox 182 3259 1330 3347; baseline -0.008 -25"><span class='ocrx_word' id='word_1_289' title='bbox 182 3273 231 3322; x_wconf 92' lang='lat' dir='ltr'><strong>tos</strong></span> <span class='ocrx_word' id='word_1_290' title='bbox 252 3271 409 3343; x_wconf 82' lang='lat' dir='ltr'><strong>pugnant,</strong></span> <span class='ocrx_word' id='word_1_291' title='bbox 432 3259 519 3320; x_wconf 88' lang='lat' dir='ltr'><strong>iuxta</strong></span> <span class='ocrx_word' id='word_1_292' title='bbox 543 3263 644 3324; x_wconf 68' lang='lat' dir='ltr'><strong>illude</strong></span> <span class='ocrx_word' id='word_1_293' title='bbox 667 3264 827 3342; x_wconf 74' lang='lat' dir='ltr'><strong>Pugnabit</strong></span> <span class='ocrx_word' id='word_1_294' title='bbox 839 3284 900 3347; x_wconf 84' lang='lat' dir='ltr'><strong>pro</strong></span> <span class='ocrx_word' id='word_1_295' title='bbox 920 3285 958 3324; x_wconf 85' lang='lat' dir='ltr'><strong>eo</strong></span> <span class='ocrx_word' id='word_1_296' title='bbox 974 3265 1059 3326; x_wconf 77' lang='lat' dir='ltr'><strong>orbis</strong></span> <span class='ocrx_word' id='word_1_297' title='bbox 1077 3274 1236 3321; x_wconf 74' lang='lat' dir='ltr'><strong>serrarum</strong></span> <span class='ocrx_word' id='word_1_298' title='bbox 1253 3273 1330 3316; x_wconf 87' lang='lat' dir='ltr'><strong>con·</strong></span> 
     </span>
     <span class='ocr_line' id='line_1_37' title="bbox 182 3345 1332 3428; baseline -0.008 -24"><span class='ocrx_word' id='word_1_299' title='bbox 182 3358 232 3404; x_wconf 81' lang='lat' dir='ltr'><strong>tra</strong></span> <span class='ocrx_word' id='word_1_300' title='bbox 252 3345 435 3404; x_wconf 83' lang='lat' dir='ltr'><strong>insensatos.</strong></span> <span class='ocrx_word' id='word_1_301' title='bbox 478 3345 602 3406; x_wconf 87' lang='lat' dir='ltr'><strong>Verum</strong></span> <span class='ocrx_word' id='word_1_302' title='bbox 621 3346 698 3428; x_wconf 89' lang='lat' dir='ltr'><strong>quia</strong></span> <span class='ocrx_word' id='word_1_303' title='bbox 718 3355 766 3407; x_wconf 88' lang='lat' dir='ltr'><strong>tot</strong></span> <span class='ocrx_word' id='word_1_304' title='bbox 786 3345 889 3407; x_wconf 86' lang='lat' dir='ltr'><strong>modis</strong></span> <span class='ocrx_word' id='word_1_305' title='bbox 911 3365 1069 3408; x_wconf 84' lang='lat' dir='ltr'><strong>vexamur</strong></span> <span class='ocrx_word' id='word_1_306' title='bbox 1088 3351 1185 3424; x_wconf 90' lang='lat' dir='ltr'><strong>atque</strong></span> <span class='ocrx_word' id='word_1_307' title='bbox 1206 3357 1332 3420; x_wconf 70' lang='lat' dir='ltr'><strong>percn-</strong></span> 
     </span>
    </p>
   </div>
   <div class='ocr_carea' id='block_1_3' title="bbox 87 3425 1330 3510">
    <p class='ocr_par' dir='ltr' id='par_1_3' title="bbox 87 3425 1330 3510">
     <span class='ocr_line' id='line_1_38' title="bbox 87 3425 1330 3510; baseline -0.01 -20"><span class='ocrx_word' id='word_1_308' title='bbox 87 3480 91 3490; x_wconf 55' lang='lat'><strong>.</strong></span> <span class='ocrx_word' id='word_1_309' title='bbox 182 3426 291 3503; x_wconf 90' lang='lat' dir='ltr'><strong>timur,</strong></span> <span class='ocrx_word' id='word_1_310' title='bbox 314 3425 354 3486; x_wconf 94' lang='lat' dir='ltr'><strong>ad</strong></span> <span class='ocrx_word' id='word_1_311' title='bbox 369 3447 443 3488; x_wconf 91' lang='lat' dir='ltr'><strong>eum</strong></span> <span class='ocrx_word' id='word_1_312' title='bbox 465 3425 482 3486; x_wconf 85' lang='lat' dir='ltr'><strong>d</strong></span> <span class='ocrx_word' id='word_1_313' title='bbox 501 3449 566 3509; x_wconf 93' lang='lat' dir='ltr'><strong>quo</strong></span> <span class='ocrx_word' id='word_1_314' title='bbox 587 3429 791 3510; x_wconf 90' lang='lat' dir='ltr'><strong>percutimur</strong></span> <span class='ocrx_word' id='word_1_315' title='bbox 810 3427 996 3490; x_wconf 90' lang='lat' dir='ltr'><strong>totocorde</strong></span> <span class='ocrx_word' id='word_1_316' title='bbox 1017 3427 1154 3509; x_wconf 81' lang='lat' dir='ltr'><strong>dignum</strong></span> <span class='ocrx_word' id='word_1_317' title='bbox 1175 3439 1330 3481; x_wconf 78' lang='lat' dir='ltr'><strong>necessa-</strong></span> 
     </span>
    </p>
   </div>
   <div class='ocr_carea' id='block_1_4' title="bbox 172 3499 1332 4335">
    <p class='ocr_par' dir='ltr' id='par_1_4' title="bbox 172 3499 1332 4335">
     <span class='ocr_line' id='line_1_39' title="bbox 182 3499 1329 3596; baseline -0.005 -27"><span class='ocrx_word' id='word_1_318' title='bbox 182 3510 333 3590; x_wconf 84' lang='lat' dir='ltr'><strong>riumque</strong></span> <span class='ocrx_word' id='word_1_319' title='bbox 354 3519 401 3568; x_wconf 89' lang='lat' dir='ltr'><strong>est</strong></span> <span class='ocrx_word' id='word_1_320' title='bbox 427 3521 463 3569; x_wconf 93' lang='lat' dir='ltr'><strong>ut</strong></span> <span class='ocrx_word' id='word_1_321' title='bbox 483 3517 702 3589; x_wconf 75' lang='lat' dir='ltr'><strong>revertamur,</strong></span> <span class='ocrx_word' id='word_1_322' title='bbox 731 3521 891 3596; x_wconf 88' lang='lat' dir='ltr'><strong>qnatenus</strong></span> <span class='ocrx_word' id='word_1_323' title='bbox 917 3509 1002 3574; x_wconf 85' lang='lat' dir='ltr'><strong>illud</strong></span> <span class='ocrx_word' id='word_1_324' title='bbox 1030 3505 1259 3590; x_wconf 88' lang='lat' dir='ltr'><strong>propheticum</strong></span> <span class='ocrx_word' id='word_1_325' title='bbox 1291 3499 1329 3559; x_wconf 79' lang='lat' dir='ltr'><strong>in</strong></span> 
     </span>
     <span class='ocr_line' id='line_1_40' title="bbox 172 3583 1331 3675; baseline -0.003 -25"><span class='ocrx_word' id='word_1_326' title='bbox 172 3591 277 3652; x_wconf 79' lang='lat' dir='ltr'><strong>nobis</strong></span> <span class='ocrx_word' id='word_1_327' title='bbox 303 3591 476 3672; x_wconf 86' lang='lat' dir='ltr'><strong>impleatur</strong></span> <span class='ocrx_word' id='word_1_328' title='bbox 499 3614 564 3675; x_wconf 93' lang='lat' dir='ltr'><strong>quo</strong></span> <span class='ocrx_word' id='word_1_329' title='bbox 590 3594 725 3654; x_wconf 89' lang='lat' dir='ltr'><strong>dicitnr:</strong></span> <span class='ocrx_word' id='word_1_330' title='bbox 762 3593 840 3654; x_wconf 82' lang='lat' dir='ltr'><strong>Solo</strong></span> <span class='ocrx_word' id='word_1_331' title='bbox 862 3595 997 3654; x_wconf 77' lang='lat' dir='ltr'><strong>vexatio.</strong></span> <span class='ocrx_word' id='word_1_332' title='bbox 1018 3591 1214 3652; x_wconf 81' lang='lat' dir='ltr'><strong>intellectum</strong></span> <span class='ocrx_word' id='word_1_333' title='bbox 1236 3583 1331 3648; x_wconf 77' lang='lat' dir='ltr'><strong>dabit</strong></span> 
     </span>
     <span class='ocr_line' id='line_1_41' title="bbox 182 3667 1330 3758; baseline 0 -25"><span class='ocrx_word' id='word_1_334' title='bbox 182 3673 316 3734; x_wconf 82' lang='lat' dir='ltr'><strong>auditui.</strong></span> <span class='ocrx_word' id='word_1_335' title='bbox 359 3673 424 3734; x_wconf 89' lang='lat' dir='ltr'><strong>Sed</strong></span> <span class='ocrx_word' id='word_1_336' title='bbox 443 3673 520 3758; x_wconf 90' lang='lat' dir='ltr'><strong>quia</strong></span> <span class='ocrx_word' id='word_1_337' title='bbox 540 3673 613 3757; x_wconf 89' lang='lat' dir='ltr'><strong>pius</strong></span> <span class='ocrx_word' id='word_1_338' title='bbox 628 3686 660 3738; x_wconf 92' lang='lat' dir='ltr'><strong>et</strong></span> <span class='ocrx_word' id='word_1_339' title='bbox 676 3677 820 3737; x_wconf 87' lang='lat' dir='ltr'><strong>clemens</strong></span> <span class='ocrx_word' id='word_1_340' title='bbox 838 3674 996 3737; x_wconf 85' lang='lat' dir='ltr'><strong>Dominus</strong></span> <span class='ocrx_word' id='word_1_341' title='bbox 1016 3674 1061 3734; x_wconf 90' lang='lat' dir='ltr'><strong>sic</strong></span> <span class='ocrx_word' id='word_1_342' title='bbox 1084 3673 1191 3754; x_wconf 90' lang='lat' dir='ltr'><strong>ipsum</strong></span> <span class='ocrx_word' id='word_1_343' title='bbox 1212 3667 1330 3749; x_wconf 82' lang='lat' dir='ltr'><strong>flagel-</strong></span> 
     </span>
     <span class='ocr_line' id='line_1_42' title="bbox 182 3749 1329 3838; baseline -0.007 -22"><span class='ocrx_word' id='word_1_344' title='bbox 182 3756 251 3816; x_wconf 90' lang='lat' dir='ltr'><strong>lum</strong></span> <span class='ocrx_word' id='word_1_345' title='bbox 265 3755 452 3816; x_wconf 86' lang='lat' dir='ltr'><strong>moderatur</strong></span> <span class='ocrx_word' id='word_1_346' title='bbox 472 3765 508 3818; x_wconf 91' lang='lat' dir='ltr'><strong>ut</strong></span> <span class='ocrx_word' id='word_1_347' title='bbox 529 3777 593 3817; x_wconf 91' lang='lat' dir='ltr'><strong>non</strong></span> <span class='ocrx_word' id='word_1_348' title='bbox 613 3759 653 3820; x_wconf 90' lang='lat' dir='ltr'><strong>ad</strong></span> <span class='ocrx_word' id='word_1_349' title='bbox 675 3759 855 3836; x_wconf 88' lang='lat' dir='ltr'><strong>interitum,</strong></span> <span class='ocrx_word' id='word_1_350' title='bbox 877 3757 934 3823; x_wconf 89' lang='lat' dir='ltr'><strong>sed</strong></span> <span class='ocrx_word' id='word_1_351' title='bbox 954 3757 1062 3838; x_wconf 87' lang='lat' dir='ltr'><strong>potius</strong></span> <span class='ocrx_word' id='word_1_352' title='bbox 1081 3753 1122 3815; x_wconf 88' lang='lat' dir='ltr'><strong>ad</strong></span> <span class='ocrx_word' id='word_1_353' title='bbox 1145 3749 1329 3814; x_wconf 89' lang='lat' dir='ltr'><strong>correctio-</strong></span> 
     </span>
     <span class='ocr_line' id='line_1_43' title="bbox 182 3833 1332 3920; baseline -0.004 -23"><span class='ocrx_word' id='word_1_354' title='bbox 182 3859 258 3898; x_wconf 89' lang='lat' dir='ltr'><strong>nem</strong></span> <span class='ocrx_word' id='word_1_355' title='bbox 277 3847 417 3898; x_wconf 88' lang='lat' dir='ltr'><strong>nostram</strong></span> <span class='ocrx_word' id='word_1_356' title='bbox 434 3839 556 3900; x_wconf 89' lang='lat' dir='ltr'><strong>inferre</strong></span> <span class='ocrx_word' id='word_1_357' title='bbox 579 3840 737 3918; x_wconf 87' lang='lat' dir='ltr'><strong>videatur,</strong></span> <span class='ocrx_word' id='word_1_358' title='bbox 760 3841 914 3902; x_wconf 87' lang='lat' dir='ltr'><strong>debemus</strong></span> <span class='ocrx_word' id='word_1_359' title='bbox 933 3839 967 3898; x_wconf 89' lang='lat' dir='ltr'><strong>in</strong></span> <span class='ocrx_word' id='word_1_360' title='bbox 986 3846 1164 3920; x_wconf 86' lang='lat' dir='ltr'><strong>conspeetu</strong></span> <span class='ocrx_word' id='word_1_361' title='bbox 1183 3833 1253 3894; x_wconf 87' lang='lat' dir='ltr'><strong>eius</strong></span> <span class='ocrx_word' id='word_1_362' title='bbox 1274 3852 1332 3893; x_wconf 65' lang='lat' dir='ltr'><strong>re-</strong></span> 
     </span>
     <span class='ocr_line' id='line_1_44' title="bbox 181 3915 1332 4001; baseline -0.006 -20"><span class='ocrx_word' id='word_1_363' title='bbox 181 3919 299 3981; x_wconf 90' lang='lat' dir='ltr'><strong>raciter</strong></span> <span class='ocrx_word' id='word_1_364' title='bbox 320 3919 506 3998; x_wconf 85' lang='lat' dir='ltr'><strong>humiliari,</strong></span> <span class='ocrx_word' id='word_1_365' title='bbox 537 3931 569 3983; x_wconf 91' lang='lat' dir='ltr'><strong>et</strong></span> <span class='ocrx_word' id='word_1_366' title='bbox 592 3923 708 3988; x_wconf 88' lang='lat' dir='ltr'><strong>faciem</strong></span> <span class='ocrx_word' id='word_1_367' title='bbox 727 3923 816 3985; x_wconf 88' lang='lat' dir='ltr'><strong>illius</strong></span> <span class='ocrx_word' id='word_1_368' title='bbox 842 3923 876 3982; x_wconf 90' lang='lat' dir='ltr'><strong>in</strong></span> <span class='ocrx_word' id='word_1_369' title='bbox 895 3922 1099 3984; x_wconf 85' lang='lat' dir='ltr'><strong>confessione</strong></span> <span class='ocrx_word' id='word_1_370' title='bbox 1119 3915 1332 4001; x_wconf 83' lang='lat' dir='ltr'><strong>praevenire,</strong></span> 
     </span>
     <span class='ocr_line' id='line_1_45' title="bbox 181 3997 1330 4087; baseline 0.003 -26"><span class='ocrx_word' id='word_1_371' title='bbox 181 4004 317 4084; x_wconf 85' lang='lat' dir='ltr'><strong>eiusque</strong></span> <span class='ocrx_word' id='word_1_372' title='bbox 343 4003 496 4084; x_wconf 90' lang='lat' dir='ltr'><strong>pietatem</strong></span> <span class='ocrx_word' id='word_1_373' title='bbox 515 4005 627 4087; x_wconf 90' lang='lat' dir='ltr'><strong>pronis</strong></span> <span class='ocrx_word' id='word_1_374' title='bbox 650 4006 813 4068; x_wconf 90' lang='lat' dir='ltr'><strong>mentibus</strong></span> <span class='ocrx_word' id='word_1_375' title='bbox 836 4026 990 4074; x_wconf 83' lang='lat' dir='ltr'><strong>exorare;</strong></span> <span class='ocrx_word' id='word_1_376' title='bbox 1023 4014 1058 4064; x_wconf 91' lang='lat' dir='ltr'><strong>ut</strong></span> <span class='ocrx_word' id='word_1_377' title='bbox 1083 3997 1140 4084; x_wconf 89' lang='lat' dir='ltr'><strong>qui</strong></span> <span class='ocrx_word' id='word_1_378' title='bbox 1164 3999 1245 4060; x_wconf 83' lang='lat' dir='ltr'><strong>fecit</strong></span> <span class='ocrx_word' id='word_1_379' title='bbox 1270 4017 1330 4060; x_wconf 74' lang='lat'><strong>¹1⁰⁵</strong></span> 
     </span>
     <span class='ocr_line' id='line_1_46' title="bbox 181 4082 1332 4172; baseline -0.005 -28"><span class='ocrx_word' id='word_1_380' title='bbox 181 4085 352 4146; x_wconf 72' lang='lat' dir='ltr'><strong>iustissima</strong></span> <span class='ocrx_word' id='word_1_381' title='bbox 379 4085 619 4169; x_wconf 85' lang='lat' dir='ltr'><strong>dispensatione</strong></span> <span class='ocrx_word' id='word_1_382' title='bbox 644 4087 773 4172; x_wconf 83' lang='lat' dir='ltr'><strong>flagella</strong></span> <span class='ocrx_word' id='word_1_383' title='bbox 793 4088 931 4164; x_wconf 88' lang='lat' dir='ltr'><strong>sentire,</strong></span> <span class='ocrx_word' id='word_1_384' title='bbox 964 4083 1060 4155; x_wconf 84' lang='lat' dir='ltr'><strong>faciat</strong></span> <span class='ocrx_word' id='word_1_385' title='bbox 1080 4082 1172 4145; x_wconf 86' lang='lat' dir='ltr'><strong>nobis</strong></span> <span class='ocrx_word' id='word_1_386' title='bbox 1194 4085 1332 4163; x_wconf 90' lang='lat' dir='ltr'><strong>peccata</strong></span> 
     </span>
     <span class='ocr_line' id='line_1_47' title="bbox 182 4161 1330 4254; baseline 0.001 -27"><span class='ocrx_word' id='word_1_387' title='bbox 182 4178 302 4244; x_wconf 89' lang='lat' dir='ltr'><strong>nostra,</strong></span> <span class='ocrx_word' id='word_1_388' title='bbox 323 4189 381 4250; x_wconf 91' lang='lat' dir='ltr'><strong>pro</strong></span> <span class='ocrx_word' id='word_1_389' title='bbox 405 4169 524 4250; x_wconf 86' lang='lat' dir='ltr'><strong>quibus</strong></span> <span class='ocrx_word' id='word_1_390' title='bbox 544 4169 626 4231; x_wconf 76' lang='lat' dir='ltr'><strong>iuste</strong></span> <span class='ocrx_word' id='word_1_391' title='bbox 641 4171 685 4232; x_wconf 89' lang='lat' dir='ltr'><strong>ab.</strong></span> <span class='ocrx_word' id='word_1_392' title='bbox 698 4193 735 4232; x_wconf 87' lang='lat' dir='ltr'><strong>eo</strong></span> <span class='ocrx_word' id='word_1_393' title='bbox 756 4171 977 4254; x_wconf 81' lang='lat' dir='ltr'><strong>flagellamur,</strong></span> <span class='ocrx_word' id='word_1_394' title='bbox 1000 4185 1215 4252; x_wconf 78' lang='lat' dir='ltr'><strong>cognoscere,</strong></span> <span class='ocrx_word' id='word_1_395' title='bbox 1238 4171 1272 4222; x_wconf 83' lang='lat' dir='ltr'><strong>et</strong></span> <span class='ocrx_word' id='word_1_396' title='bbox 1294 4161 1330 4222; x_wconf 74' lang='lat' dir='ltr'><strong>in</strong></span> 
     </span>
     <span class='ocr_line' id='line_1_48' title="bbox 181 4243 1331 4335; baseline -0.003 -26"><span class='ocrx_word' id='word_1_397' title='bbox 181 4248 300 4332; x_wconf 87' lang='lat' dir='ltr'><strong>quib-ns</strong></span> <span class='ocrx_word' id='word_1_398' title='bbox 322 4252 457 4314; x_wconf 76' lang='lat' dir='ltr'><strong>maxime</strong></span> <span class='ocrx_word' id='word_1_399' title='bbox 487 4252 583 4316; x_wconf 89' lang='lat' dir='ltr'><strong>illam</strong></span> <span class='ocrx_word' id='word_1_400' title='bbox 604 4253 820 4334; x_wconf 82' lang='lat' dir='ltr'><strong>offendimus,</strong></span> <span class='ocrx_word' id='word_1_401' title='bbox 854 4263 884 4317; x_wconf 88' lang='lat' dir='ltr'><strong>et</strong></span> <span class='ocrx_word' id='word_1_402' title='bbox 911 4254 991 4320; x_wconf 88' lang='lat' dir='ltr'><strong>iram</strong></span> <span class='ocrx_word' id='word_1_403' title='bbox 1021 4251 1110 4318; x_wconf 91' lang='lat' dir='ltr'><strong>illius</strong></span> <span class='ocrx_word' id='word_1_404' title='bbox 1133 4243 1331 4335; x_wconf 56' lang='lat' dir='ltr'><strong>provocavi*</strong></span> 
     </span>
    </p>
   </div>
   <div class='ocr_carea' id='block_1_5' title="bbox 0 0 1468 4986">
    <p class='ocr_par' dir='ltr' id='par_1_5' title="bbox 0 0 1468 4986">
     <span class='ocr_line' id='line_1_49' title="bbox 0 0 1468 4986; baseline 0 0"><span class='ocrx_word' id='word_1_405' title='bbox 0 0 1468 4986; x_wconf 95' lang='lat' dir='ltr'><strong> </strong></span> 
     </span>
    </p>
   </div>
  </div>
 </body>
</html>
