2958 4986
177 269 248 351 120
404 283 440 342 s.
459 283 547 344 can.
652 281 910 342 aasumensi
1011 279 1075 352 tu.

511 427 560 488 De
581 429 720 490 avaritia
741 439 772 488 et
799 426 982 512 cupiditate.

256 529 391 598 XXXII.
436 534 486 598 De
507 534 641 596 avaritia
657 545 690 596 et
706 533 883 618 cupiditate
901 530 1064 604 calcanda.

592 652 642 713 De
669 651 894 737 hospitalitate.

257 757 408 828 XXXIII.
450 759 499 819 De
519 757 738 843 hospitalitate
762 755 922 820 sectanda.

428 863 471 958 Ut
495 867 675 940 criminosis
694 887 842 930 accusare
860 887 924 927 non
947 865 1056 942 liceat.

255 973 406 1038 XXXIV.
447 976 497 1034 De
516 973 709 1054 criminosis,
731 984 848 1036 utnon
868 971 1010 1037 habeant
1021 993 1136 1039 vocem
1154 989 1318 1036 accusans

172 1053 206 1130 di
229 1055 366 1121 maiores
390 1066 469 1118 natu
486 1066 542 1118 aut
561 1058 739 1142 Episcopus
760 1063 866 1120 suos'
891 1127 894 1132 ,

566 1174 625 1234 De*
638 1172 907 1244 reconciliatione.

255 1277 389 1342 XXXV.
429 1279 479 1340 De
496 1280 765 1360 reconciliatione
789 1290 934 1363 tempore
955 1281 1165 1346 necessitatis.

197 1381 239 1458 Ut
261 1386 447 1463 Presbyteri
471 1399 667 1451 contumaces
688 1408 758 1450 cum
773 1390 883 1485 ,regiae
907 1390 1046 1472 capellae
1072 1390 1204 1452 Clericis
1228 1411 1294 1453 uon

621 1485 860 1534 communicent.

254 1575 405 1642 XXXVI.
447 1579 496 1639 De
516 1577 719 1662 Presbyteris
735 1575 793 1658 qui
817 1585 1023 1648 contumaces
1050 1579 1175 1643 fuerint
1199 1591 1315 1644 contra

171 1654 349 1742 Episcopos
369 1681 455 1740 suos,
470 1682 677 1744 nequaquam
696 1659 980 1722 communicentur
1000 1683 1073 1724 cum
1093 1663 1230 1726 Clericis
1254 1663 1314 1746 qui

172 1742 207 1810 in
223 1741 347 1824 capella
364 1744 461 1826 Regis
479 1743 635 1823 habitant,
657 1743 719 1804 nisi
742 1742 947 1805 reconciliati
966 1745 1090 1808 fuerint
1112 1747 1151 1807 ab
1174 1747 1314 1830 Episco-

171 1845 214 1907 po
231 1845 303 1920 sao,
319 1847 361 1888 ne
378 1827 463 1891 sorte
480 1827 638 1895 canonica
666 1825 959 1890 excommunicatio
990 1851 1088 1912 super
1116 1851 1171 1894 eos
1190 1829 1313 1892 exinde

195 1917 294 1969 emat.

172 1931 190 1984 l
317 1991 368 2052 De
388 1993 510 2064 iudicio
539 1993 726 2073 Presbyteri
752 1995 940 2054 incrimine
970 1994 1169 2078 deprehensi.

254 2094 427 2163 XXXVII.
470 2099 505 2174 Si
525 2099 699 2186 Presbyter
715 2101 750 2162 in
770 2100 933 2163 criminali
949 2121 1048 2182 opere
1069 2100 1170 2161 fuerit
1194 2101 1315 2184 depre-

171 2178 304 2258 hensus,
321 2181 362 2242 ad
379 2181 577 2266 Episcopum
590 2187 686 2260 su'um
707 2183 856 2261 ducetur,
874 2193 907 2243 et
930 2184 1110 2245 secundum
1125 2183 1317 2246 canonicam

174 2261 415 2334 institutionem
429 2266 680 2349 constringatur.
720 2266 763 2328 Et
795 2267 822 2328 si
845 2266 930 2328 sorte
961 2287 1078 2348 negare
1102 2267 1255 2345 voluerit,
1281 2277 1317 2329 et

96 2419 98 2426 Ι
173 2355 340 2408 accusator
352 2349 647 2431 comprobationem
668 2349 744 2424 dare
761 2371 827 2420 non
847 2349 1002 2432 potuerit,
1029 2359 1062 2410 et
1085 2370 1192 2410 coram
1215 2350 1314 2432 Epis-⁸

173 2449 256 2509 cqc
274 2427 445 2492 delinitum
468 2455 534 2494 esse
557 2432 758 2516 neqniverit,
785 2443 865 2496 tunc
891 2431 932 2493 ad
959 2431 1139 2496 universali
1160 2433 1315 2502 Concilin

173 2508 307 2583 illorum
321 2513 405 2574 ratio
424 2515 601 2578 deferatur.

172 2647 223 2726 Pe
242 2652 446 2734 suscipienda
462 2675 539 2717 cura
554 2655 735 2740 puellarum
751 2676 830 2739 quae
843 2658 1029 2741 pareatibus
1051 2659 1199 2743 privatae
1230 2667 1313 2716 sant.

257 2757 450 2824 XXXVIII.
491 2764 541 2824 De
560 2765 682 2845 puellis
709 2785 793 2845 quae
819 2765 836 2825 d
858 2761 1047 2846 parentibus
1071 2763 1215 2846 privatae
1238 2751 1318 2822 iae-.

171 2841 250 2938 rint,
269 2843 329 2907 sub
345 2844 580 2940 Episcopomm
596 2857 629 2908 et
650 2848 918 2943 Presbyterorum
940 2847 1164 2943 praevidentia
1191 2844 1318 2940 grumos

172 2926 264 2990 mbas
282 2929 414 2990 feminis
431 2927 711 3009 commendentur,
732 2939 816 2992 siout
836 2951 993 2998 canonica
1014 2931 1110 2992 docet
1129 2937 1316 3001 auctoritas.

178 3041 221 3122 [lt
234 3045 410 3129 Episcopus
427 3057 522 3116 extra
536 3048 703 3130 propriam
719 3043 826 3106 sedam
838 3045 924 3106 ultra
937 3059 1001 3106 tres
1021 3043 1235 3107 hebdomadas
1249 3063 1315 3103 non
1415 3105 1420 3111 ,

200 3129 337 3212 baereat.
357 3127 401 3188 Et
416 3130 450 3202 in
462 3126 616 3213 Episcopi
627 3129 718 3190 rebus
733 3141 808 3212 post
824 3127 891 3188 eius
906 3128 1026 3190 obitum
1041 3131 1111 3212 quis
1126 3125 1283 3188 succedat.

256 3255 430 3320 XXXIX.
460 3263 502 3322 Ut
523 3259 635 3320 nullus
662 3259 841 3342 Episcopus
866 3258 1031 3340 propriam
1051 3257 1161 3324 sedem
1192 3255 1317 3326 amittat

175 3339 276 3410 aliubi
296 3343 547 3424 frequentando,
559 3354 616 3404 aut
636 3343 670 3403 in
687 3364 747 3425 pro
770 3339 828 3402 riis
845 3341 944 3402 rebus
960 3339 1027 3402 suis
1040 3360 1170 3400 manere
1187 3339 1318 3418 audeat,

175 3423 312 3505 amplius
347 3426 444 3506 quim
481 3436 548 3488 tres
583 3365 808 3488 hebdomadas.
868 3425 911 3485 Et
946 3423 1125 3507 propinqui
1167 3421 1222 3484 vel
1253 3421 1322 3482 he-.'

174 3508 269 3574 redes
283 3507 436 3592 Episcopi
450 3531 502 3571 res
515 3509 598 3592 qnae
621 3510 660 3570 ab
680 3507 841 3591 EpIscopo
863 3516 940 3570 sunt
959 3507 1151 3588 adquisitae,
1175 3513 1231 3564 aut
1254 3523 1318 3586 per

177 3590 442 3672 camparationes,
459 3601 515 3653 aut
539 3614 599 3675 per
615 3591 816 3668 traditiones,
842 3599 1013 3674 postquam
1032 3589 1212 3671 Episcopus
1244 3587 1316 3646 lue-¹

173 3672 218 3748 pit
231 3673 408 3750 ordinatas,
421 3697 628 3758 nequaqnam
642 3684 714 3758 post
734 3674 804 3735 eius
823 3673 947 3747 obitum
961 3672 1146 3734 hereditare
1166 3670 1315 3740 debeant3

174 3755 233 3824 sed
252 3755 292 3816 ad
304 3775 394 3817 suam
408 3759 588 3833 Ecclesiam
606 3754 776 3829 catholice.
818 3757 898 3818 Illae
914 3766 1023 3816 autem
1042 3777 1122 3840 quas
1137 3753 1229 3836 prius
1253 3749 1314 3820 ha-

172 3837 259 3916 buit,
279 3839 342 3900 nisi
359 3841 566 3912 traditionem
585 3843 626 3904 ad
641 3840 821 3914 Ecclesiam
844 3861 886 3900 ex
907 3839 953 3900 eis
979 3838 1106 3916 iecerit,
1140 3834 1316 3897 heredibus

176 3930 209 3996 et
223 3921 418 4019 propinquis
435 3925 619 4000 succedant.

344 4039 482 4125 Quinam
502 4040 615 4116 Sancti
634 4043 668 4101 in
686 4017 862 4107 Ecclesiam
885 4034 1063 4099 venerandi
1077 4036 1150 4098 sint.

219 4123 221 4133 .
259 4141 329 4225 XL.
361 4127 414 4208 ‘Ut
429 4149 514 4208 nulli
531 4148 608 4212 novi
629 4149 731 4211 sancti
754 4147 916 4224 colantur,
938 4153 993 4207 aut
1019 4143 1226 4222 invocentur,
1254 4159 1316 4210 nep

178 4230 350 4296 memmiae
381 4251 494 4298 surum
515 4255 574 4316 per
601 4233 668 4298 vias
693 4232 877 4314 erigantur;
900 4227 956 4290 sed
977 4227 1000 4286 ii
1027 4225 1087 4287 soli
1113 4225 1146 4299 in
1169 4223 1319 4286 Ecclesia
