2920 4972
263 369 299 426 A.
321 367 408 424 cun
514 368 650 426 aenan
687 365 926 424 Francorum
1040 367 1102 425 ors.
1210 353 1254 424 15

204 508 294 574 XIV.

205 589 279 655 XV.

203 673 292 738 XVI.
333 672 500 755 Quicquid
515 681 663 754 parentes
688 672 786 734 nostri
804 671 981 733 anteriores
999 669 1170 756 Principes
1201 677 1255 736 vel

124 779 261 842 uesper
291 755 449 818 iustitiam
474 756 533 816 visi
558 777 669 818 sumus
696 755 890 818 concessisse
918 763 950 816 et
973 753 1199 835 confirmasse,
1221 757 1254 818 in

137 843 285 904 omnihus
308 839 423 900 debeat
443 837 636 900 confirmari.

201 921 311 988 XVII.
352 924 395 982 Et
415 942 498 1002 quae
521 943 605 982 unus
624 921 663 983 de
680 919 829 983 lidclibus
847 941 884 980 ae
904 917 1073 992 leodibus,
1103 943 1193 983 snam
1217 923 1258 981 li·

119 1008 193 1070 dem
219 1005 380 1068 servando
397 1003 699 1086 dominolegitimo,
722 1005 909 1086 interregno
934 1003 1076 1064 faciente
1102 1004 1190 1066 visus
1209 1015 1256 1068 est

117 1087 311 1186 perdidisse,
328 1085 523 1170 generaliter
537 1086 657 1168 absque
675 1087 785 1170 aliquo
804 1085 1008 1148 incommodo
1024 1086 1064 1148 de
1082 1087 1180 1150 rebus
1194 1088 1255 1150 sibi

118 1179 201 1234 ruste
224 1170 342 1232 debitis
357 1168 578 1252 praecepimus
596 1171 756 1236 revestiri.

199 1251 332 1316 XVIII.
372 1251 504 1314 Puellae
522 1261 555 1313 et
576 1251 688 1314 viduas
705 1251 883 1336 religiosas,
906 1259 961 1312 aut
980 1250 1256 1332 sanctimoniales,

116 1357 202 1420 quae
219 1359 253 1399 se
269 1339 340 1397 Deo
355 1344 526 1410 voverunt,
548 1344 613 1395 tam
626 1357 709 1418 quae
730 1335 762 1394 in
785 1336 923 1418 propriis
942 1333 1091 1396 domibus
1110 1335 1258 1397 resident

114 1441 215 1502 quam
239 1439 322 1502 quae
345 1415 376 1476 ia
402 1415 603 1478 monasteriis
624 1419 745 1502 positae
769 1429 855 1494 sunt,
879 1416 989 1478 nullus
1010 1437 1071 1478 nec
1086 1438 1146 1501 per
1160 1439 1258 1513 prae·-

114 1510 248 1584 eeptum
272 1509 416 1561 nostrum
442 1509 620 1582 competat,
643 1521 704 1562 nec
724 1499 851 1562 trahere
878 1521 937 1561 nec
959 1499 1020 1560 sihi
1043 1498 1077 1559 in
1099 1502 1254 1584 coniugio

115 1583 243 1647 sociare
270 1581 401 1668 penitus
430 1592 621 1665 praesumat.
683 1584 726 1644 Et
750 1583 777 1644 si
802 1583 876 1666 quis
904 1579 1023 1644 exinde
1044 1591 1255 1666 praeceptum

115 1667 288 1744 elicuerit,
321 1664 450 1724 nullum
472 1665 624 1727 sortiatur
652 1666 812 1727 ellectum.
852 1665 894 1724 Et
915 1663 941 1724 si
970 1663 1169 1748 quicumque
1199 1679 1256 1730 aut

115 1769 179 1832 per
205 1749 357 1811 virtutem
381 1755 436 1807 aut
454 1767 514 1830 per
533 1747 713 1829 quemlibet
734 1747 883 1808 ordinem
907 1746 988 1829 ipsus
1009 1748 1179 1810 detrahere
1200 1759 1255 1812 aut

112 1831 178 1893 sibi
194 1832 228 1892 in
244 1830 430 1912 coniugium
449 1832 698 1914 praesumpserit
715 1831 848 1908 sociare,
871 1830 999 1912 capitali
1019 1831 1182 1892 sententia
1201 1833 1254 1893 lc-

112 1915 231 1980 riatur.
271 1913 359 1974 Etsi
391 1915 425 1973 ia
450 1913 596 1974 Ecclesia
624 1913 812 1996 coniugium
839 1912 997 1990 fecerint,
1027 1921 1060 1973 et
1086 1912 1144 1973 illa
1164 1925 1255 1998 rapta

112 2006 173 2057 aut
199 1993 353 2093 rapienda
377 1995 409 2055 in
436 1993 701 2057 hocconsentire
725 1996 910 2074 videbitur,
928 1995 1125 2076 sequestrati
1142 1997 1182 2058 eb
1203 1999 1254 2058 in·

113 2083 223 2143 vicem
238 2099 272 2138 m
294 2077 395 2139 exilio
417 2077 650 2162 deportentur,
673 2088 705 2140 et
730 2079 898 2140 facultates
922 2099 1035 2140 eorum
1059 2079 1254 2164 propinquis

112 2161 295 2226 heredibus
320 2161 496 2226 socientur.

200 2241 293 2308 XIX.
334 2243 487 2328 Episcopi
508 2262 586 2305 vero
601 2243 653 2304 vel
668 2248 828 2328 potentes,
850 2241 962 2325 quiin
989 2241 1062 2304 aliis
1086 2243 1254 2326 possident

113 2326 317 2411 regionibus,
338 2323 464 2389 iudices
483 2324 540 2387 uel
562 2324 673 2388 missos
693 2325 887 2388 discussores
910 2325 950 2386 do
977 2325 1049 2387 aliis
1072 2326 1252 2410 provinciis

114 2408 396 2554 nondinstitnant,
419 2408 481 2470 nisi
496 2408 536 2470 de
556 2407 641 2488 loco,
663 2406 722 2492 qui
740 2407 895 2470 iustitiam
913 2409 1096 2493 percipiant
1118 2417 1151 2473 et
1178 2413 1253 2474 aliis

112 2492 176 2555 red
199 2501 265 2554 ant.

195 2574 269 2638 XX.
312 2573 454 2656 Agentes
469 2571 569 2657 igitur
589 2569 823 2657 Episcoporum
841 2581 897 2636 aut
914 2581 1085 2658 potentum
1109 2597 1170 2660 per
1189 2601 1252 2675 po·
1311 2591 1317 2602 ’

110 2666 262 2722 testatem
283 2657 407 2718 nullius
430 2657 479 2718 rei
506 2656 643 2718 collecta
667 2656 780 2717 solatia
806 2679 866 2719 nec
885 2657 1044 2737 auferant,
1062 2679 1123 2722 nec
1144 2682 1251 2724 eurus·

107 2761 246 2824 cunque
266 2749 488 2822 contemptum
503 2729 563 2818 pe'r
583 2759 616 2800 se
638 2739 744 2800 facere
762 2761 826 2800 non
843 2749 1057 2822 praesumant.

195 2821 292 2886 XXl.
332 2821 476 2884 Porcarii
493 2821 615 2883 fiscales
636 2821 669 2881 in
693 2821 798 2904 sylvas
817 2821 1037 2883 Ecclesiarum
1058 2831 1114 2883 ant
1137 2823 1249 2906 priva-

108 2915 220 2969 torum
243 2906 364 2988 absque
387 2905 554 2968 voluntate
574 2903 763 2988 possessoris
794 2905 828 2965 in
850 2904 954 2989 syleas
982 2926 1096 2967 eorum
1118 2905 1248 2989 ingredi

111 3011 181 3051 non
202 2997 417 3070 praesumant.
1119 3055 1121 3058 ,

194 3069 308 3137 XXII.
348 3072 461 3154 Neque
481 3067 662 3152 ingenuus,
690 3085 797 3152 neque
822 3089 956 3149 servus,
984 3069 1042 3153 qui
1063 3091 1137 3132 eum
1158 3069 1246 3132 furto

109 3175 180 3216 non
204 3153 472 3237 deprehenditur,
493 3153 532 3212 ab
556 3151 718 3214 iudicibus
739 3159 795 3211 eut
814 3151 854 3211 ad
873 3173 1102 3238 quemcunque
1124 3153 1247 3217 interfi-

109 3239 143 3298 ci
168 3257 234 3298 non
256 3235 371 3297 debeat
392 3235 565 3300 inauditus.

195 3315 323 3381 XXlll.
366 3321 408 3381 Et
426 3315 690 3401 quandoquidem
709 3315 811 3398 pastio
832 3337 897 3376 non
917 3317 1026 3399 luerit,
1049 3321 1137 3385 unde
1152 3323 1245 3404 porci

109 3423 179 3464 non
202 3401 342 3462 debeant
362 3399 512 3484 saginari,
533 3399 713 3461 cellarinsis
736 3397 769 3457 in
795 3399 928 3480 publico
951 3421 1017 3462 non
1044 3405 1202 3488 exigatur.

194 3483 322 3547 XXIV.
364 3485 561 3565 Quicunque
575 3504 652 3544 vero
666 3481 749 3542 hane
765 3479 1040 3563 deliberationem,
1054 3508 1151 3569 quam
1170 3509 1245 3548 cum

108 3566 327 3631 Pontificibus
351 3567 405 3628 vel
434 3575 498 3626 tam
526 3565 649 3648 mugnis
676 3563 755 3627 viris
778 3565 987 3646 optimatibus
1014 3579 1069 3630 aut
1092 3569 1244 3632 fidelihus

109 3649 230 3712 nostris
252 3649 285 3710 in
311 3647 458 3734 synodali
483 3647 633 3708 Concilio
650 3644 857 3723 instituimus,
880 3657 1036 3712 temerare
1053 3673 1244 3735 praesump-

108 3733 200 3812 serit,
223 3731 257 3792 in
281 3731 386 3816 ipsum
407 3729 537 3813 capitali
559 3730 719 3792 sententia
740 3729 1077 3816 iudicetur,·qualiter
1096 3733 1154 3794 elii
1176 3756 1242 3795 non

109 3815 252 3876 debeant
272 3815 390 3876 similia
410 3821 606 3896 perpetrare.

191 3899 299 3976 Quam
318 3895 541 3960 auctoritatem
564 3895 616 3957 rel
637 3893 780 3956 edictum
798 3893 962 3978 perpetuis
978 3896 1174 3980 temporibus
1189 3920 1242 3961 va-

108 3979 247 4040 liturum
267 3994 382 4041 manus
414 3987 541 4039 nostrae
562 3975 849 4060 subscriptionibus
870 3978 1069 4041 decrevimus
1090 3983 1242 4042 roboran-

109 4062 197 4123 dum.
240 4064 418 4126 Hsnrucus.
460 4061 771 4140 Cnsoraeusamsiu
790 4058 1058 4124 Christinomine
1079 4061 1240 4126 Rexhanc

111 4144 335 4206 definitionem
355 4143 476 4208 subseri
501 4143 540 4204 si:
594 4139 596 4146 '

190 4230 273 4289 Data
302 4226 363 4289 sub
396 4227 449 4289 die
513 4225 552 4290 V.
581 4224 740 4288 calendas
772 4224 983 4304 Novembris,
1012 4245 1098 4288 anno
1120 4228 1238 4296 XXXI.

111 4310 203 4394 regni
225 4310 338 4390 nostri,
358 4309 509 4376 Parisios.
