2958 4986
332 315 473 375 ecee.
571 312 715 370 ⁴saneim
741 310 979 373 FRANCORUM
1082 312 1147 375 tto.
1267 297 1314 370 93

182 457 324 536 aiensi,
341 465 373 518 et
386 455 536 518 nesciunt
554 454 642 538 qubd
666 453 752 516 idem
773 463 819 516 est
836 455 924 516 Deus
943 453 1032 536 qubd
1047 453 1161 516 caritas
1179 466 1211 519 et
1228 459 1317 521 veri·-

182 557 249 624 tas,
279 543 407 605 dicente
428 539 548 600 Ioanne
571 537 743 620 Apostolo‚
774 537 851 620 quia
875 541 970 600 Deus
994 539 1110 597 ceritas
1135 555 1191 600 cst.
1234 543 1316 604 Item

183 630 252 712 ipse
267 623 427 686 Dominus
446 621 481 680 in
498 619 683 702 evangelio:
706 619 773 700 Ego
792 641 860 678 sum
880 622 936 680 via
948 633 979 680 et
993 622 1123 680 veritas.
1165 623 1243 686 Idcb
1260 623 1317 706 qui

183 713 219 772 in
245 707 381 770 veritate
403 714 436 766 et
459 703 589 764 caritate
611 703 716 779 Iurat,
744 702 778 762 in
797 703 868 762 Deo
890 702 982 762 iurat.
1033 703 1114 762 Item
1139 707 1319 768 cavendum

185 802 233 856 est
262 811 304 851 ne
326 785 516 850 'Pharisa'icd
537 785 765 869 superstitione
790 783 909 866 aliquis
934 784 1007 866 plus
1034 806 1147 846 aurum
1181 787 1322 850 honoret

183 873 282 959 quim
300 873 414 942 altare;
438 890 479 930 ne
497 868 583 930 dicet
600 867 630 928 ci
645 865 820 928 Dominus:
852 867 969 941 Stulte,
990 881 1020 928 et
1040 867 1182 950 quidest
1204 875 1318 946 nasius,

179 976 298 1028 aurum
311 977 353 1016 cn
378 954 478 1013 altore
495 949 583 1034 quod
599 947 779 1034 sanctificet
800 951 932 1020 surum.)
962 951 1081 1012 Sedet
1103 953 1320 1014 nobishone-

142 1043 144 1050 ’
179 1049 271 1108 stum
288 1037 423 1098 ‘ridetur
441 1034 551 1116 utqui
575 1033 609 1094 in
633 1032 751 1095 sanctis
769 1031 865 1092 habet
887 1031 1011 1110 iurare,
1032 1031 1095 1093 hoc
1117 1034 1248 1097 ieiunus
1271 1038 1320 1097 fe·

186 1111 269 1198 ciat,
299 1116 481 1181 cumomni
504 1117 628 1178 honore
650 1124 682 1176 et
700 1115 814 1176 timore
835 1114 906 1176 nei.
947 1117 990 1176 Et
1006 1115 1085 1177 sciat
1105 1139 1138 1178 se
1158 1119 1319 1180 rationem

185 1203 389 1266 redditurum
402 1203 474 1261 Deo
494 1198 717 1280 unusquisque
733 1197 885 1276 restrium,
908 1197 1096 1281 ubieunque
1114 1200 1165 1278 sit,
1187 1203 1254 1263 sive
1274 1202 1323 1262 in·

184 1296 236 1347 tra
256 1283 445 1360 Ecclesiam,
466 1282 534 1344 sive
549 1279 642 1342 extra
664 1279 854 1342 Ecclesiam.
896 1281 938 1340 Et
952 1291 988 1341 ut
1008 1283 1149 1364 parvuII‚
1171 1284 1228 1366 qui
1250 1285 1320 1346 sine

185 1365 373 1431 rationabili
388 1373 488 1426 aetate
505 1373 594 1442 sunt,
618 1385 684 1424 non
703 1372 862 1444 cogantur
886 1362 1004 1442 iurare,
1031 1363 1114 1425 sicut
1128 1366 1322 1430 Gunehodi-

186 1451 243 1535 gni
256 1462 290 1526 e)
312 1447 448 1510 faciunt.
488 1447 532 1507 Et
547 1447 606 1528 qui
627 1447 726 1508 semel
746 1445 928 1528 periuratus
947 1447 1066 1524 fuerit,
1095 1467 1156 1510 nec
1173 1451 1264 1512 testis
1281 1449 1323 1511 sit

183 1533 347 1618 posthaec,
370 1552 431 1592 nec
447 1530 487 1590 ad
508 1538 742 1591 sacramentum
761 1528 902 1608 accedat,
928 1551 989 1591 neo
1013 1530 1048 1590 in
1069 1552 1126 1592 sua
1150 1553 1245 1594 cansa
1267 1531 1320 1597 vel

185 1615 318 1679 alterius
339 1614 461 1677 iurator
476 1612 599 1674 existat.

466 1721 516 1780 De
540 1721 751 1822 auguriiscel
769 1721 841 1781 aliis
863 1717 1039 1806 maleficiis.

400 1813 402 1820 ⁴
482 1811 484 1816 ’
599 1825 631 1888 0
653 1848 684 1891 M
708 1849 734 1892 N
756 1848 814 1892 113
839 1847 861 1891 u
877 1841 911 1892 s.

216 2004 221 2014 ¹
269 1937 384 2000 LXIII.
418 1938 498 1996 Item
525 1933 680 1996 habemns
705 1934 739 1994 in
767 1936 839 2016 Iege
860 1936 993 1998 Domini
1020 1937 1222 2000 mandatum:
1250 1941 1323 2004 Non

186 2021 416 2104 catguriamini;
439 2029 470 2079 et
491 2019 524 2078 in
539 2018 811 2079 Deuteronomio:
833 2019 932 2082 Nemo
950 2023 992 2080 sit
1008 2023 1064 2103 qui
1079 2023 1199 2083 ariolos
1217 2027 1324 2086 scisci·

186 2121 288 2176 tetur,
311 2103 365 2162 uel
388 2103 509 2162 somnia
527 2102 693 2173 observet,
731 2101 786 2160 vel
809 2099 853 2160 ad
874 2106 1007 2182 aragonia
1029 2103 1181 2174 intendat.
1225 2107 1322 2167 Item:

186 2189 287 2250 Nemo
311 2187 352 2244 sit
378 2182 559 2268 maleficus,
588 2203 644 2243 nec
668 2185 864 2256 incantator,
897 2206 953 2246 ncc
974 2185 1129 2264 Pythonis
1153 2190 1324 2251 consultor.

187 2270 266 2331 Ideb
295 2267 510 2350 praecipimus
532 2275 568 2326 ut
590 2287 652 2326 nec
678 2265 901 2330 cauculatores
930 2277 963 2328 et
998 2269 1231 2350 incantatores,
1263 2294 1324 2334 nec

187 2348 385 2433 tempestarii
418 2349 472 2410 vel
502 2348 695 2430 obligatores
726 2370 792 2409 non
819 2349 917 2422 fiant;
958 2359 990 2412 et
1018 2351 1207 2433 ubicunque
1235 2365 1324 2433 sunt,

189 2433 421 2510 emendentur,
447 2431 501 2494 vel
528 2431 729 2492 damnentur.
781 2432 861 2492 Item
890 2434 929 2494 de
954 2433 1121 2496 arboribus
1148 2436 1201 2498 vel
1224 2438 1325 2519 petris

188 2513 425 2593 vellentibus,
453 2512 509 2574 uhi
530 2512 633 2595 aliqui
649 2512 740 2584 stulti
759 2513 932 2576 luminaria
955 2517 1007 2579 vel
1033 2518 1110 2580 elias
1130 2518 1326 2582 ohservatio-

189 2621 248 2662 nes
268 2598 412 2675 faciunt,
440 2596 574 2656 omnino
594 2597 782 2658 mandamus
803 2607 839 2657 ut
859 2597 918 2660 iste
937 2599 1092 2682 pessimus
1112 2622 1188 2662 usus
1205 2611 1236 2664 et
1254 2605 1325 2667 Deo

117 2745 121 2754 ,
187 2681 391 2758 execrabilis,
415 2679 604 2760 ubicunque
624 2678 804 2759 invenitur,
833 2681 967 2742 tollatur
984 2691 1016 2744 et
1032 2683 1225 2747 destruatur.

194 2823 198 2830 .
250 2791 299 2850 De
319 2787 395 2851 odio
410 2787 465 2850 vel
478 2783 632 2930 invidia&
656 2785 699 2847 Et
719 2787 759 2848 dc
780 2789 918 2848 avaritia
931 2789 986 2848 vel
1000 2791 1262 2874 concupiscentia.

654 2887 684 2930 M
709 2889 736 2933 Ν
757 2889 771 2932 1
794 2889 817 2932 Β
841 2889 864 2932 u
889 2891 914 2933 s.

270 2977 384 3039 LXIV.
417 2975 610 3038 Praedicare
632 2995 762 3036 necesse
783 2984 831 3036 est
847 2986 1003 3058 quantum
1020 2977 1141 3038 malum
1155 2976 1196 3038 sit
1214 2977 1326 3041 odium

187 3062 244 3126 vel
266 3059 405 3130 invidia;
429 3059 505 3139 quie
531 3058 566 3118 in
593 3059 665 3139 Iege
691 3057 930 3139 scriptumest:
961 3061 1034 3120 Non
1060 3059 1168 3121 oderis
1184 3057 1326 3141 fratrem

187 3159 277 3206 tuum
300 3145 334 3201 in
360 3139 457 3201 corde
482 3153 557 3213 too,
589 3141 648 3200 sed
672 3139 798 3223 publice
821 3161 917 3220 argue
944 3163 1022 3202 enm.
1076 3144 1158 3204 Item
1187 3145 1350 3208 Ioannes*

186 3223 412 3308 Evangelista:
446 3223 510 3306 Qui
530 3223 602 3284 odit
617 3221 758 3302 fratrem
779 3244 889 3294 suum,
913 3224 1074 3286 homicida
1089 3237 1144 3284 cst.
1188 3227 1268 3288 Item
1290 3229 1323 3288 in

187 3306 375 3389 evangelio:
404 3305 442 3366 Si
458 3307 641 3389 peccaverit
661 3305 695 3362 in
713 3317 743 3364 te
758 3303 869 3385 frater
888 3319 980 3378 tuns,
1014 3307 1117 3380 vade,
1149 3321 1180 3368 et
1200 3314 1325 3395 corripe

186 3391 260 3452 eum
278 3392 361 3450 inter
382 3399 412 3447 tc
441 3401 471 3448 ct
498 3389 602 3470 ipsum
623 3385 742 3447 solum.-
775 3397 807 3448 et
833 3397 958 3450 caetera
980 3411 1062 3472 quae
1088 3389 1133 3451 ibi
1161 3391 1325 3474 leguntur.

185 3475 238 3534 De
270 3469 402 3533 avaritia
433 3479 541 3530 autem
565 3467 757 3552 Apostolum
784 3469 923 3552 legimus
949 3471 1125 3533 dicentem:
1162 3474 1324 3548 Avaritia,

185 3575 268 3638 quac
288 3552 512 3614 estidolorum
533 3553 692 3620 servitus,
723 3553 868 3613 cavenda
889 3562 946 3613 est.
988 3557 1037 3615 De
1061 3556 1326 3637 concupiscentia

185 3658 268 3698 vero
291 3635 411 3717 legitur
428 3634 517 3716 quod
537 3635 629 3696 radix
659 3632 700 3694 sit
723 3633 867 3695 omnium
892 3635 1060 3698 malorum.
1107 3638 1149 3698 Et
1172 3637 1207 3698 in
1234 3640 1325 3723 Iege:

185 3719 264 3782 Non
282 3719 482 3802 concupisces
496 3737 563 3778 rem
576 3717 722 3802 proximi
739 3717 794 3776 tui.

618 3823 667 3882 De
689 3823 881 3886 homicidiis.

578 3901 935 3970 Omurnus

269 4015 367 4078 LXV.
401 4015 484 4076 Item
498 4023 535 4074 ut
551 4012 725 4074 homicidia
748 4011 832 4073 infre
844 4014 988 4096 patriam,
1015 4014 1099 4077 sicut
1115 4016 1150 4076 in
1169 4017 1240 4098 lege
1258 4019 1326 4078 Do-'

182 4097 269 4162 mini
284 4096 495 4158 interdictum
511 4105 577 4174 est,
607 4117 668 4158 nec
685 4097 780 4158 cause
804 4097 937 4160 ultionis
957 4099 1018 4160 nec
1034 4100 1186 4162 avaritiae
1201 4121 1262 4162 nec
1278 4100 1336 4183 la-⁴

220 4261 253 4324 a)
269 4235 306 4308 al.
324 4273 385 4310 mss.
406 4239 606 4328 Buntgodingi,
628 4253 838 4330 Guntbodingi,
859 4255 1032 4330 Gobodingo,
1061 4252 1258 4326 Guntbadingi.
