2958 4986
231 317 305 394 ιιι
487 335 521 393 s.
541 333 630 394 cna.
732 333 992 396 canrasana
1094 339 1158 402 rso.

227 489 306 558 tate,
328 485 361 540 et
379 475 437 560 qui
456 499 516 561 pro
535 479 640 542 salute
658 498 730 541 mea
746 501 959 563 meorumque
971 479 1128 560 fidelium,
1148 479 1245 543 immo
1262 489 1296 542 et
1310 503 1368 566 pro
1445 457 1446 504 l

228 563 331 624 totius
349 560 524 624 stabilitate
546 560 641 645 regni
656 563 792 625 achina
816 567 888 626 Deo
907 563 974 626 dati
996 563 1226 640 intercederet,
1253 574 1287 625 et
1312 587 1368 647 pa-

227 646 322 708 terni
342 645 463 728 pietate
484 665 543 706 nos
559 643 593 706 in
609 645 715 707 lilium
728 646 790 708 sibi
806 647 981 732 adoptaret.
1026 646 1078 709 Ad
1100 645 1288 708 dilectionis
1312 669 1369 729 pa-

228 729 354 792 cificam
373 726 621 789 unanimitatem
639 727 868 814 Angilbertum
887 730 1071 792 manualem
1088 737 1213 796 vestrae
1228 727 1369 789 familia·

227 811 332 874 ritatis
352 819 478 872 restrae
493 811 674 874 direximus
696 813 869 893 sanctitati,
889 835 988 896 quem
1007 813 1109 897 priris,
1139 813 1224 875 sicut
1250 812 1370 896 promi-

227 896 339 972 simus,
351 913 413 977 per
432 893 601 976 religiosos
618 895 708 964 viros
718 897 909 980 Campolum
925 906 958 960 et
985 895 1199 972 Mastusium,
1223 895 1372 956 beatissi.

227 1000 282 1041 mo
296 977 381 1062 patri
402 984 512 1038 nostro
532 978 773 1061 praedecessori
790 990 898 1046 vestro
921 980 1061 1064 dirigere
1085 978 1286 1040 curavimus:
1313 977 1368 1038 sed

164 1135 168 1142 ,
228 1072 266 1124 ut
283 1058 420 1146 praefati
435 1081 557 1138 snmus,
578 1060 656 1124 dam
681 1062 798 1124 exenia
824 1063 932 1136 omnia
961 1072 1071 1146 parata
1104 1069 1207 1138 erant,
1235 1059 1368 1143 lugubri
1447 1080 1448 1138 a

226 1153 381 1234 paternae
400 1143 512 1204 mortis
534 1143 651 1206 nuntio
670 1147 807 1230 repente
822 1147 982 1212 tardatum
1002 1155 1051 1208 est
1070 1145 1133 1206 iter
1161 1143 1262 1206 illius.
1284 1143 1367 1220 ‚sea

226 1227 325 1290 modo
346 1225 497 1288 laetiores
510 1225 551 1288 de
567 1237 693 1289 vestrae
725 1229 904 1292 sanctitatis
932 1228 1136 1292 successione
1162 1227 1253 1304 facti,
1280 1226 1368 1308 quod

229 1307 485 1373 desideravimus
500 1308 534 1368 in
549 1309 608 1372 illo
627 1311 682 1408 pio
694 1321 784 1394 patre
804 1333 900 1398 agere
917 1313 951 1373 in
980 1311 1071 1376 robis
1089 1310 1247 1395 perlicere
1264 1309 1368 1370 stude·

228 1415 312 1471 mus,
356 1391 477 1474 llliqne
497 1392 607 1454 omnia
631 1394 835 1458 1niunximus
863 1417 947 1478 quae
978 1395 1032 1458 vel
1065 1393 1159 1455 nobis
1182 1392 1367 1456 voluntaria
1448 1430 1449 1474 ,

227 1477 282 1540 vel
300 1473 390 1536 vohis
410 1474 591 1538 necessaria
612 1496 680 1539 esse
701 1477 912 1551 videbantur;
935 1487 971 1539 nt
986 1499 1027 1540 ex
1047 1477 1234 1538 conlatione
1256 1483 1367 1534 mutua
1448 1475 1449 1510 ³

176 1553 178 1564 ¹
228 1558 402 1622 conferatis
416 1559 471 1620 rel
487 1559 647 1702 quicgpid
665 1559 707 1622 ad
724 1561 954 1623 exaltationem
972 1569 1099 1623 sanctae
1113 1560 1176 1620 Dei
1189 1557 1365 1634 Ecclesiae,

228 1642 283 1706 vel
302 1641 343 1702 ad
356 1641 570 1726 stabilitatem¹
606 1642 716 1704 onoris
735 1645 851 1707 restris
865 1645 918 1708 vel
933 1643 1119 1728 patriciatus
1141 1643 1246 1704 nostri
1264 1638 1365 1700 firmi-

227 1735 327 1787 tatem
346 1724 564 1786 necessarium
577 1725 813 1808 intelligeretis.
854 1727 948 1788 Sicut
971 1726 1060 1788 enim
1083 1747 1159 1786 cnm
1183 1723 1369 1788 beatissimo*

226 1808 474 1953 praedecessore
493 1818 616 1870 vestrae
635 1819 761 1872 sanctae
783 1808 984 1894 paternitatis
1004 1819 1134 1893 pactum
1150 1807 1222 1884 inii,
1234 1807 1283 1868 sic
1296 1827 1367 1867 cum

251 1891 431 1954 catitudinc
445 1901 551 1954 vestra
570 1891 717 1954 eiusdem
735 1892 812 1954 fidei
828 1901 860 1954 et
879 1893 1020 1954 caritatis
1040 1890 1231 1952 inviolabile
1252 1889 1366 1950 foedus

228 1983 368 2038 statuere
384 1974 548 2046 desidero;
572 1975 733 2058 quatenus
750 1975 945 2058 apostolicae
976 1975 1137 2038 sanctitati
1158 1981 1297 2050 vestrae,
1323 1970 1367 2031 di·

227 2057 305 2121 vini
327 2057 469 2119 donante
483 2057 594 2141 gratia,
611 2059 803 2120 Sanctorum
819 2058 985 2138 advocati,
1005 2057 1156 2142 precibus
1174 2079 1225 2118 me
1245 2055 1365 2137 ubique
1450 2135 1451 2140 η

231 2138 408 2223 apostolica
431 2140 619 2204 benedictio
646 2151 884 2224 consequatur,
916 2151 949 2202 et
972 2141 1171 2204 sanctissima
1205 2139 1364 2198 Romanae

226 2221 394 2286 Ecclesiae
407 2224 511 2302 sedes,
533 2226 605 2286 Deo
626 2225 780 2303 donante,
795 2227 903 2288 nostra
924 2245 991 2286 sem
1015 2245 1051 2285 er
1063 2221 1237 2286 devotione
1256 2221 1365 2282 defen-

229 2306 334 2368 datur.
376 2305 527 2368 Nostrum
544 2316 602 2383 est,
618 2307 798 2370 secundam
816 2308 977 2368 auxilium
990 2245 1120 2373 divinae
1140 2303 1282 2388 pietatis,
1293 2323 1364 2364 san-

228 2397 313 2450 ctam
330 2387 453 2470 ubique
467 2389 597 2452 tChristi
617 2389 797 2454 Ecclesiam
820 2391 860 2452 ab
884 2391 1019 2454 incursu
1043 2409 1242 2472 paganorum
1266 2395 1300 2446 et
1326 2383 1363 2443 ah

228 2471 415 2532 infidelium
436 2473 655 2536 devastatione
669 2474 764 2536 armis
784 2473 974 2554 defendere,
994 2473 1074 2542 foris
1089 2481 1122 2533 ct
1144 2471 1231 2532 intias
1253 2467 1365 2530 catha-s

227 2555 311 2614 licae
336 2553 414 2617 fidei
433 2557 599 2640 agnitione
624 2557 763 2618 munire.
804 2559 958 2622 Vestrum
974 2565 1033 2636 est,
1047 2553 1245 2618 sanctissime
1262 2560 1363 2636 pater,

229 2637 365 2700 elevatis
385 2638 426 2699 sd
442 2641 550 2701 Deum
564 2661 640 2702 cum
655 2641 765 2724 Moyse
790 2641 951 2719 manibus,
967 2649 1108 2702 nostram
1126 2637 1282 2699 adiuvare
1306 2631 1364 2692 mi-

228 2719 351 2791 litiam;
375 2723 536 2804 quatenus
552 2723 643 2786 vobis
656 2723 946 2802 intercedentibus,
954 2725 1026 2784 Deo
1041 2723 1176 2783 ductore
1193 2729 1227 2780 et
1243 2719 1363 2790 datore,

227 2801 369 2888 populus
386 2803 590 2868 Christianus
609 2827 707 2890 saper
721 2805 870 2868 inimicos
887 2806 938 2868 sui
959 2805 1062 2868 sancti
1087 2802 1228 2865 nominis
1243 2800 1364 2889 ubique

228 2907 356 2971 semper
371 2885 488 2949 habeat
504 2888 685 2966 victoriam,
699 2899 731 2950 et
745 2911 864 2951 nomen
875 2887 1010 2950 Domini
1029 2886 1130 2949 nostri
1153 2887 1227 2946 lesu
1247 2883 1364 2944 carisa

228 2979 298 3030 toto
313 2969 512 3033 clarificetur
524 2972 559 3032 in
581 2971 668 3036 orbe.
679 2974 814 3036 Vestrae
829 2973 908 3034 verb
922 2971 1121 3032 auctoritatis
1129 2965 1305 3052 prudentia
1319 2983 1366 3024 ca-

229 3074 334 3113 nones
356 3053 478 3136 ubique
497 3065 665 3138 sequatur;
700 3055 860 3138 quatenus
884 3053 983 3116 totius
1011 3051 1187 3116 sanctitatis
1219 3046 1365 3132 exempla

229 3135 380 3196 omnibns
396 3135 568 3200 evidenter
587 3137 622 3198 in
638 3149 744 3202 vestra
759 3137 906 3221 fulgeant
923 3137 1179 3214 conversatione,
1194 3143 1227 3195 et
1239 3139 1364 3193 sanctae

229 3217 458 3281 admonitionis
471 3219 653 3285 exhortatio
666 3221 815 3282 audiatur
827 3220 866 3280 ab
879 3243 944 3293 ore;
958 3221 1118 3303 quatends
1131 3219 1178 3281 sic
1189 3217 1299 3278 luceat
1310 3210 1365 3273 lu'x

229 3309 336 3361 vestra
349 3323 458 3362 coram
470 3302 655 3366 hominibus
669 3313 705 3365 ut
718 3303 851 3366 videant
864 3325 963 3388 opera
976 3313 1082 3366 vestra
1094 3304 1191 3380 bona,
1205 3308 1238 3360 et
1250 3293 1366 3380 glorifi-

229 3391 306 3444 cent
314 3384 445 3446 Patrem
457 3396 602 3448 restrum
613 3386 670 3470 qui
685 3387 719 3446 in
733 3386 833 3448 coelis
847 3397 904 3448 est.
917 3385 1229 3468 OmnipotensDeus
1242 3389 1365 3442 vestrae

229 3466 680 3548 auctoritatisbeatitudinem,
690 3468 864 3531 adsanctae
873 3463 1367 3536 suaeEcclesiaeexaltationem,

227 3551 410 3632 permulta
431 3573 591 3614 annornm
610 3552 758 3614 curicula
778 3551 976 3633 incolumem
996 3569 1188 3614 conservare
1206 3547 1366 3631 dignetur.

530 3699 870 3762 EPISTOJLAE
910 3700 1065 3761 DUAE

475 3789 524 3859 ad
564 3786 687 3859 Offam
726 3787 866 3880 Regem
884 3782 1133 3862 ¹Marciorum.

272 3905 296 3965 I.
318 3903 382 3966 De
399 3906 658 3997 Peregrinarum,
691 3907 931 3987 Negotiator-am
954 3929 991 3968 ae
1020 3905 1215 3990 patricinio;
1263 3915 1294 3968 et
1329 3901 1366 3962 de

355 3993 452 4086 apriis
469 3991 662 4061 muneribus,
689 4009 768 4132 page
786 4011 848 4074 pro
867 3989 902 4048 H
948 3991 1033 4050 niani
1051 3989 1160 4076 Papae
1181 3988 1290 4054 anima
1300 3988 1367 4048 mit·

356 4086 395 4134 ιιι
414 4071 461 4134 ad
470 4071 610 4152 singulas
623 4069 688 4134 Ecc
703 4093 783 4133 estas
804 4092 894 4154 regna
919 4073 998 4140 eiua,

228 4151 418 4288 Kranaos,
438 4209 539 4293 gratia
559 4211 621 4274 Dei
639 4211 709 4274 Rex
722 4211 923 4276 Francorum
947 4221 980 4281 et
1002 4210 1301 4298 Langobardorum,
1337 4215 1366 4266 ct

231 4291 390 4365 Patricius
407 4291 635 4376 Romanorum,
653 4294 737 4361 Viro
760 4295 949 4359 venerando
964 4304 996 4362 et
1011 4297 1103 4364 iratri
1124 4294 1287 4358 carissimo
1308 4291 1367 4354 ol-
