2920 4972
1045 327 1106 390 ns.
1233 315 1277 388 ta

230 470 314 536 XVI.
355 471 478 555 Siquis
497 471 537 533 nd
551 473 721 554 vestigium
745 471 945 548 minandum,
967 472 1018 534 vel
1034 473 1193 538 latronem
1203 500 1276 561 per·

152 556 348 638 sequendum
367 556 548 628 admonitus
575 559 687 617 venire
712 553 872 632 noluerit,
894 556 1042 639 quinque
1064 556 1174 622 solidis
1197 584 1278 623 con..

153 639 326 702 damnetur.

204 723 206 732 '
229 720 333 782 XVII.
375 723 421 782 Ea
438 721 567 804 quaein
587 721 649 782 Dei
667 719 796 782 nomine
811 720 895 804 pacis
912 729 1025 782 tenore
1040 721 1278 810 constituimus,

152 805 185 865 iu
205 813 394 888 perpetuum
414 807 562 866 volumus
582 803 754 864 custodire.

226 885 352 948 XVlll.
393 889 462 948 Hoc
484 897 673 962 statuentes,
698 895 732 946 ut
754 885 779 947 si
800 885 872 965 quis
892 905 931 944 ex
957 883 1117 948 iudicibus
1143 886 1206 952 hoc
1226 891 1280 956 de·

149 979 271 1032 cretum
291 969 413 1031 violare
433 971 693 1056 praesumpserit,
715 967 800 1030 vitae
821 969 1006 1052 periculum
1021 969 1188 1035 subiacere
1208 995 1280 1060 cog-

147 1061 266 1114 noscat.
607 1052 812 1135 Explicit.

286 329 426 391 MHR.
539 331 674 388 REGUM
695 329 932 388 FuaNconUn
971 327 974 334 ’

233 1199 500 1281 curarunt
542 1216 869 1279 canossam
912 1215 967 1282 11.
1010 1219 1184 1284 ansts

281 1329 327 1398 In
342 1328 714 1398 ConcilioParisiensi
729 1326 775 1397 V.
789 1329 912 1395 ilatum
931 1352 963 1402 a.
982 1328 1139 1402 DCXV.

142 1449 319 1520 Edictum
337 1453 397 1523 ael
417 1451 636 1524 Constitutio
657 1449 787 1540 inclyti
811 1449 1002 1542 Principis
1022 1451 1291 1527 chlotacharii·

140 1551 256 1641 Regis
270 1575 386 1643 super
404 1575 546 1620 omnem
558 1549 704 1645 plebem
726 1551 765 1618 in
794 1563 975 1619 reticente
1001 1551 1280 1648 Episcoporum

140 1650 179 1719 iu
208 1651 363 1739 Synodo
394 1651 779 1735 parisiacensium,
804 1647 872 1715 snt
895 1651 956 1718 die
980 1653 1108 1742 quinto
1133 1657 1277 1725 decimo

144 1749 333 1821 Catenates
357 1749 591 1835 Novembris,
617 1775 717 1819 nureo
747 1748 899 1816 XXXI.
930 1754 1183 1850 suprascripti
1206 1757 1279 1826 Re·

574 1873 637 1942 gis
663 1872 823 1942 nuperae.
973 1871 975 1876 ·

140 1957 360 2092 Felicitatem
377 2015 471 2098 regni
493 2015 591 2076 nostri
612 2016 644 2074 in
671 2011 734 2074 ltoc
747 2012 845 2096 magis
865 2014 1030 2099 magisque
1047 2015 1157 2079 divino
1173 2017 1277 2084 iuter-

141 2099 275 2160 cedente
298 2098 448 2182 suffragio
468 2119 671 2160 succrescere
693 2118 758 2158 nou
774 2097 909 2158 dubium
928 2109 984 2176 est,
1007 2098 1033 2160 si
1053 2100 1184 2182 quaein
1201 2125 1277 2187 reg-

141 2202 182 2242 no
207 2183 280 2242 Deo
295 2183 436 2264 propitio
452 2191 560 2244 nostro
574 2181 657 2242 bene
672 2191 758 2256 acta,
781 2189 908 2260 statuta,
931 2191 1027 2262 atque
1049 2183 1179 2244 decreta
1191 2197 1277 2265 sunt,

141 2262 378 2328 inviolabiliter
397 2274 506 2326 nostro
521 2263 739 2326 studuerimus
763 2271 906 2346 tempore
927 2263 1109 2343 custodire,
1143 2275 1174 2328 et
1194 2289 1277 2348 quae

140 2356 253 2408 contra
276 2345 413 2408 rationis
442 2347 590 2408 ordinem
620 2356 690 2407 acta
711 2344 765 2408 vel
786 2345 932 2407 ordinata
953 2356 1049 2424 sunt,
1071 2369 1112 2408 ne
1135 2347 1277 2430 inantea,

141 2429 228 2512 quod
243 2429 543 2508 avertatdivinitas,
556 2429 757 2512 contingant,
772 2427 1025 2512 disposuerimus
1043 2429 1171 2493 Christo
1187 2455 1278 2515 prae·

140 2513 208 2575 sule
235 2533 299 2595 per
323 2511 422 2574 huius
445 2513 542 2574 edicti
569 2513 669 2574 nostri
699 2521 845 2572 tenorem
870 2512 1064 2594 generaliter
1093 2517 1277 2586 emendare.

139 2595 283 2676 Ideoque
312 2593 511 2657 delinitionis
530 2605 656 2657 nostrae
679 2604 727 2656 est
748 2603 784 2654 ut
796 2615 957 2655 canonum
978 2605 1095 2657 statuta
1116 2596 1150 2656 iu
1174 2600 1276 2659 omni·

138 2677 196 2738 bus
217 2688 466 2752 conserventur,
490 2688 521 2738 et
542 2679 629 2761 quod
650 2699 709 2759 per
735 2687 880 2760 tempora
909 2699 950 2738 ex
978 2677 1042 2740 hoc
1069 2683 1276 2762 praetermis-

137 2781 206 2822 sum
228 2772 292 2839 cst,
316 2761 370 2825 vel
393 2761 433 2821 de
455 2759 545 2839 hinc,
567 2760 800 2846 perpetualiter
827 2759 1026 2822 observetur.

217 2845 244 2910 1.
290 2845 338 2904 Ita
358 2852 404 2920 ut,
426 2844 586 2926 Episcopo
605 2843 795 2920 decedente,
819 2843 851 2902 in
874 2845 946 2903 loco
966 2843 1077 2926 ipsius,
1098 2843 1154 2925 qui
1176 2867 1194 2904 a
1208 2846 1276 2908 Me·

141 2925 341 3009 tropolitauo
361 2926 506 2987 ordinari
529 2926 714 2987 debetcum
731 2925 1006 3008 provincialibus,
1029 2949 1046 2986 a
1067 2926 1157 2986 clero
1173 2938 1205 2988 et
1219 2949 1275 3010 po-

137 3008 214 3090 pulo
237 3009 393 3091 eligatur3
425 3019 456 3070 et
483 3009 509 3070 si
540 3029 678 3090 persona
699 3009 859 3090 condigna
881 3010 991 3076 fuerit,
1013 3029 1072 3090 per
1093 3009 1273 3072 ordinatio-

139 3112 212 3152 nem
225 3091 390 3171 Priucipis
408 3091 595 3163 ordinetur;
618 3091 671 3150 vel
692 3099 792 3167 certe,
809 3090 835 3152 si
855 3090 894 3152 de
916 3091 1036 3176 palatio
1058 3090 1200 3174 eligitur,
1215 3116 1276 3180 per

137 3175 291 3235 meritum
307 3195 464 3254 personae
484 3173 649 3236 doctrinae
671 3173 848 3234 ordinetur.

118 3264 120 3268 ’
220 3257 264 3321 11.
307 3261 348 3318 Ut
370 3256 481 3318 nullus
510 3257 744 3339 Episcoporum
767 3278 799 3316 se
829 3254 957 3316 vivente
981 3255 1077 3340 eligat
1106 3280 1274 3324 successo·

137 3360 228 3408 rem;
265 3340 322 3402 scd
345 3348 424 3401 tunc
447 3339 530 3401 alius
550 3339 581 3400 ei
604 3339 832 3415 substituatur,
865 3361 938 3397 cum
960 3339 1069 3400 taliter
1089 3342 1276 3406 afficeretur

138 3430 174 3480 ut
193 3422 374 3484 Ecclesiam
388 3445 478 3485 suam
497 3443 558 3484 uec
576 3421 701 3484 clerum
715 3443 826 3504 regere
844 3415 952 3505 possit.
980 3423 1127 3506 Itemque
1146 3435 1181 3485 ut
1201 3427 1274 3488 nul·

136 3583 358 3638 sollicitudinem
381 3604 440 3658 pax
456 3583 603 3656 praedicta
619 3603 679 3639 ser-
726 3585 940 3654 maresestinet,
960 3596 987 3636 et
1003 3585 1139 3638 latronem
1156 3590 1269 3660 perqui·
1323 3590 1326 3597 '

138 3667 232 3708 vetur.
439 3671 442 3674 ·
727 3669 790 3720 rat;
810 3673 887 3726 qrtem
905 3657 931 3706 si
948 3657 979 3706 ire
996 3667 1082 3708 truste
1099 3662 1268 3725 pervenerit,

171 3725 211 3776 Et
226 3723 295 3795 quia
311 3724 480 3795 propitiante
494 3725 619 3784 Domino,
633 3726 679 3776 iu-

139 3805 252 3846 ternos
268 3797 461 3864 germanitatis
480 3797 585 3846 caritas
605 3795 680 3848 indi-

139 3877 223 3934 rupta
245 3865 354 3916 vinculo
375 3863 560 3924 custodiatur,
582 3868 680 3918 Cente-

138 3937 217 3985 narii
226 3938 302 3986 inter
311 3952 462 3986 communes
476 3937 618 3988 licentiam
629 3938 680 3988 lia-

139 4003 222 4056 bsnnt
239 4007 361 4056 latrones
384 4009 514 4078 persequi
536 4008 576 4060 rel
596 4008 681 4060 vesti-

138 4073 187 4141 gia
205 4074 355 4142 adsignata
366 4076 490 4136 minare,
516 4092 542 4130 et
559 4081 590 4128 in
608 4090 680 4130 trut-

139 4155 164 4195 te
183 4152 240 4213 qud
258 4144 411 4218 defecerint
427 4147 500 4198 sicut
511 4146 613 4200 dictum
629 4160 679 4208 est,

141 4225 227 4266 causa
250 4228 407 4277 remaneat,
437 4217 477 4268 ita
500 4230 529 4270 ut
547 4219 680 4271 continuo

142 4280 260 4355 capitale
287 4287 315 4340 ei
338 4287 389 4358 qui
410 4283 567 4356 perdiderit
592 4289 681 4360 refor-

727 3725 897 3777 medietatem
914 3727 969 3776 sibi
985 3725 1114 3778 uindicet
1132 3729 1174 3780 rel
1191 3727 1270 3780 dela·

728 3809 834 3856 turam,
854 3796 984 3863 sisuerit
1010 3793 1042 3846 de
1058 3796 1203 3866 facultate
1226 3801 1270 3850 la-

728 3868 835 3931 tronis,·
861 3881 887 3919 et
912 3867 963 3936 prii
989 3863 1117 3916 damnum
1143 3871 1269 3936 pertulit,

727 3938 877 3990 sarciatur.
913 3936 983 3985 Nam
999 3936 1025 3984 si
1039 3953 1206 4007 persequens
1226 3941 1271 3991 la·

728 4018 833 4058 tranem
841 4007 981 4076 acceperit,
990 4007 1125 4074 integram
1135 4008 1189 4058 sibi
1198 4026 1272 4060 com-

725 4077 887 4146 positionem
906 4076 1026 4128 simulet
1039 4075 1214 4138 solutionem,
1226 4081 1268 4130 rel

748 4143 867 4216 uidquid
891 4144 1031 4212 dispendii
1044 4145 1133 4210 fuerit
1151 4165 1271 4200 revoca·

728 4165 775 4268 iit.
811 4215 914 4268 Fretlus
925 4210 1016 4268 tamen
1026 4215 1130 4268 Iudicis
1141 4219 1171 4270 in
1190 4221 1269 4274 cuius

726 4303 799 4358 pago
817 4298 866 4350 est,
884 4298 1048 4340 reservetur.
