2928 4986
225 313 299 389 att
502 335 536 388 s.
557 335 646 392 cau.
756 333 1018 392 curriculum
1124 330 1190 392 sit.

224 477 359 536 Praeter
372 475 538 557 superiora
554 477 737 556 orteiagiuta
759 475 926 558 Capitale,
958 475 1023 534 alia
1045 474 1182 556 quinque
1203 471 1283 531 aliis
1297 493 1376 557 per-
1449 463 1450 466 ¹

225 560 327 619 urixta
341 569 455 618 extant
468 558 501 616 in
517 557 657 618 editione
675 556 1276 635 Centuriatorumdlagdeburgensium,
1294 577 1376 638 quae

487 660 546 699 nos
566 641 634 699 licie
659 639 810 700 addenda
825 661 892 700 esse
911 641 1098 700 censuimus.

305 743 332 808 I.
383 747 426 804 Ut
445 744 554 804 baculi
574 745 591 805 l
612 745 779 808 Monachis
807 767 865 827 pro
891 743 1079 806 necessitate
1101 751 1157 802 aut
1177 740 1372 804 infirmitate

225 829 386 891 serantur.

301 911 346 972 ll.
391 912 432 971 Ut
452 909 484 968 in
503 908 627 970 ieiunio
648 911 798 987 Quatuor
814 911 1013 992 Temporum
1027 908 1140 969 nullus
1155 907 1248 972 cibus
1266 930 1372 972 suma·

219 1004 272 1054 tur
291 993 375 1056 ulios
400 991 462 1052 nisi
494 991 549 1052 ille
574 991 659 1052 sicut
681 992 713 1052 iu
743 992 996 1076 Quadragesima
1027 991 1243 1054 constitutum
1273 1003 1325 1056 est
1354 993 1371 1052 ai

217 1077 336 1138 sanctis
353 1075 512 1138 Patribus.
559 1073 718 1136 Similiter
738 1075 771 1135 in
792 1075 898 1156 capite
920 1073 1049 1135 ieiunii.

301 1159 364 1222 lll.
406 1160 448 1218 Ut
470 1157 602 1239 quando
622 1155 770 1224 ieiunant
795 1155 961 1234 Monaclri,
985 1155 1138 1218 Officium
1160 1160 1369 1220 Mortuerum

217 1243 404 1304 celebretur
419 1239 606 1321 priusquam
628 1240 739 1301 Lectio
756 1239 831 1300 autb
847 1237 1106 1320 Completorinm
1123 1241 1261 1322 legatur.
1303 1243 1369 1302 De·

217 1325 294 1386 inde
316 1333 393 1385 eant
413 1322 446 1382 in
473 1323 702 1400 refectorium,
736 1323 867 1399 bibant,
900 1329 1025 1404 etpost
1045 1321 1127 1384 haec
1146 1322 1259 1406 legant
1286 1325 1368 1386 Col-

220 1408 406 1469 lectionem.

300 1487 358 1551 lV.
401 1489 443 1548 Ut
465 1486 497 1545 in
518 1483 717 1546 bebdomada
742 1483 884 1546 Paschae
906 1484 940 1545 in
967 1483 1110 1548 clanstro
1132 1507 1196 1547 non
1223 1487 1366 1569 loquan-

216 1583 280 1649 tur,
302 1571 360 1634 sed
379 1569 476 1630 lectio
496 1569 607 1628 ‹livina
628 1569 668 1628 ab
688 1569 838 1629 omnibus
855 1578 1014 1630 teneatur.
1058 1567 1218 1630 Similiter
1235 1571 1268 1630 iu
1286 1569 1365 1634 heb-

216 1654 351 1716 domada
371 1654 595 1728 Pentecostcs,
620 1651 701 1712 etin
721 1651 871 1712 omnibus
887 1650 1002 1712 diebus
1027 1650 1216 1730 dominicis,
1245 1675 1306 1716 seu
1329 1654 1362 1713 iu

213 1736 318 1798 Natali
340 1734 484 1810 Domini,
509 1743 541 1794 et
563 1732 596 1792 in
618 1733 768 1794 omnibus
789 1735 983 1796 Sanctorum
1005 1733 1109 1794 Festis
1126 1735 1322 1816 praecipuis.

299 1819 339 1880 V.
383 1820 425 1878 Ut
446 1817 479 1875 in
503 1815 598 1875 domo
619 1815 820 1878 infirmorum
835 1838 902 1878 uon
920 1815 1118 1878 manducent
1136 1817 1206 1880 sine
1226 1818 1363 1882 licentia

215 1899 350 1979 Prioris,
375 1919 483 1982 neque
504 1897 625 1960 bibant.
803 1897 809 1910 '

635 2065 941 2128 NOTITIA

216 2179 275 2248 De
297 2177 533 2248 Monasteriis
560 2198 653 2266 quae
696 2174 788 2268 Regi
820 2177 998 2264 militiam,
1031 2177 1142 2266 dona,
1175 2179 1237 2250 vel
1262 2177 1360 2250 solas

215 2279 398 2349 orationes
433 2277 581 2357 debent,
607 2276 744 2367 scripta
772 2278 811 2344 in
838 2278 967 2346 eodem
1000 2277 1197 2346 Conventu
1216 2278 1357 2373 Aquis-

614 2445 617 2452 ,
699 2397 877 2464 granensr.

214 2473 333 2590 Auno
349 2526 588 2602 incarnationis
610 2525 742 2586 Domini
764 2527 864 2590 nostri
892 2529 965 2589 lesn
986 2527 1106 2589 Christi
1133 2529 1357 2609 DCCCXVll,

213 2611 439 2678 Hludouvicus
456 2609 679 2670 serenissimus
703 2608 877 2692 Augustus,
904 2611 1015 2672 dirimi
1042 2611 1214 2672 ordinante
1243 2615 1358 2695 provi-

214 2695 336 2768 dentia,
358 2702 556 2760 conventum
569 2692 648 2752 fecit
666 2693 752 2774 apud
767 2693 869 2776 Aquis
889 2695 1002 2756 sedem
1019 2694 1149 2775 regiam,
1174 2694 1358 2777 Episcopo-

169 2834 171 2840 ,
212 2802 297 2854 rum,
313 2777 483 2849 illibatum,
500 2797 558 2834 seu
573 2774 673 2835 totius
694 2775 832 2836 Senatus
852 2778 1068 2839 Francorum:
1091 2775 1148 2836 ubi
1175 2775 1264 2837 inter
1281 2800 1359 2838 cae-

212 2873 296 2924 teras
315 2857 543 2941 'dispositiones
561 2857 690 2940 imperii
719 2859 830 2918 statuit
854 2869 951 2940 utque
980 2857 1190 2921 constitutum
1211 2859 1358 2921 scribere

212 2946 292 3006 fecit
305 2963 387 3024 quae
409 2939 603 3000 Monasteria
626 2939 659 2998 in
677 2959 779 3020 regno
797 2941 849 3002 vel
867 2942 1003 3023 imperio
1027 2963 1085 3002 suo
1107 2939 1191 3000 dona
1212 2951 1244 3002 et
1264 2943 1356 3003 mili-

212 3029 301 3103 tiam,
326 3028 433 3085 facere
459 3030 605 3104 possunt,
621 3043 703 3103 quae
730 3023 799 3083 sola
819 3023 903 3084 dona
924 3023 994 3084 sine
1021 3023 1147 3099 militia,
1173 3043 1257 3104 quae
1273 3047 1358 3086 vero

213 3133 275 3172 uec
298 3111 383 3170 dona
402 3104 698 3181 necmilitiam,sed
718 3106 801 3166 solas
819 3107 980 3168 orationes
1002 3129 1061 3188 pro
1081 3107 1183 3168 salute
1210 3107 1357 3190 impera-

210 3194 291 3254 toris
315 3191 366 3252 vel
399 3187 542 3247 liliorum
558 3187 626 3249 eius
645 3196 677 3246 et
703 3189 877 3249 stabilitate
895 3189 1036 3272 imperii.

214 3300 469 3373 Hoecsuntquae
481 3292 759 3353 douaetmilitium
904 3299 1038 3356 Uerus
1076 3296 1155 3355 Rnn
1169 3317 1260 3356 uun.

227 3381 340 3460 facere
355 3377 482 3471 dfbem’
500 3395 628 3468 mero
643 3371 725 3468 xlv
728 3419 744 3468 ⁸.
806 3409 1037 3470 Monaslcrium
1057 3411 1159 3472 saneti
1172 3411 1313 3472 Nazarii.

212 3455 756 3526 MouasteriumsanctiBeued1cti.
805 3492 838 3550 M
841 3493 1038 3553 emerium
1058 3493 1301 3555 Offunwiflarii·

212 3541 446 3608 Monosteriurn
458 3539 633 3602 Ferrarius.

213 3624 446 3688 Monasterium
465 3621 596 3702 Nigelli.
942 3600 982 3660 ῙΝ
1024 3600 1221 3661 ΒΑῊΜΑω

207 3705 442 3773 Monasterium
461 3713 586 3764 sanctae
605 3704 727 3766 Crucis.
806 3706 1037 3782 Monosterium
1062 3709 1242 3768 Manauser.

210 3790 443 3853 Monasterium
458 3787 604 3846 Corbeia.
804 3789 1037 3848 Monasterium
1049 3791 1246 3872 Tegnsuser.

210 3872 445 3937 Monasteriuui
472 3877 600 3928 carretae
633 3867 753 3930 Mariae

250 3953 442 4016 suessionis,

208 4035 441 4100 Monasterium
467 4032 646 4092 stabulaus.

207 4118 439 4184 Mouasterium
459 4113 692 4174 Flavini-acum.

207 4199 439 4264 Monasterium
470 4197 571 4256 suncti
592 4197 752 4278 Eugeudi.
801 4197 1034 4259 Monosterium
1058 4199 1159 4263 sancti
1178 4199 1352 4265 Michaelis

208 4281 440 4346 Monasterium
453 4277 666 4344 Novalicium.
842 4282 976 4343 maresci
1001 4281 1109 4366 primi.

802 3917 892 3978 Haec
912 3933 984 3980 sunt
1007 3943 1085 4004 quae
1116 3935 1237 4002 tantum
1263 3921 1355 3985 dono

844 4000 922 4060 dare
944 4002 1058 4064 debent
1084 4006 1151 4063 sine
1177 4005 1306 4077 militia,

953 4107 1082 4146 nitmero
1107 4087 1193 4150 XVI.
