2928 4986
165 267 242 342 396
414 286 447 340 s.
469 285 555 342 cua.
662 286 918 350 caerretanus
1026 289 1086 352 sss.

165 429 227 492 bus
240 425 458 514 congregatim
477 424 698 490 assistentibus
713 431 845 510 qsioque
860 428 1047 512 specialiter
1060 443 1093 496 et
1110 434 1313 497 consenties-

164 511 253 576 tibns
266 519 366 596 atque
377 509 642 574 consecrantibus
651 509 853 594 lieliugaudo
867 511 1115 580 siveWillerieo
1131 517 1312 600 Episcopls,

166 595 313 682 dquibus
325 593 389 654 iem
401 591 505 655 dietae
517 593 688 674 parochiae
699 601 806 676 partes
817 594 936 660 anobis
947 596 1009 658 sibi
1024 598 1102 660 olim
1112 601 1314 661 commenda·

167 687 216 742 tas
225 675 410 762 recipimus.
423 674 486 738 Cui
498 675 655 744 videlicet
668 675 838 758 Aosgario,
857 677 934 759 quia
951 682 1104 761 praefatis
1115 683 1152 743 in
1164 682 1313 764 gentibus

145 757 249 824 ‘baec
263 757 383 826 nostris
394 757 428 818 in
439 756 553 820 diebus
563 757 752 842 dignissima
767 759 803 825 in
816 761 1049 825 convocatione
1068 765 1244 848 gentilium
1261 768 1313 826 uel

165 841 392 928 redemptione
406 839 608 924 captiuorum
617 849 792 902 monstrata
801 852 877 907 sunt
890 844 991 921 luera,
1000 855 1066 906 tam
1079 857 1207 909 nostrae
1218 868 1314 930 quam

166 936 295 990 sancus
308 925 470 992 Romanae
483 923 649 986 Ecclesiae
660 923 850 988 auctoritate
864 925 1027 998 banoDeo
1039 929 1172 1012 dignam
1181 931 1215 990 in
1225 951 1314 1012 prae·

165 1009 241 1073 satis
254 1006 403 1094 gentibus
415 1005 632 1078 commisimus
645 1007 852 1090 legationem,
863 1031 901 1071 ac
910 1011 1034 1094 proprii
1044 1012 1164 1095 vigoris
1175 1013 1313 1074 ascribe.

165 1113 202 1156 re
216 1089 417 1156 decrevimus
432 1087 633 1172 dignitatem.
661 1091 704 1152 Et
722 1089 800 1173 quia
817 1112 908 1154 casus
932 1093 1182 1177 praeteritorum
1204 1104 1312 1156 cautos

167 1197 228 1238 nos
240 1173 319 1238 iecit
339 1173 374 1234 in
393 1173 552 1250 futurum,
575 1194 617 1236 ne
637 1172 809 1256 quisquam
829 1173 1066 1258 Episcoporum
1084 1178 1230 1262 aliquem
1252 1177 1313 1238 sibi

165 1255 391 1320 transblbiem
402 1254 586 1318 velalicubi
600 1255 633 1316 in
648 1255 814 1337 praedicta
832 1257 985 1338 parochia
1003 1258 1149 1322 vindicet
1170 1269 1311 1343 potesta-

165 1351 243 1422 tem,
251 1349 340 1404 certo
350 1337 453 1400 limite
464 1337 745 1420 circumscriptum
758 1341 994 1420 essevolumus,
1004 1341 1161 1406 videlicet
1172 1343 1312 1404 ahalma

166 1424 302 1487 flumine
315 1421 467 1484 deorsum
480 1421 634 1504 usquead
647 1442 733 1484 mare
748 1443 917 1500 oceanum,
928 1432 961 1484 et
969 1433 1099 1486 rur'sum
1114 1445 1312 1509 peromnem

167 1508 340 1572 staverem
359 1501 564 1588 provinciam
583 1525 687 1587 usque
708 1503 751 1568 ud
765 1525 852 1566 mare
866 1505 956 1588 quod
967 1506 1126 1570 orientale
1139 1519 1268 1586 vocant,
1281 1517 1313 1568 et

191 1608 346 1654 eromnes
357 1585 536 1671 praedictas
550 1587 698 1650 nationes
710 1587 960 1672 Septentrionis.
973 1590 1096 1652 Omnes
1106 1591 1239 1674 quoque
1254 1614 1311 1674 pa·

166 1612 261 1736 ludes
278 1671 363 1732 inim
379 1669 449 1732 sive
471 1667 563 1731 iusta
575 1669 702 1732 Albium
718 1670 858 1754 positas,
879 1673 983 1734 cultas
997 1681 1029 1733 et
1049 1671 1211 1752 incultas,
1225 1674 1312 1736 inl'ra

166 1753 322 1818 terminos
342 1751 490 1814 eiussdem
515 1751 687 1834 parochiae
712 1753 880 1838 ponimus3
910 1763 947 1816 ut
969 1755 1196 1816 Transalhiani
1221 1777 1254 1818 se
1280 1765 1312 1817 et

167 1859 226 1902 sue
244 1837 288 1914 sla
305 1835 437 1898 incursu
457 1835 680 1917 Paganorum,
701 1835 760 1918 qui
777 1857 872 1920 saepe
892 1836 1056 1900 timendus
1079 1847 1144 1916 est,
1164 1839 1311 1902 securius

167 1921 203 1984 in
224 1917 276 1986 bis
297 1917 379 1982 locis
407 1916 572 1982 occultare
600 1929 732 2000 queant.
772 1919 816 1985 Et
838 1927 875 1980 ut
896 1917 977 1982 haee
1001 1941 1083 1983 nova
1111 1921 1311 1983 constructio

191 1999 361 2066 erionlosis
379 2000 413 2062 in
430 1999 481 2061 bis
500 2000 581 2066 locis
599 2009 714 2084 coepta
727 2000 901 2064 subsistere
919 2002 1043 2080 valeat,
1063 2005 1227 2084 quandam
1247 2003 1315 2066 cel«

166 2028 234 2151 lam
256 2084 392 2148 Turbolt
413 2091 560 2146 vocatam
581 2093 645 2144 tam
675 2084 751 2148 boio
784 2105 887 2148 norae
921 2086 1182 2164 constructioni,
1212 2108 1313 2168 quam

165 2165 413 2264 Arcbiepiscopi
437 2187 724 2250 successorumque
751 2187 884 2230 suorum
911 2167 946 2228 in
971 2167 1121 2251 gentibus
1153 2167 1310 2252 legationi

165 2259 358 2337 perenniter
382 2249 596 2324 servituram,
620 2249 660 2311 ad
682 2259 823 2312 nostrum
842 2259 1033 2334 nostraeque
1050 2249 1168 2313 sobolis
1187 2271 1310 2333 perpe-

168 2346 257 2398 tuum
270 2331 455 2398 mercedem
470 2331 600 2394 divinae
622 2331 786 2396 offerimus
800 2333 968 2397 maiestati.
1008 2333 1162 2395 Homines
1175 2331 1315 2416 quoquc

192 2416 226 2479 ni
242 2416 389 2480 eiusdem
408 2415 512 2478 cellae
528 2413 686 2478 beneficia
704 2413 823 2478 babere
844 2415 1017 2495 sidentur,
1040 2416 1079 2476 ab
1102 2415 1191 2478 omni
1215 2435 1313 2496 expe*

167 2441 293 2564 ditione
315 2497 369 2562 vel
392 2497 506 2564 militia
529 2497 597 2560 sive
620 2497 766 2580 qualibet
788 2498 1000 2581 occupatione
1024 2497 1246 2573 absolvimus,
1274 2505 1311 2556 ut

168 2583 257 2646 idem
269 2580 465 2644 veneralsilis
479 2580 658 2664 Episcopus
679 2581 720 2641 ad
741 2581 827 2642 banc
847 2583 917 2644 Deo
940 2581 1071 2664 dignam
1088 2579 1311 2664 peragendum

169 2667 204 2728 iu
222 2663 357 2748 prouisis
377 2664 576 2744 temporibus
591 2663 786 2746 legationem
804 2663 932 2728 nullum
948 2664 982 2724 in
1001 2664 1063 2726 hoc
1085 2666 1225 2745 patiatur
1246 2661 1310 2720 im,

168 2749 402 2834 pedimentum
444 2749 539 2808 Dona
552 2768 630 2808 vero
649 2767 732 2830 quae
749 2767 790 2808 ex
803 2746 915 2808 eudem
928 2746 1012 2808 cella
1032 2747 1150 2808 nostris
1165 2743 1311 2827 partibus

168 2832 245 2893 dare
266 2829 435 2906 solebant,
452 2838 485 2891 et
503 2829 595 2890 nobis
613 2850 744 2912 quoqne
762 2827 1065 2912 successoribusque
1088 2827 1207 2890 nostris
1225 2827 1312 2888 simi·
1331 2841 1334 2847 ‘

169 2915 247 2976 liter
269 2911 339 2973 dari
361 2911 533 2982 volumus3¹
553 2911 602 2975 bis
626 2910 785 2993 exceptis,
807 2911 909 2972 maius
928 2911 1075 2974 minusve
1092 2909 1126 2971 in
1147 2909 1311 2971 convoca*

167 2997 257 3058 tione
280 2995 484 3076 Paganorum
509 2994 562 3056 vel
583 2993 807 3076 redemptione
827 2993 1050 3076 captivorum,
1072 2993 1140 3058 sine
1165 2991 1312 3054 eiusdem

168 3079 254 3142 sedis
269 3077 498 3158 supplemento
513 3077 712 3138 multimodis
724 3075 880 3158 periculis
894 3075 1102 3152 circumdata,
1117 3075 1174 3137 vel
1188 3075 1311 3137 ibidem

167 3165 238 3224 Deo
257 3159 467 3222 militantium
488 3159 620 3236 solatio,
647 3159 688 3220 ob
710 3180 852 3220 amorem
871 3159 934 3220 Dei
959 3168 992 3222 ct
1014 3157 1202 3223 beatisimi
1229 3177 1309 3218 con-

168 3243 299 3308 fessuris
323 3241 393 3304 eius
412 3251 569 3327 perpetuo
593 3239 787 3324 delegamus.
820 3241 890 3322 ¹Res
915 3243 1025 3324 itaque
1044 3241 1207 3323 praefatae
1225 3238 1309 3300 sedis

169 3335 203 3387 et
215 3327 278 3386 iam
295 3323 373 3386 dicti
392 3325 579 3386 monasterii
601 3324 660 3384 sub
679 3321 865 3406 plenissime
888 3324 1079 3386 defensioue
1102 3331 1135 3382 et
1156 3320 1308 3380 immuni-

167 3410 241 3472 tatis
260 3405 398 3470 tuitione
417 3407 566 3471 volumus
583 3418 620 3467 ut
636 3407 813 3468 consistant
836 3427 873 3467 ac
890 3415 1062 3480 tueantur,
1086 3404 1129 3465 ita
1145 3413 1183 3464 ut
1199 3403 1310 3466 nullus

167 3491 275 3555 ludex
302 3489 454 3573 publicus
480 3500 536 3550 aut
559 3489 623 3548 alia
649 3489 795 3570 qnalibet
815 3497 974 3568 potestate
1004 3487 1136 3572 publica
1163 3486 1311 3569 praedita

167 3582 307 3658 persona
331 3573 507 3635 decorum
529 3573 627 3634 rebus
650 3571 759 3650 t'reda,
787 3570 926 3650 tributa,
959 3570 1227 3646 mansionaticos,
1254 3567 1309 3628 vel

167 3667 317 3754 paratas,
337 3665 393 3719 aut
413 3654 597 3732 teloneum,
620 3655 673 3715 vel
699 3653 902 3716 fideiussores
923 3654 1057 3732 tollere,
1084 3661 1140 3713 aut
1160 3650 1309 3717 homines

168 3759 314 3822 ipsorum
333 3747 398 3798 tam
416 3737 491 3802 litos
512 3759 609 3820 quarn
628 3742 662 3797 et
679 3735 837 3820 ingenuos
855 3745 1083 3818 superterram
1106 3755 1219 3795 eorum
1238 3753 1309 3797 mas

168 3829 285 3888 nentes
302 3819 515 3902 distringere,
538 3841 600 3882 nec
618 3820 701 3880 ullas
717 3818 862 3902 publicas
880 3819 1068 3881 functiones
1086 3827 1142 3878 aut
1159 3814 1309 3878 redhibia

167 3905 275 3968 tic'nes
289 3902 343 3968 uel
363 3903 496 3966 illicitas
510 3901 694 3964 occasiones
709 3901 877 3983 requirere
896 3900 949 3962 vel
971 3900 1105 3982 exigere
1115 3905 1309 3982 praesumat.

168 3987 234 4049 Sed
248 3986 344 4048 liceat
358 3984 525 4068 praedicto
544 3983 723 4048 venerabili
736 3984 896 4067 Episcopo
914 3981 1044 4064 suisque
1058 3981 1308 4054 successoribus,

168 4091 206 4132 ac
226 4068 314 4132 cinni
336 4069 424 4130 clero
444 4067 504 4129 sub
529 4067 708 4129 eorundem
728 4065 886 4149 regimine
911 4066 1110 4143 constituto,
1138 4061 1250 4145 quiete
1272 4062 1306 4120 in

167 4153 230 4215 Dei
251 4150 384 4214 servitio
404 4149 539 4232 degere,
562 4158 664 4232 etprc
686 4144 778 4211 nobis
793 4150 951 4232 proleque
974 4155 1081 4210 nostra
1100 4154 1198 4229 etque
1220 4153 1308 4208 statu

168 4233 268 4300 totius
295 4231 422 4317 imperii
449 4231 591 4296 divinam
616 4231 870 4300 misericordiam
898 4251 1042 4296 exorare.
1093 4230 1136 4296 Et
1164 4237 1200 4292 ut
1227 4227 1308 4294 baec
