2958 4986
202 301 273 376 tlt
425 313 466 372 s.
485 313 574 374 cun.
681 315 940 378 cannuensis
1044 319 1109 378 am.

197 459 239 522 arl
260 457 361 520 altare
382 453 476 518 XIII.
496 455 593 540 pallia
612 457 653 520 ad
674 458 786 520 altaria
811 459 978 522 induendo
995 461 1085 524 VIII.
1105 460 1205 546 pallia
1228 461 1270 524 de
1288 461 1342 526 la·

198 565 240 606 na
261 545 289 612 el
310 543 393 603 facta
410 547 443 602 et
461 540 564 602 tincta
582 540 623 602 ud
638 541 738 602 altare
755 542 961 606 induendum
977 545 1019 604 H.
1039 543 1139 628 pallia
1159 546 1249 608 linea
1274 545 1342 608 tin·

198 633 249 692 cta
268 626 312 686 IL
339 621 529 686 linteamina
543 623 647 686 scrico
666 633 776 708 parata
791 626 833 687 ad
851 627 967 688 altaria
982 628 1151 690 vestienda
1171 627 1248 694 XX.
1266 650 1340 690 ma-

198 709 289 772 nicas
309 705 447 770 sericeas
460 727 540 768 auro
556 717 589 770 et
610 707 787 792 margaritis
803 720 928 790 paratas
951 710 1009 772 IV.
1033 719 1066 772 et
1091 711 1169 776 alias
1197 710 1341 776 sericeas

197 794 254 858 IV.
281 789 465 874 corporales
496 789 554 852 IV.
582 791 687 852 oraria
698 790 737 870 J]
765 793 807 852 II.
837 792 1035 877 plumacium
1057 793 1287 858 scucoldunim
1309 795 1338 856 1.

196 875 247 938 De
269 873 377 936 libriss
402 873 486 934 liber
501 873 684 956 Eptaticum
700 874 816 959 Moysi,
833 886 865 938 et
879 876 964 938 liber
986 879 1113 958 Ioanne,
1128 888 1160 942 et
1181 878 1266 940 liber
1282 877 1342 940 Iu·

197 958 308 1020 dicum
328 965 362 1020 et
394 955 494 1035 Rutb,
523 965 557 1018 et
586 957 662 1018 libri
682 958 809 1040 Regum
822 960 881 1022 IV.
903 969 935 1024 et
963 959 1040 1022 libri
1063 959 1338 1044 Paralipomenon

196 1039 239 1102 Π.
263 1041 295 1102 in
316 1062 383 1101 uno
403 1039 588 1102 volumine:
611 1041 697 1103 liber
713 1041 916 1104 Psalmornm
934 1043 1053 1124 David,
1076 1052 1111 1106 et
1134 1043 1218 1107 liber
1236 1045 1339 1106 Para-

196 1121 290 1186 bolae
307 1121 499 1201 Salomonis,
515 1131 547 1183 st
559 1123 644 1186 liber
657 1123 880 1204 Ecclesiastes‚
895 1136 929 1189 ct
949 1125 1034 1190 liber
1061 1125 1234 1190 Canticum
1254 1149 1339 1190 can·

195 1207 347 1284 tinorum,
365 1216 399 1268 et
420 1206 504 1268 liber
515 1207 711 1290 Sapientiae,
730 1217 763 1270 et
785 1208 871 1270 liber
883 1207 963 1272 Iesu
979 1207 1038 1272 lilii
1060 1208 1186 1290 sirach,
1205 1219 1237 1272 et
1250 1211 1339 1274 liber

195 1289 266 1368 Iob,
285 1299 319 1352 et
336 1285 421 1350 liber
446 1288 541 1366 Tobi,
557 1299 590 1352 ct
613 1291 698 1352 liber
716 1289 841 1368 Iudith,
869 1302 902 1354 et
933 1292 1019 1354 liber
1041 1293 1170 1370 Esther,
1196 1303 1230 1356 et
1257 1295 1339 1358 libri

197 1373 263 1435 duo
280 1371 548 1436 Macchabaeorum
577 1373 610 1434 in
648 1395 715 1436 uno
741 1374 932 1438 voluminosa
960 1375 1037 1438 libri
1056 1375 1134 1442 XII.
1157 1375 1340 1460 Propheta·

196 1464 313 1518 rumet
333 1455 407 1516 libri
424 1455 565 1518 Hesdrae
585 1457 650 1518 duo
672 1455 705 1516 in
723 1478 789 1518 uno
807 1457 991 1522 voluminer
1005 1458 1338 1546 liberbctunmrlpo-

116 1588 119 1599 ,
195 1539 365 1616 stolorum,
387 1547 420 1602 et
437 1537 522 1599 liber
540 1540 749 1622 epistolarum
759 1539 874 1612 Pauli;
897 1551 930 1604 et
951 1539 1025 1604 libri
1038 1541 1112 1606 VII.
1124 1542 1338 1624 epistolarum

198 1621 439 1699 canonicarum,
462 1629 495 1682 et
513 1619 599 1684 liber
619 1623 840 1706 Apocalypsis,
870 1625 905 1686 in
938 1646 1006 1688 uno
1037 1625 1220 1698 volumine;
1250 1627 1339 1690 liber

196 1703 419 1782 lectionarius,
432 1703 558 1766 tabulas
579 1705 706 1768 laminis
720 1705 865 1788 cuprinis
880 1705 1041 1770 deauratis
1062 1705 1187 1770 babens
1208 1719 1337 1807 paratas

195 1789 221 1848 1.
243 1788 328 1850 liber
346 1788 538 1885 omeliarum
558 1787 761 1886 diversorum
774 1800 942 1854 auctorum
963 1791 988 1854 I.
1018 1789 1102 1852 liber
1132 1787 1220 1854 beata
1250 1794 1338 1856 Gre-

196 1871 1340 2040 itttltllfflsf'tttmtltitillat?ttttltltdiitt

196 2057 323 2098 morum
336 2037 407 2098 sine
423 2045 553 2099 auctore
569 2038 595 2098 Ι.
611 2037 697 2098 liber
714 2047 859 2120 quotuor
868 2039 1123 2123 Evangeliorum
1141 2049 1290 2104 vetustus
1305 2042 1334 2102 Ι.

197 2121 274 2182 libri
297 2119 485 2180 antifonarii
498 2119 540 2181 II.
561 2119 645 2181 liber
666 2122 888 2182 commentarii
903 2122 1092 2206 Hieronymi
1105 2121 1139 2182 iu
1149 2121 1337 2184 Matbaeum

197 2205 223 2264 I.
245 2203 331 2264 liber
352 2202 483 2284 regulae
507 2204 609 2264 sancti
635 2203 803 2264 Benedicti
826 2205 852 2264 I.
893 2206 951 2268 Est
983 2203 1029 2266 ibi
1064 2205 1104 2266 de
1135 2203 1222 2267 vitro
1249 2207 1333 2267 duae

197 2285 286 2346 tinae
305 2285 434 2366 plenae,
449 2285 489 2346 de
507 2285 640 2368 plumbo
654 2285 782 2348 tabulae
799 2289 859 2350 III.
888 2297 921 2352 et
947 2307 1013 2350 una
1037 2309 1138 2352 massa
1162 2297 1195 2350 et
1218 2287 1335 2352 calami

199 2369 323 2428 CLXX.
347 2367 512 2428 l'aldoncm
526 2369 567 2430 ad
579 2368 768 2432 sedendum.

475 2532 619 2588 ITEM
664 2534 815 2588 UNDE
864 2535 1053 2592 suras.

253 2661 257 2672 ·
280 2627 470 2690 Invenimus
485 2627 518 2688 in
537 2628 652 2690 eodem
667 2629 740 2690 loco
756 2639 882 2690 curtem
896 2639 929 2690 et
946 2652 1051 2692 casam
1072 2629 1342 2693 indominicatam

198 2731 272 2772 cum
293 2711 429 2772 caeteris
453 2709 607 2772 aediliciis
630 2711 671 2771 ad
698 2713 873 2796 praefatam
900 2713 1069 2774 ecclesiam
1099 2713 1341 2796 respicientem.

197 2791 369 2856 Pertinent
382 2794 423 2854 ad
437 2794 573 2854 eandem
590 2803 716 2856 curtem
730 2795 770 2856 de
791 2804 877 2856 terra
893 2795 1005 2856 arabili
1022 2795 1167 2858 iurnales
1184 2798 1340 2868 DCGXL;

198 2875 238 2940 de
259 2875 369 2959 pratis,
385 2875 473 2938 unde
495 2875 607 2960 colligi
627 2887 762 2959 possunt
779 2878 819 2938 de
835 2879 933 2939 foeno
954 2881 1104 2945 carradae
1131 2881 1230 2942 DCX.
1287 2881 1339 2941 De

198 2979 327 3020 annona
343 2959 428 3020 nihil
447 2959 660 3042 repperimus,
678 2970 814 3044 excepto
838 2963 926 3042 quod
944 2961 1093 3026 dedimus
1113 2960 1341 3044 provendariis

199 3041 345 3104 carradas
371 3041 473 3102 XXX.
495 3042 553 3126 qui
579 3051 656 3104 saint
680 3043 870 3126 provendati
892 3065 994 3126 usque
1019 3046 1060 3108 ed
1086 3047 1214 3108 missum
1236 3044 1341 3106 sancti

199 3123 363 3202 Iohannis,
389 3131 421 3185 et
442 3133 518 3188 sunt
540 3125 670 3186 LXXII.
691 3125 732 3187 de
754 3125 849 3188 brace
872 3128 995 3206 modios
1017 3129 1091 3190 XII.
1121 3128 1285 3190 caballum
1309 3133 1344 3208 g)

199 3207 357 3268 domitum
371 3207 398 3268 I.
418 3206 519 3270 boves
533 3209 651 3270 XXVI.
674 3230 786 3274 vaccas
805 3209 876 3269 XX.
899 3220 1027 3272 taurum
1052 3211 1076 3272 l.
1099 3210 1252 3272 animalia
1275 3211 1341 3270 mi-

200 3311 279 3350 nora
299 3291 382 3350 LXI.
403 3289 523 3354 vitulos
537 3293 577 3354 V.
592 3291 740 3354 vervices
766 3292 956 3356 LXXXVII.
981 3289 1126 3376 agnellos
1156 3294 1244 3358 XIV.
1267 3293 1342 3354 bir-

199 3395 253 3433 cos
275 3373 379 3432 XVII.
401 3395 438 3433 ca
462 3395 512 3436 ras
526 3373 643 3436 LVIII.
664 3373 853 3435 baediculos
878 3377 950 3439 XII.
967 3377 1154 3458 porcosXL.
1176 3377 1342 3458 porcellos

199 3457 233 3516 L.
255 3477 349 3516 aucas
366 3395 479 3516 LXIII.
500 3456 609 3539 pullos
628 3457 662 3516 L.
685 3479 759 3518 vasa
779 3456 888 3540 apium
912 3461 1015 3520 XVII.
1038 3459 1077 3522 de
1101 3457 1193 3532 lardo
1221 3459 1342 3520 bacco-

200 3560 257 3599 nes
273 3537 345 3599 XX.
366 3537 488 3620 pariter
505 3537 746 3602 comminuetis
764 3549 878 3602 unctos
895 3543 1028 3604 XXVII.
1050 3563 1178 3604 verrem
1197 3541 1344 3604 occisum

199 3630 232 3681 et
245 3641 436 3702 suspensum
454 3623 478 3682 I.
505 3621 688 3683 formaticos
712 3623 778 3686 xl..
800 3623 840 3684 de
863 3624 960 3684 melle
980 3623 1098 3688 sicclus
1115 3625 1280 3702 dimidius,
1300 3625 1343 3686 de

199 3702 308 3764 butiro
330 3701 400 3764 sicli
426 3705 464 3765 ll.
487 3705 608 3766 desole
634 3705 734 3766 modii
763 3705 802 3768 V.
829 3707 868 3768 de
892 3727 1011 3788 sapone
1036 3707 1108 3772 sicli
1130 3708 1186 3773 III.
1219 3707 1345 3769 culcita

200 3807 274 3846 cum
293 3785 455 3868 plumatiis
469 3787 508 3871 V.
528 3787 668 3850 caldaria
685 3807 778 3850 aerea
793 3789 850 3848 III.
868 3790 974 3852 ferrea
991 3811 1069 3851 vero
1087 3789 1143 3852 Vl.
1157 3792 1345 3874 gramacula

199 3870 238 3930 V.
257 3867 416 3931 luminare
438 3871 582 3931 ferreum
602 3871 627 3930 I.
643 3869 728 3934 tinas
751 3871 840 3932 ferro
857 3871 969 3950 ligatas
983 3873 1088 3934 XVII.
1108 3873 1208 3936 ialces
1226 3876 1267 3934 X.
1283 3874 1347 3934 sal·

201 3951 322 4013 ciculas
337 3951 442 4015 XVII.
459 3952 620 4014 dolaturas
634 3955 710 4016 VII.
729 3971 857 4016 secures
874 3948 947 4015 VH.
965 3954 1053 4016 coria
1070 3954 1198 4018 hircina
1213 3958 1253 4018 X.
1268 3958 1323 4040 pel

200 4033 247 4096 les
274 4034 454 4097 vervicinas
482 4036 514 4115 la)
542 4035 660 4102 XXVI.
682 4054 840 4121 sagenam
865 4036 906 4098 ad
931 4036 1124 4120 piscandum
1146 4039 1172 4102 I.
1213 4041 1272 4102 Est
1296 3991 1346 4102 ibI

498 4119 502 4127 ι

239 4213 268 4269 e)
285 4223 331 4258 ms.
350 4207 388 4258 le.
719 4229 720 4232 ¹
830 4215 863 4278 gl
880 4227 927 4262 ms.
948 4177 1133 4266 catabanum.

229 4276 273 4346 f)
290 4291 336 4328 ms.
356 4277 455 4332 erarii.
832 4279 928 4346 lyras.
943 4284 1111 4340 cernicinss.
1192 4318 1195 4325 ·
