2952 4988
157 366 253 446 ,tes
407 385 447 446 s.
467 383 556 446 cna.
663 385 924 448 carucatam
1028 377 1095 446 sot.

178 533 251 594 Deo
268 527 456 608 miserante,
484 549 690 616 nequaquam
712 531 852 595 adsensu
880 529 997 596 restris
1022 527 1116 592 malis
1139 525 1328 614 suggestio-

180 613 277 674 nibus
293 611 473 696 praebituri
495 621 581 677 sunt.
623 615 690 678 Vos
710 625 829 694 autem,
845 615 903 700 qui
930 621 1169 696 contemptores
1196 621 1331 674 nostrae

180 695 331 760 iussionis
355 695 520 776 extitistis,
536 698 606 760 sire
630 699 790 762 Canonici
815 699 882 762 sive
903 695 1056 760 Monachi
1077 694 1252 774 vocamini,
1282 693 1327 756 ad

178 779 337 879 placitum
359 789 516 856 nostrum,
543 781 633 842 iuxta
659 781 747 864 quod
771 802 923 863 praesens
946 781 1064 846 Missus
1090 787 1202 840 noster
1230 776 1326 842 robis

180 862 350 936 indixerit,
369 863 462 928 nobis
477 885 533 926 vos
551 865 706 928 adsistere
725 865 851 928 scitote.
892 865 936 930 Et
948 861 1093 946 quamvis
1109 861 1150 924 ad
1168 882 1228 924 uos
1250 861 1329 924 mis·

180 967 214 1008 sa
235 944 290 1006 hic
310 946 414 1008 frictae
430 947 599 1010 seditionis
622 969 678 1010 ros
702 957 836 1010 excuset
865 947 1014 1029 epistola,
1036 943 1158 1025 venite,
1184 953 1218 1008 et
1240 965 1327 1010 con-

181 1027 279 1112 digni
293 1029 513 1093 satisfactione
536 1031 682 1094 inustum
700 1031 823 1094 crimen
845 1029 957 1094 eluite.

417 1141 782 1260 ,spirituales
817 1160 883 1224 sn
913 1161 1062 1240 sanz,

348 1269 352 1276 ’
402 1270 541 1396 llataun
573 1296 670 1346 anno
702 1273 842 1344 Christi
884 1270 1094 1348 Decelv..
1195 1303 1198 1310 ’

520 1415 645 1457 rann
680 1391 990 1458 cset'ruaoana.

630 1559 633 1568 .
796 1500 825 1566 5.
848 1499 897 1562 De
916 1503 1059 1582 ingressu
1077 1504 1112 1564 in
1124 1499 1327 1566 Monasteria

166 1635 169 1642 .
207 1583 220 1626 ¹
227 1607 234 1624 ·
296 1581 539 1648 cordt'natidnc
563 1582 726 1648 Ecclesia·
854 1586 1043 1664 puellarum.
1076 1597 1080 1604 '

306 1687 387 1730 rum.
794 1665 825 1729 6.
850 1665 893 1730 Ut
915 1671 950 1729 in
969 1669 1177 1730 Monosteriis
1200 1669 1329 1752 puella-

858 1773 929 1814 rum
955 1772 1009 1811 eae
1044 1753 1146 1812 solum
1182 1751 1328 1833 infantes

859 1835 1040 1896 nutriantur
1059 1855 1138 1916 quae
1156 1837 1191 1895 in
1212 1856 1249 1896 eo
1274 1835 1336 1906 lu·¹

859 1939 896 1978 co
907 1929 1165 2000 perseveraturae
1182 1930 1266 1977 sunt.
1354 1930 1356 1936 '

202 1800 221 1842 2
255 1781 305 1844 De
334 1783 465 1845 decimis
488 1795 519 1844 et
542 1781 727 1847 donationi-

264 1867 322 1928 bus
337 1867 562 1928 Ecclesiarum.

205 1973 235 2036 3·
261 1973 304 2036 Ul
323 1987 458 2073 propfer
478 1994 579 2036 'ww
613 1969 727 2033 Eme·
800 2019 827 2079 7.
854 1997 897 2061 Ut
915 2000 1047 2060 masculi
1068 2002 1103 2059 in
1117 2001 1328 2062 Monasteriis

266 2061 331 2120 ³52⁸
348 2071 543 2141 annium&
559 2077 631 2115 “m
641 2054 731 2116 ἀπ’·
859 2083 1037 2160 puellarum
1055 2103 1119 2144 non
1132 2085 1327 2148 nutriantur.

266 2163 334 2204 mat
349 2137 574 2223 nonper‘ian‘·
798 2165 828 2229 8.
854 2163 897 2228 Ut
930 2187 1021 2225 arma
1049 2167 1084 2224 in
1114 2167 1327 2226 Monosteriis

202 2247 306 2326 ‹isDe
320 2246 728 2327 ordinandis'Presbyteris.
857 2247 1034 2331 puellarum
1042 2246 1326 2332 nondeponantur.
1428 2241 1470 2278 '¹

282 2355 446 2419 Incusum·
469 2375 695 2418 surasscarrrs
717 2355 881 2417 cirrium
902 2376 941 2416 ar
963 2375 1070 2417 soauu
1093 2375 1222 2417 saurus.

264 2534 265 2538 η
491 2465 540 2524 De
557 2461 761 2522 ordinatione
785 2460 1010 2526 Ecclesiarum.

264 2549 291 2609 Ι.
333 2546 548 2610 UtEcclesiae
561 2545 624 2606 Dei
642 2544 726 2605 bene
740 2541 946 2608 constructae
967 2555 999 2610 et
1014 2553 1210 2606 restauratae
1229 2545 1323 2623 liant,

182 2637 216 2692 el
232 2629 386 2715 Episcopi
412 2629 640 2710 unusquisque
664 2627 750 2687 inira
785 2649 875 2689 suam
904 2627 1087 2708 parochiam
1116 2628 1236 2690 exinde
1264 2629 1325 2691 bo-

181 2733 257 2774 nam
277 2713 394 2775 habeat
407 2711 658 2796 providentiam,
680 2719 744 2769 tam
764 2710 803 2776 de
825 2711 931 2774 officio
951 2719 982 2772 et
995 2709 1189 2790 luminariis,
1205 2733 1326 2796 quam-

98 2871 103 2884 ·
181 2816 247 2880 que
266 2807 301 2860 'et
321 2798 361 2859 de
382 2797 511 2878 reliqua
533 2793 776 2856 instauratione.

381 2905 430 2964 De
446 2903 577 2964 decimis
600 2915 630 2963 et
649 2901 873 2962 donationibus
893 2897 1119 2963 Ecclesiarum.

224 2991 269 3050 H.
297 2990 346 3052 De
366 2986 499 3050 decimis
513 2986 568 3046 uhi
583 2983 762 3066 antiquitus
776 2985 911 3044 fuerunt
924 2983 1090 3045 Ecclesiae
1103 2984 1323 3068 baptismales,

180 3083 213 3135 et
223 3071 354 3134 devotio
369 3071 453 3132 facta
471 3069 546 3143 fuit,
563 3069 651 3128 iuxta
665 3067 755 3149 quod
763 3065 941 3148 Episcopus
959 3066 1058 3148 ipsius
1074 3067 1246 3148 parochiae
1265 3093 1323 3131 or-

179 3155 353 3229 dinaverit,
364 3152 557 3216 omnimodis
569 3151 649 3212 fiant
657 3151 803 3212 donatae.
825 3150 901 3210 Etsi
912 3169 972 3232 per
982 3150 1174 3212 donationes
1183 3153 1322 3230 Regum,

178 3248 235 3298 aut
256 3247 457 3300 caeterorum
478 3239 583 3296 Deum
599 3233 785 3295 timentium
805 3231 967 3292 bonorum
985 3231 1217 3311 hominum,ad
1227 3235 1324 3317 Epis-

178 3320 272 3403 copia
294 3343 352 3384 seu
371 3317 565 3382 Monasteria
582 3317 710 3398 aliquae
742 3335 794 3375 res
817 3315 982 3397 delegatae
1003 3325 1090 3392 sunt,
1122 3327 1154 3378 et
1172 3339 1212 3379 ex
1242 3317 1323 3400 ipsis

74 3424 79 3430 ·
177 3405 273 3466 rebus
289 3402 472 3485 antiquitus
489 3401 527 3462 ad
547 3401 629 3482 ipsas
649 3397 810 3460 Ecclesias
823 3397 948 3478 priores
973 3398 1223 3461 decimae'datae
1249 3403 1323 3462 fue-

176 3488 255 3564 riut,
277 3488 344 3568 ipsa
367 3485 498 3563 antiqua
516 3482 647 3544 donatio
666 3482 720 3542 vel
739 3480 870 3540 devotio
888 3480 978 3541 firma
995 3491 1028 3542 et
1047 3481 1169 3544 stabilis
1185 3483 1322 3544 omniuo

175 3579 396 3652 permaneant.
439 3570 573 3642 Tamen,
599 3574 636 3625 ut
660 3561 927 3648 supradiximus,
950 3562 1091 3626 decimas
1112 3564 1152 3626 de
1179 3565 1255 3650 ipsis
1270 3587 1323 3627 re·

175 3655 235 3716 bus
252 3653 309 3736 qui
327 3647 379 3745 eas
400 3651 565 3734 possidere
588 3647 731 3722 videtur,
748 3645 921 3726 persolvat.

222 3758 265 3821 Ut
283 3770 417 3844 propter
434 3777 535 3818 novas
553 3753 713 3815 Ecclesiae
737 3753 933 3835 antiquiores
954 3775 1026 3814 suas
1051 3753 1190 3814 decimas
1211 3741 1285 3814 non¹

671 3836 821 3919 perdant.
1236 3885 1238 3888 ,

258 3923 318 3983 ΙΙΙ.
360 3921 558 4002 Quicunque
585 3919 728 3981 volucrit
755 3919 786 3977 in
817 3940 875 3978 sua
907 3917 1102 3999 proprietate
1138 3916 1322 3980 Ecclesiam

176 4004 357 4078 aedificare,
374 4027 439 4065 una
458 4025 532 4064 cum
548 4023 709 4064 consensu
732 4011 763 4064 et
780 4001 947 4076 vpluntate
971 3999 1135 4083 Episcopi,
1160 4000 1194 4059 in
1225 4000 1322 4068 cuius

78 4125 83 4134 ·
173 4089 327 4170 parochia
346 4087 456 4163 fuerit,
479 4086 644 4146 licentiam
665 4084 791 4146 habeat.
834 4084 1057 4144 Veruntamen
1081 4083 1215 4144 omnino
1240 4105 1321 4166 pro-

174 4171 354 4231 videndum
368 4180 425 4230 est:
439 4179 475 4228 ut
492 4170 573 4230 aliae
588 4168 753 4229 Ecclesiae
779 4165 979 4247 antiquiores
1001 4175 1134 4248 propter
1154 4163 1240 4226 hanc
1262 4188 1322 4226 oc-

174 4253 339 4313 casionem
362 4253 551 4314 nallatenus
570 4265 660 4311 saram
675 4249 829 4310 iustitiam
846 4257 901 4308 aut
915 4247 1072 4308 decimam
1085 4270 1151 4310 non
1168 4248 1321 4333 perdant,

175 4327 233 4396 sed
252 4355 378 4418 semper
396 4335 437 4396 ad
456 4333 657 4420 antiquiores
671 4333 834 4396 Ecclesiae
855 4330 1093 4416 persolvantur.
1125 4367 1130 4376 ·
