2952 4988
178 285 254 364 2⁹8
431 307 468 368 n.
486 305 580 366 cur.
683 301 945 364 esriruusnui
1034 305 1100 367 sia

175 471 278 598 pnnm
304 447 426 548 quippe
455 445 641 548 iustumque
661 457 709 510 est
731 457 768 512 ut
790 458 915 534 quanto
940 447 1114 511 sublimius
1140 447 1341 516 sacerdotii
1456 443 1457 448 ’

201 534 334 618 ignitate
358 531 431 594 aliis
450 551 683 614 superemines,
704 542 738 596 et
757 532 775 592 i
799 530 892 596 nobis
910 531 1145 596 venerabiliter
1163 531 1337 614 diligeris,

176 625 268 679 tanto
290 615 391 700 magis
411 613 532 676 ad·Dei
555 625 763 700 nostramque
787 617 991 679 voluntatem
1013 617 1249 698 exequendam
1269 615 1338 677 de-

175 699 337 763 votiorem
355 707 388 760 te
411 705 509 794 atque
530 699 763 784 promptiorem
783 697 946 762 exhibeas.
998 697 1081 763 Vale
1111 697 1148 759 in
1168 697 1339 775 Domino,

177 791 213 846 et
230 803 286 848 ora
305 801 365 868 pro
380 779 484 844 nobis.

458 943 674 1010 arisrom
714 947 772 1010 sn
814 947 1042 1030 sanonum,

291 1055 729 1154 Arebiepiscopum
783 1059 1210 1154 salzburgensem

499 1179 563 1252 De
588 1181 719 1252 eodem
743 1179 995 1276 Argumenta.

176 1304 227 1417 In
245 1355 376 1418 nomine
387 1353 520 1418 Domini
549 1354 611 1417 Dei
629 1365 663 1418 at
682 1355 859 1418 salvatoris
872 1357 975 1420 nostri
989 1359 1065 1420 Iesu
1075 1357 1207 1422 Christi.
1237 1359 1329 1420 Hla-

176 1439 336 1504 douvicns
367 1437 479 1500 divina
505 1437 678 1502 ordinante
705 1440 917 1503 Prouidentit
942 1441 1121 1524 imperator
1142 1441 1326 1524 Augustus,

175 1521 356 1586 venerabili
384 1519 526 1597 Arnoni,
547 1519 812 1606 llrchiepiscopo,
842 1523 879 1582 in
902 1525 1043 1586 Domino
1070 1525 1217 1586 salutem.
1264 1526 1332 1587 Sa«
1385 1575 1389 1582 .

177 1625 270 1668 crum
283 1615 314 1666 et
327 1603 536 1664 memorabile
550 1605 737 1666 Concilium
752 1606 866 1668 divino
877 1616 960 1668 antu
973 1618 1149 1690 nostroque
1159 1607 1272 1668 studio
1290 1607 1326 1666 in

175 1687 371 1783 Aquisgrsni
396 1686 516 1770 palatio
545 1707 650 1770 nuper
678 1689 903 1772 adgregatum,
939 1701 1000 1753 etc.
1029 1713 1094 1774 per
1111 1700 1327 1773 praesentem

175 1771 310 1834 Missum
329 1779 474 1832 nostrum
495 1769 626 1832 nomine
644 1770 840 1851 Nothouem‚
863 1781 924 1836 eto.
941 1787 975 1835 ut
989 1795 1099 1860 supra,
1128 1775 1167 1833 in
1182 1772 1326 1857 Epistoa

178 1853 212 1914 la
235 1853 282 1916 ud
299 1851 489 1915 Siebarium.

259 2017 526 2080 CAPITULARE
544 2017 896 2116 AQUISGRANENSE
918 2021 1019 2085 ANNI
1040 2021 1247 2084 ncccxvl.

177 2125 287 2202 Anno
342 2147 514 2198 ncoexvr
573 2127 839 2200 Incamationis
879 2131 1018 2202 Domni
1060 2135 1177 2201 nostri
1238 2129 1326 2201 lesu

178 2225 341 2316 Christi,
383 2227 624 2302 Hluduvicus,
659 2228 868 2322 Imperator
909 2229 1243 2302 christianissimus
1280 2257 1326 2300 ac

176 2325 359 2420 piissimus
385 2350 433 2398 ex
458 2329 557 2398 omni
581 2327 744 2422 Imperio
768 2353 837 2398 suo
862 2327 951 2402 fecit
975 2341 1195 2400 conventum
1215 2327 1323 2419 Epis-

177 2447 377 2516 coporum,
415 2425 616 2512 Abbatum,
660 2427 869 2511 Comitum,
905 2429 967 2502 vel
1011 2429 1192 2498 maiorum
1232 2441 1324 2498 natu

178 2523 425 2610 Francorum,
451 2537 493 2596 ut
516 2529 700 2598 sancirent
724 2527 893 2620 capitula
924 2551 993 2620 pro
1024 2527 1185 2597 utilitate
1207 2529 1328 2597 totins

402 2623 600 2696 Ecclesiae.
651 2626 763 2718 Quod
794 2629 845 2696 ita
869 2625 1007 2698 factum
1034 2636 1097 2696 est.

301 2746 444 2842 Incipit
468 2746 653 2840 Prologus
678 2749 912 2820 Hhsdouvici
938 2749 1197 2845 Imperatoris.

181 2863 300 3000 Quia,
316 2923 407 2986 iuxta
420 2924 623 3006 Apostolum,
641 2927 788 3008 quandin
812 2927 851 2989 in
864 2927 928 2990 hoe
948 2929 1061 2990 seculo
1077 2951 1198 3004 sumus,
1223 2952 1329 3012 pere-s

180 3007 377 3092 grinamnril
395 3007 547 3084 Domino,
574 3019 607 3070 et
622 3011 707 3070 nihil
730 3010 944 3092 inpraesenti
965 3013 1076 3089 fixum,
1100 3011 1184 3070 nihil
1211 3013 1330 3074 immo*

177 3091 258 3168 bile,
275 3091 333 3154 sed
354 3099 471 3152 cuneta
490 3092 597 3154 veloci
610 3094 781 3174 pervolant
798 3116 906 3171 cursu,
932 3103 966 3156 et
987 3095 1156 3175 Scriptura
1171 3103 1327 3172 testatur,

178 3172 397 3256 quodeunque
419 3195 598 3255 possumus,
619 3177 777 3238 instanter
798 3177 924 3258 operari
950 3178 1116 3254 debemus,
1135 3176 1212 3258 quia
1235 3177 1324 3238 nulli

177 3256 219 3317 ad
238 3255 322 3316 bene
341 3255 542 3338 operandum
568 3259 726 3319 crastinus
743 3258 812 3320 dies
829 3260 1038 3338 promittitur,
1065 3281 1241 3340 omnesque
1268 3283 1324 3322 se-

177 3338 321 3401 eundum
338 3337 531 3420 Apostolum
549 3351 623 3402 ante
643 3341 785 3402 tribunal
814 3341 934 3404 Christi
965 3343 1130 3418 stabimus,
1155 3351 1190 3400 ut
1215 3365 1327 3404 unus*

177 3420 317 3504 quisque
340 3421 500 3482 rationem
522 3423 646 3502 probis
668 3446 751 3506 quae
767 3424 864 3507 gessit
883 3425 1008 3503 reddat,
1032 3425 1125 3485 nobis
1141 3427 1321 3506 praecipue

178 3503 236 3586 qui
253 3503 387 3564 caeteris
403 3504 592 3567 mortalibus
609 3507 798 3570 conditione
827 3509 977 3589 aequales
1008 3507 1186 3583 existimus,
1209 3518 1243 3568 et
1256 3508 1330 3589 dig«

178 3587 280 3647 nitate
299 3594 424 3646 tantum
446 3587 629 3668 superiores
643 3611 763 3663 snmus,
781 3591 961 3654 secundum
980 3590 1176 3673 scripturam
1188 3613 1329 3665 sacram,

178 3689 262 3752 quae
290 3667 379 3745 dicit,
399 3670 556 3753 Quoniam
569 3673 776 3752 interrogabit
790 3693 891 3754 opero
904 3687 1025 3745 nostru,
1057 3686 1088 3732 et
1117 3673 1324 3750 cogitationes

180 3752 385 3823 scrutabitur,
408 3751 550 3815 rationes
576 3754 735 3816 reddituri
754 3749 878 3831 sumhs,
898 3755 1038 3818 solliciti
1057 3755 1327 3838 circumspectio*

178 3855 220 3895 ne
235 3841 366 3914 totaque
385 3834 500 3896 mentis
516 3835 699 3900 intentione
719 3839 929 3919 satagendum
955 3849 1002 3901 est
1033 3847 1069 3897 ut
1090 3837 1186 3898 bonis
1212 3837 1327 3921 operi-.

177 3917 238 3978 bns
254 3915 373 3996 iugiter
388 3916 579 3994 insistendo,
594 3919 643 3980 his
658 3920 777 4002 quibus
794 3941 942 4001 proeesse
961 3922 1120 3996 videmur,
1137 3921 1241 3986 modis
1259 3941 1330 3979 oms

178 4000 286 4074 nibus,
300 4007 459 4078 quantum
479 3999 571 4061 nobis
586 4001 696 4064 dirius
717 4001 910 4083 suffragante
941 4002 1164 4066 misericordiis
1187 4002 1325 4062 facultas

178 4082 341 4143 adtributa
368 4081 478 4158 tuerit,
503 4083 656 4164 prodesse
682 4105 841 4148 curemus.
885 4088 950 4148 Sed
975 4087 1052 4170 quia
1089 4105 1187 4151 omne
1214 4085 1329 4149 datum

179 4165 383 4248 optimumst
408 4185 503 4224 omne
530 4165 654 4226 donum
680 4168 864 4248 perlectum
887 4169 1055 4235 desursum
1087 4177 1148 4244 est,
1169 4167 1330 4230 debemus

180 4244 346 4314 coutinuis
373 4246 525 4328 precibus
563 4248 732 4316 dominum
774 4249 948 4316 humiliter
972 4270 1122 4329 exorare,
1140 4249 1328 4334 faciemque
