2928 4986
295 312 331 368 a.
353 309 440 371 cun.
548 306 685 367 aucun
704 304 938 374 ruancoruu
1044 309 1109 376 aaa.
1197 292 1273 370 365

127 453 247 533 terito,
275 453 406 538 quando
437 449 587 535 Capitula
622 449 793 533 legationis
826 457 952 510 vestrae
983 446 1074 511 vobis
1107 449 1274 531 dedimus,

127 537 226 602 caute
240 560 297 600 vos
316 537 486 599 observare
506 532 655 594 iussimus
674 555 716 594 ne
737 533 808 594 sine
827 553 921 592 causa
936 527 986 592 his
1005 551 1086 612 quos
1099 530 1275 601 honoratos

130 643 202 686 esse
222 621 391 698 volumus,
408 616 521 700 ¹aliqua
537 615 771 676 fieretiniuria.
793 611 1000 697 Quaprdpter
1018 616 1169 678 volumus
1186 618 1276 684 robis

129 706 359 766 uotumfacere
370 699 511 784 qualiter
520 720 607 760 nunc
616 698 757 760 Domino
767 697 940 758 adiuvante
952 696 1088 760 eandem
1100 700 1277 766 iussionem

131 796 273 848 nostram
285 785 427 848 debeatis
438 780 626 866 adimplere.
634 781 793 845 Volumus
803 791 838 841 ut
846 780 936 842 Missi
948 779 1061 858 nostri,
1072 802 1153 864 quos
1161 785 1204 846 ad
1213 784 1277 848 hoe

127 869 324 932 constitutos
344 867 519 943 habemus,
543 873 581 925 ut
598 884 710 928 curam
723 873 756 926 et
770 861 1026 926 sollicitudinem
1039 862 1180 951 habeant
1194 889 1277 950 qua-

129 953 219 1014 tinus
239 950 467 1034 unusquisque
482 947 540 1028 qui
554 959 663 1011 rector
685 946 813 1008 duobis
830 945 942 1030 populi
959 946 1060 1006 nostri
1081 950 1279 1014 constitutus

130 1043 197 1112 est,
219 1034 253 1094 iu
268 1057 328 1097 suo
342 1034 457 1096 ordine
473 1029 615 1094 officium
628 1029 689 1094 sibi
705 1029 910 1092 commissum
926 1027 1008 1090 iuste
1024 1051 1060 1090 ac
1074 1034 1145 1096 Deo
1159 1033 1278 1116 placiti

127 1119 172 1178 ad
185 1118 345 1182 honorem
359 1127 505 1180 nostrum
517 1138 553 1178 ac
568 1115 683 1198 populi
699 1113 801 1175 nostri
818 1113 990 1178 utilitatem
1003 1111 1222 1194 administret,
1241 1117 1278 1178 iu

130 1201 221 1262 huno
233 1201 365 1262 modum
377 1197 597 1284 cognoscendi
613 1197 818 1281 diligentiam
832 1195 1026 1271 adhibeant,
1048 1198 1074 1260 si
1093 1220 1228 1282 eaquae
1243 1197 1277 1262 iu
1350 1217 1354 1222 ’

128 1283 312 1366 Capitulari
325 1293 435 1345 nostro
446 1281 535 1366 quod
546 1279 592 1342 eis
602 1302 687 1341 anno
696 1279 872 1364 praeterito
882 1277 1043 1359 dedimus,
1054 1281 1279 1361 continentur,

95 1375 97 1380 ’
128 1366 312 1428 secundum
323 1367 529 1428 voluntatem
538 1365 601 1426 Dei
614 1385 649 1424 ac
660 1363 837 1434 iussionem
852 1372 993 1426 nostram
1004 1362 1083 1429 fiant
1095 1363 1280 1448 adimpleta.

132 1449 246 1530 ltaque
270 1450 421 1512 volumus
445 1458 482 1510 ut
501 1446 610 1508 medio
623 1467 732 1508 mense
752 1447 839 1509 Maio
857 1445 1055 1508 conveniant
1073 1446 1174 1509 iidem
1189 1447 1280 1510 Missi

133 1531 359 1613 unusquisque
374 1531 408 1592 in
426 1537 483 1594 sua
498 1529 681 1616 legatione,
693 1551 769 1590 cum
783 1529 933 1592 omnibus
947 1527 1133 1628 Episcopis,
1150 1530 1281 1594 Abbati,

131 1615 213 1690 bus,
232 1615 431 1692 Comitibus,
456 1635 492 1675 ac
514 1613 623 1675 Vassis
638 1613 772 1691 nostris,
785 1611 957 1678 Advocatis
973 1623 1108 1690 nostris,
1127 1635 1164 1676 ac
1184 1614 1281 1678 Vice-

131 1695 275 1758 dominis
289 1696 682 1774 Abbatissarum,qnecnou
699 1705 730 1756 et
742 1717 854 1758 eorum
865 1697 922 1778 qui
932 1705 1065 1778 propter
1080 1695 1222 1778 aliquam
1232 1698 1281 1760 in·

131 1777 322 1852 evitabilem
336 1780 562 1842 necessitatem
572 1779 633 1860 ipsi
646 1778 758 1840 venire
769 1800 835 1840 non
844 1789 989 1862 possunt,
1002 1777 1043 1840 ad
1052 1780 1159 1842 locum
1168 1801 1280 1842 unum.

133 1862 177 1924 Et
195 1862 221 1922 si
240 1884 369 1925 necesse
392 1863 510 1938 fuerit,
531 1870 665 1943 propter
685 1863 958 1943 opportunitatem
979 1862 1217 1940 conveniendi,
1244 1862 1280 1934 in

133 1944 261 2006 duobus
282 1947 334 2006 rel
358 1945 461 2007 tribus
479 1945 579 2020 locis,
602 1943 653 2004 vel
670 1943 808 2006 maxime
826 1955 962 2028 propter
973 1965 1131 2028 pauperes
1144 1946 1281 2030 populi,

134 2027 221 2088 idem
242 2038 424 2090 conventus
440 2027 619 2102 habeatur,
645 2025 702 2107 qui
720 2027 868 2090 omuibus
890 2037 1056 2110 congruat.
1097 2029 1140 2090 Et
1164 2027 1281 2094 habeat

135 2111 360 2193 unusquisque
376 2114 490 2174 Comes
505 2109 653 2170 Vicarios
670 2118 701 2168 et
715 2110 926 2172 Centenarios
939 2133 1031 2189 suos,
1046 2131 1176 2174 necnon
1190 2112 1280 2176 etde

134 2193 249 2275 primis
264 2194 433 2256 Scabineis
452 2193 517 2256 suis
536 2201 602 2254 tres
624 2199 679 2251 aut
696 2201 845 2272 quatuor.
873 2195 915 2256 Et
928 2194 962 2254 in
980 2214 1019 2254 eo
1034 2203 1197 2256 conventu
1210 2195 1281 2278 pri-

134 2297 225 2336 mum
237 2275 431 2340 christianae
446 2273 627 2358 Religionis
642 2283 675 2334 et
692 2275 902 2338 ecclesiastici
920 2275 1056 2338 Ordinis
1071 2276 1204 2339 collatio
1217 2279 1281 2342 fiat.

134 2357 263 2421 Deinde
276 2359 445 2442 inquirant
458 2359 546 2420 Missi
563 2356 664 2431 nostri
679 2355 718 2416 ab
731 2357 888 2421 universis
903 2359 1046 2441 qualiter
1056 2361 1281 2444 unusquisque

137 2439 270 2502 illorum
294 2443 351 2522 qui
371 2443 411 2504 ad
431 2441 494 2502 hoc
516 2441 533 2502 a
552 2441 644 2502 nobis
664 2440 830 2502 constituti
845 2451 937 2517 sunt,
959 2441 1100 2504 officium
1117 2443 1178 2506 sibi
1197 2465 1283 2506 cum·
1337 2463 1340 2466 ·

134 2524 269 2586 missum
286 2523 467 2588 seeundum
483 2524 545 2584 Dei
562 2524 762 2586 voluntatem
775 2525 816 2586 ad
829 2525 1004 2592 iussionem
1022 2533 1162 2588 nostram
1175 2527 1282 2588 'admi-

136 2605 255 2668 nistret
272 2605 306 2666 in
329 2608 469 2690 populo,
492 2614 525 2667 et
544 2607 641 2689 quam
662 2607 839 2669 concordes
852 2617 949 2690 atque
967 2607 1137 2672 unanimes
1160 2607 1281 2672 adhoc

133 2687 219 2768 sint,
241 2688 294 2751 vel
310 2689 452 2771 qualiter
474 2689 616 2752 vicissim
638 2688 699 2749 sibi
721 2690 881 2752 auxilium
905 2692 1012 2752 ferant
1036 2691 1076 2754 ad
1101 2692 1283 2754 ministeria

137 2793 194 2832 sua
209 2773 407 2854 peragenda.
449 2771 492 2833 Et
507 2781 572 2832 tam
590 2769 767 2854 diligenter
787 2793 824 2835 ac
841 2769 991 2836 studiose¹
1004 2773 1089 2836 hanc
1111 2774 1283 2860 investiga·

133 2852 261 2917 tionem
289 2855 427 2932 faciant,
452 2864 489 2915 ut
513 2875 641 2916 omnem
665 2854 715 2916 rei
736 2856 905 2918 veritatem
927 2877 988 2939 per
1010 2877 1064 2920 eos
1087 2859 1282 2940 cognoscere

136 2937 312 3010 valeamus.
354 2938 396 2999 Et
417 2936 443 2998 si
464 2937 574 3018 aliqua
592 2936 666 2998 talis
685 2958 779 2999 causa
800 2939 841 3000 ad
858 2960 971 3000 eorum
988 2939 1138 3018 notitiam
1155 2941 1283 3023 perlata

71 3025 75 3030 '
134 3019 237 3079 fuerit
264 3040 347 3100 quae
381 3019 514 3080 illorum
548 3019 672 3080 auxilio
706 3019 876 3104 indigeat,
906 3024 1085 3086 secundum
1110 3022 1283 3105 qualitates

132 3123 305 3164 causarum
319 3124 402 3186 quae
419 3102 452 3162 in
466 3110 575 3164 nostro
590 3101 772 3184 Capitula'ri
786 3103 1017 3181 continentur,
1032 3115 1113 3168 tunc
1133 3107 1283 3168 volumus

133 3185 287 3331 dthdfluct
310 3195 466 3270 pergant,
498 3194 531 3248 et
556 3207 596 3248 ex
630 3195 739 3248 nostra
767 3186 959 3251 auctoritate
997 3188 1082 3251 illud
1118 3188 1281 3275 corrigere

110 3281 112 3286 ’
212 3289 296 3330 ean.
689 3299 693 3314 ι

393 3433 1015 3498 ΟΟΜΜΟΝΙΤΟΒῙΙῙΜ

136 3549 273 3619 Datum
288 3551 525 3640 Hieremiae,
552 3551 839 3648 Archiepiscopo
861 3553 1085 3651 senonensi,
1105 3567 1141 3628 et
1155 3562 1281 3646 Ionae,

186 3649 369 3740 Episcopo
383 3649 660 3737 aurelianensi,
680 3653 702 3720 ai
719 3651 912 3724 Ludovico
928 3653 1017 3742 Pio,
1036 3655 1280 3750 Imperatore,

184 3748 571 3839 annoDCCCXXlV,
581 3775 664 3820 cum
673 3753 719 3824 ab
729 3751 809 3844 ipso
819 3752 951 3846 Legati
961 3751 1116 3826 Romam
1126 3757 1282 3828 irentad

185 3845 394 3938 Eugenium
412 3848 460 3918 ΙΙ.
482 3849 616 3943 Papam
638 3851 868 3942 Romanum,
888 3853 927 3924 iu
943 3875 1050 3926 causa
1064 3854 1279 3951 Imaginum.

135 3975 336 4095 Hrrnrursr
361 4043 394 4096 et
415 4035 539 4113 lonae',
569 4037 811 4101 venerabilibus
843 4039 1039 4124 Episcopis,
1074 4041 1109 4102 in
1139 4042 1282 4106 Domino

135 4116 283 4176 salutem.
327 4115 500 4200 Venerunt
529 4116 569 4178 ad
597 4121 812 4200 praesentiam
850 4131 992 4183 nostram
1023 4123 1222 4208 Halitgarius
1250 4137 1283 4188 et
1332 4171 1335 4176 -

135 4195 314 4260 Amalarius
328 4199 502 4283 Episcopi,
523 4221 584 4261 vni
638 4197 716 4263 ldais
729 4203 934 4283 Decembris,
957 4205 1143 4270 deferentes
1159 4209 1283 4272 collec-

135 4277 241 4345 tiones
269 4281 309 4348 dc
332 4283 424 4350 libris
451 4291 637 4350 sauctorum
658 4283 812 4370 Patrum,
839 4287 972 4372 quasin
997 4291 1172 4368 Conventa
1194 4292 1284 4381 apud
