2928 4986
270 343 415 402 ucuu.
528 335 663 398 neuun
685 332 917 398 truncorum
1016 337 1076 400 cn.
1201 315 1313 396 ‘³85'

65 473 69 487 ’
151 498 306 566 cogatur,
329 493 361 546 et
373 479 531 558 publicam
549 489 623 558 agat
631 481 871 567 poenitentiam.
912 477 951 543 Si
967 490 1071 540 antem
1086 499 1148 544 uon
1163 477 1220 546 ille
1237 483 1294 569 qm·

153 569 290 630 alterum
312 563 493 646 interfecit,
516 561 576 622 sed
596 563 624 622 is
651 565 708 646 qui
727 563 913 646 interfectus
933 574 1001 634 est,
1032 560 1165 626 eandem
1183 565 1295 628 rixam

153 651 343 721 commouit,
366 645 481 732 absque
494 645 723 728 compositione
739 647 841 706 iaceat
849 671 861 716 ,·
881 647 954 707 etis
970 644 1026 727 qni
1038 665 1109 706 eum
1119 645 1293 728 interfecit,

152 731 324 792 secundnm
341 729 495 790 indicium
513 729 701 789 canonicum
713 729 874 811 publicam
889 738 961 806 agot
976 728 1214 810 poenitentiam.
1255 728 1296 792 Si

152 813 321 876 cuiuslibet
330 813 483 896 proprius
496 814 607 868 servus
617 811 675 869 lucc
686 811 891 883 commiserit,
901 808 1021 869 iudicio
1030 828 1130 892 aquae
1131 808 1296 892 sternentis

153 897 354 958 examinetur
369 908 475 954 utrum
492 894 552 953 ltoc
569 889 679 974 sponte*
701 914 740 951 an
762 913 794 950 se
809 890 1012 973 defendendo
1017 890 1161 972 fecisset.
1202 893 1246 956 Et
1266 895 1297 954 si

153 997 264 1040 manus
278 979 344 1036 eius
359 987 474 1037 exusta
480 972 598 1056 suerit,
615 965 837 1056 interficiatur.
867 972 906 1033 Si
917 985 1021 1034 autem
1034 973 1227 1056 nonsnerit,
1237 997 1295 1061 pu·

153 1057 238 1126 ttictt
246 1056 443 1144 poenitentid
459 1055 628 1124 multetur,-
641 1055 797 1138 nicifortl
812 1057 923 1137 etipse
937 1067 1049 1117 auctor
1061 1069 1234 1120 commotae
1247 1060 1297 1120 in·

154 1156 274 1204 tereos
290 1137 499 1220 rixaeficerit
515 1141 685 1198 inventus.-
711 1149 783 1198 tunc
807 1137 954 1200 dominus
974 1139 1061 1212 eins,
1090 1141 1184 1202 iuxta
1209 1135 1299 1226 quod

151 1221 360 1302 widrigildns
371 1224 457 1283 illins
470 1235 529 1294 est,
544 1218 590 1280 ad
596 1219 773 1281 Ecclesiam
786 1221 964 1302 persoluat,
980 1231 1034 1280 aut
1047 1241 1130 1296 eum,
1145 1223 1175 1284 si
1187 1223 1297 1284 uolne-

154 1307 211 1378 rit,
226 1303 330 1368 eidem
339 1303 499 1366 Ecclesiae
513 1299 630 1364 tradat.
668 1303 718 1362 De
729 1303 942 1364 ecclesiastico
954 1314 986 1363 ct
985 1300 1145 1384 fiscalino
1158 1317 1190 1368 et
1203 1301 1295 1367 tene·

144 1386 282 1474 ficiario
299 1406 393 1447 servo
409 1385 557 1446 volumus
579 1395 614 1444 ut
625 1405 690 1482 pro
708 1406 770 1444 rena
784 1385 855 1447 vice
870 1383 1081 1464 widrigildus
1097 1386 1165 1447 eius
1180 1405 1297 1472 proco
1321 1379 1330 1396 ⁸

154 1481 380 1552 componatur,
403 1464 506 1528 alteri
527 1468 597 1527 vice
619 1487 686 1550 ipse
714 1487 826 1528 seruus
851 1466 897 1528 ad
918 1468 1108 1550 supplicium
1137 1469 1296 1532 tradatur.

155 1549 331 1612 Hereditas
356 1561 460 1610 tomen
480 1548 575 1610 liberi
598 1549 734 1611 hominis
743 1591 756 1622 ,
786 1551 843 1633 qni
862 1563 997 1632 propter
1022 1547 1233 1632 talesacinus
1250 1551 1300 1615 ad

155 1646 289 1696 mortem
297 1629 403 1713 fuerit
419 1630 597 1704 iudicatus,
622 1618 671 1690 ad
689 1631 845 1710 legitimos
861 1631 994 1692 heredes
1012 1632 1100 1692 illins
1118 1635 1298 1717 permaniat.

156 1712 196 1780 Si
211 1714 245 1776 in
268 1715 351 1776 atrio
375 1712 558 1784 Ecclesiae,
581 1715 670 1775 cuius
683 1726 779 1798 porta
799 1713 954 1798 deliquiis
974 1713 1164 1776 Sanctorum
1183 1737 1297 1781 conse-

156 1809 247 1860 crata
268 1808 334 1870 est,
355 1795 573 1858 huiuscemodi
594 1795 803 1857 homicidium
817 1808 1033 1880 perpetratum
1046 1795 1175 1878 suerit,
1198 1798 1298 1860 simili

157 1877 253 1942 modo
276 1876 459 1940 emendetur
477 1889 507 1938 et
529 1889 746 1963 componatur.
787 1877 826 1937 Si
846 1875 926 1939 verti
945 1891 1042 1961 porta
1056 1879 1219 1942 Ecclesiae
1234 1901 1300 1944 non

155 1973 204 2023 est
218 1975 418 2033 consecrata,
441 1980 478 2022 eo
493 1959 589 2024 modo
605 1969 813 2043 conspuuntur
834 1957 923 2040 quod
930 1961 968 2038 ,in
981 1962 1064 2024 atrio
1077 1965 1314 2038 committitur,-

157 2045 238 2124 sicut
250 2044 398 2127 componi
411 2039 503 2104 debet
525 2043 613 2126 qnod
627 2044 662 2102 in
679 2042 875 2102 immunitate
891 2039 1015 2114 uiolata
1029 2044 1248 2110 committitur.
1258 2052 1299 2120 o)

158 2153 214 2216 De
240 2167 277 2214 eo
310 2151 367 2234 orci
393 2161 528 2235 propter
553 2147 761 2235 cupiditatem
788 2167 895 2210 rernm
926 2139 1139 2236 quemcunque
1169 2153 1302 2240 propin·

238 2263 239 2268 1
477 2253 612 2317 quorum
632 2253 761 2294 snorum
782 2231 988 2312 interfecerit.

242 2315 288 2379 ll.
331 2313 531 2397 Quicunque
556 2325 691 2400 propter
714 2314 924 2398 cupiditatem
949 2332 1059 2375 rerum
1079 2321 1225 2399 putrem,
1246 2326 1304 2381 eut

161 2406 313 2477 matrem,
335 2409 391 2460 aut
409 2401 560 2478 fratrem,
588 2409 643 2460 unt
664 2415 830 2475 sororem,
852 2395 905 2459 vel
929 2405 1098 2480 nepotem,
1120 2396 1174 2461 vel
1198 2399 1300 2461 elium

158 2483 379 2565 propinquum
410 2499 504 2542 suum
531 2481 752 2558 interfecerit,
786 2478 950 2556 hereditas
974 2479 1045 2541 eins
1070 2480 1236 2544 interlecti
1261 2482 1303 2546 ad

159 2565 239 2626 ulios
254 2581 327 2625 suos
343 2564 502 2647 legitimos
517 2565 653 2626 heredes
693 2563 855 2634 ervenium
878 2561 1097 2624 interfectoris
1114 2571 1192 2626 vero
1208 2557 1304 2628 here·

159 2647 241 2709 ditus
266 2647 298 2706 in
321 2645 431 2707 liscum
447 2648 623 2731 redigatur.
664 2586 738 2730 lpse
763 2663 841 2710 vero
867 2643 1039 2710 ordinante
1054 2643 1217 2732 Episcopo
1238 2668 1303 2733 pu·

157 2726 263 2791 blicue
286 2729 507 2812 poenitentiae
535 2731 700 2792 subdetur.

159 2837 208 2904 De
230 2836 396 2898 crn'uslilrt
409 2837 548 2932 propria
565 2853 671 2899 ¹encore
693 2835 844 2910 dimissa,
867 2833 922 2896 uel
934 2836 1002 2895 sine
1014 2833 1111 2922 culpo
1124 2832 1304 2920 interfecta.

244 2917 308 2980 lll.
351 2921 550 3000 Qurcunque
573 2919 703 3002 proprii
726 2939 827 2980 uxore
848 2917 1023 2995 derelicti,
1045 2915 1184 2981 velsine
1209 2939 1306 2982 cause

159 2996 350 3078 interiecti,
381 3001 478 3061 uliam
503 3001 635 3064 duxerit
663 3023 821 3080 uxorem,
844 3000 940 3062 ermis
965 2998 1120 3084 depositis
1140 3001 1306 3084 publicam

161 3092 231 3165 rigat
247 3082 490 3165 poenitentium.
532 3083 574 3146 Et
591 3083 617 3146 si
632 3093 805 3145 contumax
827 3083 948 3166 fuerit,
969 3082 1267 3164 comprehendetur
1286 3084 1304 3146 d

160 3167 309 3244 comite,
341 3174 373 3226 et
390 3167 479 3227 ferris
501 3165 684 3244 vinciatur,
708 3175 740 3228 et
767 3167 800 3228 in
826 3165 975 3230 custodie
1004 3165 1170 3248 mittetur,
1200 3167 1306 3231 donee

161 3269 213 3312 res
233 3249 274 3309 ad
292 3257 435 3310 nostrum
458 3249 604 3311 notitiam
625 3248 815 3312 deducatur.
1116 3321 1117 3324 Ἴ

287 3329 334 3391 De
356 3352 392 3390 eo
415 3333 470 3412 qni
490 3329 681 3402 resultemus
704 3333 833 3394 cuilibet
850 3331 973 3394 leomiut‘
988 3327 1182 3392 vendiderit.

214 3409 298 3493 ¹IV.
342 3413 541 3496 Quicunque
564 3435 616 3478 res
644 3414 766 3476 alienus
795 3414 932 3476 cuilibet
957 3411 1083 3474 homiui
1103 3409 1307 3494 vendiderit,
1362 3451 1368 3459 ‹

159 3505 193 3559 et
215 3497 281 3578 ipsc
301 3495 398 3556 homo
417 3498 544 3558 easdem
560 3517 611 3558 res
634 3495 731 3558 elicui
756 3497 851 3558 elteri
873 3494 1001 3559 dederit
1019 3495 1087 3558 sive
1111 3495 1308 3576 vendiderit,

161 3588 194 3639 ct
208 3577 276 3660 ipse
289 3578 345 3659 qui
360 3588 440 3640 tuuc
457 3581 585 3640 cusderu
606 3601 658 3640 res
673 3589 868 3660 comparetur
880 3577 996 3656 hebet,
1009 3599 1069 3661 per
1083 3579 1205 3640 malum
1218 3577 1308 3661 inge·
1393 3613 1395 3620 s

162 3660 254 3720 nium
268 3660 400 3742 proprio
421 3662 489 3722 utto
513 3671 569 3722 aut
587 3661 681 3724 ultori
703 3662 839 3723 cuilibet
862 3663 1002 3724 necdum
1022 3661 1184 3743 legitimos
1205 3681 1309 3725 unnot

160 3739 317 3818 liubeuti,
338 3739 479 3804 iustitiae
504 3745 669 3806 tollendae
697 3748 812 3822 causi,
834 3743 1023 3821 tradiderit,
1045 3743 1194 3804 volumus
1210 3751 1308 3826 utque

160 3823 297 3885 tirmiter
319 3825 536 3907 praecipimus
555 3834 591 3888 ut
608 3826 634 3888 si
653 3838 744 3909 peter
764 3826 910 3890 eiusdem
929 3824 1060 3910 parvuli
1079 3824 1217 3903 vixerit,
1241 3825 1326 3910 ipse,

160 3910 263 3972 intret
288 3905 322 3967 iu
351 3925 480 3968 censum
501 3909 659 3969 cntionem
682 3907 841 3972 reddendi
863 3931 923 3994 pro
944 3908 1102 3969 filiosuo.
1145 3905 1179 3970 si
1201 3916 1311 3970 autem

183 3999 252 4050 uter
273 3989 340 4072 ipsc
367 4001 513 4054 mortuus
536 4001 603 4069 cst,
626 4001 705 4054 tunc
726 3990 892 4075 legitimus
910 3991 980 4053 eius
997 3989 1228 4074 propinquus,
1250 3989 1311 4072 qui

159 4072 245 4135 ruste
276 4069 307 4134 ei
334 4081 423 4134 tutor
454 4089 491 4136 ac
523 4069 675 4138 delensoc
700 4090 769 4140 csse
792 4075 946 4154 videtur,
967 4095 1027 4162 pro
1054 4074 1124 4156 ipso
1152 4071 1311 4135 rationem

168 4182 416 4200 mu-

195 4234 238 4295 s)
261 4226 298 4279 at.
316 4245 377 4282 mss.
412 4227 458 4284 hie
482 4227 611 4284 addente
637 4229 710 4286 sicut
860 4229 987 4300 puriori,
1008 4227 1084 4300 quod
1102 4211 1207 4281 iudicet
1228 4221 1312 4295 Capi·

166 4356 170 4362 ,
263 4300 423 4357 conuncutr
441 4303 470 4356 in
488 4301 647 4372 capitulari
662 4319 711 4356 cre
862 4300 951 4355 tulere
968 4301 989 4352 Ι.
1009 4299 1160 4369 unciaru,
1181 4313 1238 4371 cap.
1255 4315 1275 4350 ι.

968 4403 1015 4474 25
