2920 4972
160 289 210 380 78
397 309 431 366 a,
450 303 542 363 cun.
646 301 905 362 carnuntum
995 304 1057 372 tar.

241 447 423 514 ctoritatem
438 445 552 528 recipi,
574 447 654 508 haec
671 457 755 508 snut.
778 447 913 509 Genesis
926 449 1052 530 mandi,
1072 449 1206 516 Euodus
1228 452 1298 516 Ae«

238 530 1051 680 tttteltitt‘teltttt’1ttt²⁸ttttt¹¹t
1083 536 1161 676 'isu
1193 535 1295 614 ΝΜ

240 641 316 760 libri
336 658 413 770 chia,
432 659 553 756 Esdrae
576 634 651 754 libri
673 694 749 774 duo,
779 632 864 756 litei
894 636 1102 783 Psalrirortirlnil
1119 639 1295 778 gillilallllbn

219 779 354 844 'verbia
376 777 568 855 Salomonis,
586 778 719 839 Cantica
738 777 956 858 Canticorum,
977 780 1199 860 Ecclesiastes,
1221 783 1293 860 Joh,

239 862 370 938 Esther,
384 860 566 920 Duodecim
589 859 782 944 Prophetae,
808 859 857 922 id.
871 869 929 938 est,
956 863 1054 942 Osee,
1081 861 1187 942 Amos,
1209 862 1293 945 Joel,

236 945 378 1021 ¹Abdias,
422 945 538 1020 Jonas,
573 941 732 1020 Micheas,
758 945 880 1022 Nattm,
907 944 1061 1025 Abacuc,
1094 946 1293 1028 sophonias,

242 1031 401 1112 Aggasus,
432 1023 612 1103 Zacharias,
638 1025 820 1094 Malachiae.
862 1027 944 1092 Item
967 1027 1074 1106 Isaiae,
1103 1029 1293 1110 Hieremias,

237 1109 407 1185 Ezechiel,
435 1107 564 1170 Daniel.
604 1109 688 1170 Novi
721 1109 901 1170 testamenti
930 1109 1108 1194 Evangelia
1136 1121 1294 1192 quatum

153 1214 156 1219 ·
240 1192 422 1257 secundum
438 1190 647 1268 Matthaeum,
661 1190 842 1252 secundum
856 1193 1011 1270 Marcum,
1032 1193 1213 1256 secundirm
1226 1197 1294 1258 Lu·-

242 1273 520 1353 cam,secundi1m
546 1276 713 1336 loannem.
761 1269 860 1336 Actus
891 1275 1127 1358 Apostolorum.
1178 1273 1296 1338 Cathoss

228 1363 323 1422 *licae
351 1356 506 1439 epistolae
530 1355 620 1418 Petri
644 1356 685 1432 ll,
722 1355 832 1418 Iacchi
850 1357 875 1437 1,
908 1358 1042 1422 loannis
1056 1359 1113 1437 111,
1147 1359 1294 1422 Judae'l.

239 1439 403 1524 Epistolae
419 1437 514 1500 Pauli
529 1437 853 1520 mundanarum,
868 1438 907 1504 ad
932 1439 1117 1502 Corinthios
1132 1441 1235 1528 prima
1261 1452 1295 1502 et

240 1522 393 1599 secunda,
424 1520 465 1581 ad
486 1521 625 1598 Galatas,
659 1519 700 1581 ad
712 1521 890 1604 Ephesios,
913 1523 967 1586 ad
994 1522 1231 1608 Philippenses,
1253 1523 1295 1586 ad

240 1607 460 1681 Colosseuses',
497 1603 538 1665 ad
557 1601 863 1666 Thessalonicenses
890 1605 1048 1690 primast
1075 1608 1229 1686 secunda,
1253 1607 1294 1668 ad

242 1687 451 1779 Timotheum
471 1685 513 1765 ll,
531 1685 572 1748 ad
586 1685 708 1764 Titum,
728 1686 768 1748 ad
786 1685 1025 1768 Philemonem,
1042 1687 1082 1752 nd
1100 1689 1273 1756 Hebraeos.

276 1865 327 1926 De
349 1861 518 1946 Episcopis
539 1817 731 1922 ordinandis
747 1861 803 1922 nel
820 1837 1008 1946 quibuslibet
1022 1883 1066 1926 er
1084 1862 1187 1938 Clero.

375 2012 642 2091 ,classen
684 2030 734 2075 ιτ
776 2009 1084 2078 Mnaseus.

240 2151 328 2214 XXI.
370 2151 409 2212 ln
442 2148 592 2213 Concilio
614 2147 884 2231 ctnlcedonensi,
908 2159 1024 2216 utnon
1046 2147 1294 2240 o'orteatEpis-

159 2258 277 2320 copam
296 2243 351 2296 aut
370 2233 549 2316 quemlibet
571 2254 612 2294 ex
632 2233 730 2296 Clero
750 2255 811 2316 per
837 2232 992 2318 pecunias
1015 2173 1181 2299 ordinari:
1216 2237 1294 2322 quia

159 2319 290 2402 utrique
307 2315 494 2400 deponendi
509 2323 596 2394 sunt,
614 2323 647 2378 et
665 2316 723 2400 qui
738 2315 876 2394 ordinat,
895 2315 1000 2400 etqui
1017 2317 1197 2398 ordinatur,
1219 2342 1294 2384 neo-

159 2421 226 2463 non
239 2409 272 2462 et
287 2399 344 2482 qui
359 2399 518 2461 mediator
532 2408 581 2460 est
598 2399 686 2460 inter
702 2420 765 2462 eos.
807 2398 888 2462 Item
905 2397 945 2464 ‹le
964 2399 1078 2464 eadem
1092 2421 1127 2462 re
1143 2401 1177 2464 in
1193 2425 1292 2466 cano-

159 2485 256 2548 nibus
269 2481 498 2566 Apostolorum
511 2481 649 2566 legitur;
672 2502 769 2563 quam
790 2479 950 2548 haeresim
975 2481 1037 2544 iam
1061 2483 1297 2580 ipseprinceps

159 2565 388 2651 Apostolorum
404 2565 438 2626 in
454 2565 591 2627 ¹Simone
613 2565 706 2650 Mago
722 2563 913 2628 terribiliter
931 2563 1106 2630 damnant

180 2708 281 2774 Cone.
296 2703 408 2767 Chalc.
431 2725 502 2766 cau.
528 2725 556 2766 a.
599 2704 634 2766 Si
663 2703 736 2786 quis
761 2703 941 2790 Episcopus
971 2705 1211 2770 ordinationem
1235 2729 1294 2792 pro

243 2787 384 2876 pecunia
408 2787 534 2865 fecerit,
557 2795 590 2848 et
607 2785 792 2850 vendiderit
808 2809 878 2850 rem
896 2807 979 2874 qnae
1014 2789 1077 2850 nisi
1105 2792 1208 2874 gratia·
1226 2813 1294 2852 non

244 2871 284 2934 ad
310 2871 439 2948 uiuitur,
456 2879 488 2931 et
511 2867 570 2932 snb
586 2869 726 2954 pecunia
746 2869 945 2934 ordinaverit
964 2871 1144 2958 Episcopus
1163 2875 1296 2956 provin·

244 2893 360 3016 cialem
375 2953 582 3037 Episcopum,
598 2952 667 3015 sive
686 2951 914 3036 Presbyterum
941 2953 995 3019 vel
1021 2954 1215 3034 Diaconum,
1239 2963 1295 3015 aut

244 3059 358 3100 eorum
376 3055 571 3122 quemquam
591 3034 649 3117 qui
673 3033 708 3094 in
730 3055 866 3097 numero
890 3035 1093 3098 Clericorum
1119 3037 1295 3098 coutinen-

242 3130 307 3198 tur,
329 3129 384 3180 aut
403 3119 533 3202 acceptet
552 3116 692 3202 pecunib
711 3119 828 3179 fecerit
849 3119 1073 3180 oeconomum
1089 3121 1141 3180 vel
1168 3119 1294 3180 Defen-

243 3223 360 3280 sorem,
381 3203 436 3266 vel
460 3200 648 3280 Ostiarium,
670 3197 724 3262 vel
746 3219 974 3284 quemcunque
990 3199 1318 3283 huiuscemodi,pro

244 3284 447 3368 turpitudine
464 3283 548 3346 lucri
564 3283 621 3366 qni
641 3283 703 3344 hoc
718 3281 832 3346 fecisse
846 3283 1012 3382 probatur,
1033 3281 1083 3342 sui
1106 3282 1221 3364 gradus
1240 3303 1296 3364 pe-

242 3365 580 3432 riculumsustinebit.
624 3365 689 3428 Sed
704 3372 736 3424 et
758 3363 784 3426 is
797 3385 854 3450 qur
876 3361 1054 3442 ordinatur,
1080 3364 1163 3424 nihil
1184 3385 1224 3426 ex
1245 3385 1295 3424 or·
1366 3399 1367 3404 κ

244 3450 411 3512 dinatioae
439 3471 521 3534 quae
541 3470 600 3534 pro
623 3446 842 3530 negotiatione
874 3444 1040 3530 processit,
1068 3445 1217 3526 utilitatis
1245 3469 1296 3506 ac·

244 3533 371 3616 quirat3
395 3534 451 3596 sed
475 3532 529 3592 fiat
553 3529 717 3614 dignitatis
733 3529 787 3592 vel
804 3529 853 3591 rei
877 3549 960 3613 quae
981 3527 1043 3610 ipsi
1071 3550 1129 3612 pro
1154 3531 1294 3612 pecunia

246 3616 412 3684 commissa
432 3625 489 3692 est,
512 3615 648 3676 alienus.
690 3611 724 3674 si
742 3611 816 3692 quis
842 3619 950 3676 autem
976 3609 1027 3672 his
1060 3619 1125 3672 tam
1145 3612 1295 3708 turpibus

245 3709 277 3760 et
310 3697 442 3760 nefariis
474 3697 574 3758 lucris
606 3695 732 3758 medius
756 3693 942 3756 interfuisse
971 3692 1112 3774 videtur,
1144 3703 1184 3754 et-
1208 3709 1245 3774 rs,
1269 3695 1296 3756 si

166 3829 168 3836 t
244 3781 378 3863 quidem
407 3780 554 3844 Clericus
584 3777 695 3856 fuerit,
723 3777 933 3862 degradetur;
955 3775 983 3838 si
1007 3776 1084 3839 verb
1112 3777 1214 3840 laicus
1241 3787 1297 3841 aut

220 3863 434 3943 Monachus,
458 3860 754 3924 anathematizetur.
944 3859 947 3867 ’

183 3982 269 4042 Cam
286 3988 385 4062 apost.
411 3981 461 4042 50.
505 3977 539 4042 Si
566 3977 639 4062 quis
658 3975 839 4062 Episcopus
856 3983 911 4039 aut
935 3971 1118 4060 Presbyter,
1149 3983 1204 4038 aut
1222 3975 1298 4038 Dia-

245 4084 358 4141 couus,
375 4084 435 4146 per
450 4061 605 4145 pecunias
620 4059 706 4122 hanc
736 4059 916 4122 obtinuerit
938 4057 1138 4144 dignitatem,
1162 4058 1296 4130 deiicia-

225 4155 300 4205 atur
315 4145 371 4205 eti
396 4166 429 4206 se
450 4154 482 4206 et
503 4143 670 4208 ordinator
688 4142 768 4218 eius,
785 4143 851 4205 eth
870 4142 1098 4204 communione
1113 4140 1217 4206 modis
1232 4163 1302 4204 orm¹

246 4227 341 4290 nibus
359 4166 553 4309 abscidatur,
574 4225 790 4294 sicut'Simoa
809 4225 927 4312 'Megas
946 4225 964 4286 b
982 4225 1090 4296 Petro.
