2928 4986
243 304 383 365 ncau.
497 297 633 357 uacua
654 297 892 356 ruaucoaun
1004 293 1064 355 aar.
1209 277 1282 350 397

137 449 311 515 auctoritas
338 447 390 511 soi
415 443 537 528 vigoris
559 448 750 526 perpetuam
768 433 923 524 'obtineat
949 437 1150 517 firmitatem,
1184 457 1285 499 mauu

135 534 269 620 propria
294 533 407 594 subter
428 547 500 590 cam
524 525 739 604 firmavimus,
767 531 802 586 et
825 524 919 584 anuli
944 522 1047 584 nostri
1070 520 1283 607 impressione

134 619 266 703 signare
282 614 442 676 iussimus.
931 686 939 702 ·

221 699 358 781 Signum
373 698 575 756 Hannouvrcr
597 687 734 774 piissimi
751 689 966 772 Imperatoris.

220 785 447 845 Hmumnaaus
461 774 613 835 Notarius
637 773 677 834 ad
694 773 797 835 vicem
822 773 1006 832 Taaooouts
1020 771 1222 854 recognovit.
1304 829 1318 852 „

220 866 302 926 Data
317 861 396 924 ldus
412 857 510 934 Maii,
531 877 619 917 anuo
634 855 767 918 ‘Christo
780 853 922 937 propitio
935 855 1011 923 XXI
1025 852 1153 937 imperii
1163 854 1285 917 Domui

136 943 336 1010 tt-lodeuvici
354 940 490 1028 piissimi
506 933 661 1022 Augusti,
683 935 1086 1000 Indiction'e'duodecimd.

146 1105 150 1112 ῃ
221 1028 341 1090 Actum
364 1023 561 1108 Aquisgrani
584 1020 705 1108 palatio
723 1019 815 1104 regio
836 1019 871 1080 in
891 1019 954 1082 Dei
978 1019 1110 1083 nomine
1131 1017 1285 1085 feliciter.

139 1113 254 1175 limen.

307 1271 522 1338 catara
562 1264 865 1338 utvtstottts
908 1261 1118 1333 IMPERII

137 1419 247 1492 'Inter
273 1416 497 1510 Pippinum,
534 1413 764 1484 [ludovicum
785 1423 827 1482 'et
852 1411 1051 1508 Karolum,
1090 1409 1186 1485 filios
1210 1413 1285 1485 Im-

191 1517 393 1614 peratoris,
421 1514 505 1614 data
523 1530 619 1584 auno
632 1513 774 1583 'Christi
789 1510 1130 1584 DCCCXXXVII.
1155 1513 1284 1608 Aquif.

284 1693 287 1701 ¹
342 1611 471 1710 grani,
498 1614 537 1688 iu
559 1613 723 1706 generali
748 1611 883 1706 Populi
909 1611 1115 1686 Conventa.

143 1755 195 1867 In
227 1802 358 1866 nomine
387 1800 521 1863 Domini
547 1792 622 1880 Dei
649 1807 686 1860 et
715 1797 892 1864 salvatoris
925 1797 1027 1884 nostri
1054 1799 1129 1862 Iesu
1153 1796 1286 1866 Christi,

143 1885 387 1963 Hludouvicus‚
420 1881 530 1946 divinat
557 1881 729 1944 ordinante
754 1883 894 1946 Provide
922 1883 986 1962 tia,
1017 1883 1198 1967 Imperator
1217 1882 1287 1946 Aa.

144 1980 280 2056 gustus,
302 1967 452 2030 omnihus
470 1965 639 2029 Fidelibus
665 1973 793 2027 sanctae
818 1967 879 2027 Dei
895 1906 1087 2044 &eclesiam
1116 1976 1148 2028 et
1167 1975 1286 2028 cuncto

144 2052 307 2116 catholico
324 2051 471 2134 Populo,
493 2047 656 2133 praesenti
675 2048 801 2110 scilicet
816 2058 849 2131 et
864 2051 998 2127 futuro,
1021 2049 1167 2132 gentium
1182 2073 1218 2112 ac
1233 2071 1288 2109 nu·

144 2139 273 2200 tionum
298 2155 382 2218 qnae
397 2132 458 2194 stt>
479 2131 615 2216 imperio
634 2153 670 2194 ac
682 2131 841 2214 regimine
860 2141 970 2194 nostro
992 2133 1185 2194 constitutae
1201 2141 1288 2196 sunt.

143 2222 265 2283 Notum
286 2215 357 2277 fieri
386 2217 537 2277 volumus
567 2215 713 2276 omnium
738 2223 882 2277 vestrum
911 2213 1060 2276 solertiae
1086 2215 1176 2297 quod
1200 2217 1289 2278 inter
1379 2273 1386 2281 .

147 2303 283 2366 dilectos
313 2299 398 2361 filios
432 2307 556 2363 nostros
592 2298 786 2380 Pippinum,
817 2297 1077 2378 Hludouvicum,
1110 2299 1287 2376 Karalum,

145 2385 239 2466 regni
259 2382 352 2444 nobis
379 2381 484 2444 dDeo
502 2381 662 2462 commissi
681 2381 778 2442 talem
798 2379 991 2442 divisionem
1010 2381 1118 2441 facere
1138 2381 1286 2444 decrevi-

144 2489 235 2544 mus,
254 2475 291 2526 ut
302 2474 374 2548 post
387 2474 533 2525 nostrum
548 2453 586 2524 als
599 2461 660 2525 hac
674 2461 867 2524 mortalitate
881 2463 1050 2532 decessum
1063 2466 1288 2547 uuusquisque

145 2551 279 2612 illorum
294 2545 376 2610 scire
394 2548 517 2624 valeat,
540 2547 566 2609 si
582 2567 635 2608 cos
650 2545 762 2608 diviua
779 2545 882 2628 pietas
902 2541 996 2608 uobis
1014 2547 1202 2628 superstites
1219 2567 1287 2609 esse
1400 2581 1407 2588 ·

145 2631 307 2708 voluerit,
329 2652 411 2714 quae
431 2631 538 2714 portio
552 2629 613 2690 sihi
631 2629 671 2691 ad
687 2629 868 2691 tenendum
890 2639 985 2711 atque
1002 2627 1252 2712 gubernandum
1270 2629 1309 2704 a,

145 2714 239 2777 nobis
258 2713 422 2796 adsignata
439 2713 490 2774 sit.
533 2709 638 2792 Quam
658 2711 855 2774 divisionem
879 2733 917 2772 eo
934 2711 1029 2778 modo
1050 2710 1235 2775 describere
1252 2734 1289 2773 ac

146 2797 316 2880 designare
338 2797 509 2874 volumus,
531 2806 569 2856 ut
591 2788 712 2878 singuli
730 2795 820 2856 iuxta
836 2795 1077 2858 ordi-nationem
1096 2804 1291 2856 nostramet

146 2881 226 2940 fines
247 2877 341 2962 regni
362 2879 413 2940 sui
435 2877 547 2962 quiin
570 2871 769 2962 alienigenas
789 2878 1030 2958 extenduntur,
1053 2901 1127 2941 cum
1149 2879 1210 2940 Dei
1231 2879 1289 2940 ad-

146 2961 266 3023 iutorio
285 2961 462 3024 defendero
477 2969 619 3022 statuant
637 2961 672 3023 ac
691 2961 857 3038 studeant,
881 2972 914 3023 et
928 2980 1041 3046 pacem
1064 2983 1100 3023 ac
1114 2963 1289 3022 fraternam

146 3045 311 3106 caritatem
334 3043 421 3104 inter
439 3065 472 3106 se
488 3043 650 3105 custodire
664 3046 803 3105 valeant.
846 3044 947 3106 Cuius
969 3043 1136 3108 divisionis
1156 3045 1289 3108 modum

146 3136 243 3210 atque
259 3125 498 3188 ordinationem
512 3127 611 3187 talem
629 3125 723 3189 nobis
743 3127 850 3188 facere
872 3127 1005 3211 placuit.

229 3235 306 3317 Cap.
328 3231 356 3294 Ι.
397 3235 485 3294 Haec
507 3242 616 3294 autem
639 3232 696 3294 tali
718 3231 923 3294 ordinatione
946 3233 1182 3318 disposuimus,
1205 3246 1241 3298 ut
1261 3237 1289 3299 si

145 3326 217 3399 post
235 3325 382 3378 nostrum
399 3315 438 3376 ab
456 3315 517 3377 hac
535 3315 610 3378 luce
628 3316 802 3392 discessum
825 3313 944 3398 aliquis
965 3339 1080 3380 eorum
1098 3321 1289 3404 priusquam

145 3403 260 3461 fratres
281 3399 331 3461 sui
355 3399 447 3461 diem·
463 3397 601 3474 obierit,
623 3408 660 3460 et*
675 3399 772 3460 talem
789 3397 895 3459 tilium
916 3399 1090 3482 reliquerit
1109 3425 1209 3486 quem
1227 3425 1288 3488 po·

145 3483 243 3562 palus
260 3481 374 3568 ,ipsius
394 3481 518 3564 eligere
539 3481 683 3544 voluerit
706 3491 742 3542 ut
765 3481 850 3564 patri
875 3501 934 3543 suo
961 3485 1113 3546 succedat
1139 3486 1172 3547 in
1194 3487 1288 3570 regni

145 3563 346 3642 hereditate,
369 3563 520 3626 volumus
545 3573 581 3624 ut
604 3563 667 3645 hoc
691 3563 896 3626 consentiant
916 3565 1024 3648 patrui
1048 3567 1148 3651 ipsius
1173 3570 1288 3652 pueri,

40 3705 42 3711 ,
147 3656 180 3706 et
197 3665 331 3728 regnare
345 3647 534 3730 permittant
548 3646 653 3708 fitium
672 3647 780 3708 fratris
797 3647 848 3708 sui
869 3647 903 3706 in
922 3669 960 3709 eo
974 3669 1076 3732 regno
1094 3653 1183 3734 quod
1198 3662 1291 3736 pater

147 3728 217 3790 eius
235 3731 335 3790 frater
350 3751 463 3790 eorum
474 3731 598 3791 habuit.
640 3729 738 3808 Quod
755 3729 781 3790 si
799 3729 898 3790 talem
917 3731 1022 3794 filium
1043 3755 1107 3796 non
1126 3735 1288 3814 habuerit,

146 3819 225 3872 tunc
241 3813 391 3874 volumus
412 3821 449 3872 ut
461 3812 518 3873 illa
528 3834 601 3896 pars
614 3812 707 3892 regni
725 3825 824 3894 quam
842 3812 929 3874 idem
944 3814 1100 3895 hahebat,
1123 3817 1289 3882 dividatur

146 3892 325 3976 aequaliter
347 3894 434 3957 inter
457 3893 532 3958 illos
551 3896 666 3956 fratres
688 3895 746 3978 qui
769 3895 958 3980 superstites
979 3901 1206 3964 remanseriut.

228 4000 269 4062 11.
311 3999 441 4064 Placuit
469 4000 566 4064 etiam
594 4002 681 4063 inter
704 4001 886 4084 praedictos
915 4003 998 4067 tilios
1025 4013 1166 4070 statuere
1191 4019 1289 4094 atque

144 4084 349 4168 praecipere,
371 4094 505 4169 propter
520 4103 633 4168 pacem
651 4095 685 4146 et
701 4086 909 4148 concordiam
928 4109 1025 4171 quam
1041 4089 1128 4151 inter
1142 4113 1197 4154 eos
1210 4115 1288 4178 per-

145 4174 244 4248 petuo
263 4187 452 4250 permanere
468 4167 704 4248 desideramus,
727 4173 763 4230 iat
779 4169 891 4231 nullus
905 4191 1017 4233 eorum
1032 4171 1140 4236 fratris
1158 4174 1208 4237 sui
1226 4187 1289 4247 ter·

146 4248 250 4314 minos
272 4251 326 4315 vel
353 4251 447 4337 regni
474 4251 594 4315 limites
619 4251 773 4322 invadere
794 4256 993 4338 praesumat,
1022 4275 1130 4340 neque
1150 4257 1287 4322 fraudu-
