2920 4972
291 365 326 420 s.
345 361 432 421 cus.
539 363 676 423 neuun
714 363 944 423 rusuconuu
1049 367 1109 429 tu.
1226 349 1275 426 tt

149 512 182 569 ci
195 491 322 566 mutuis
339 493 524 587 gaudiis'ad
546 503 687 570 invicem
712 502 875 590 gratulari,
897 515 934 568 ut
959 505 994 566 in
1016 505 1147 569 vinculo
1167 509 1279 571 caritu-

147 587 189 650 tis
208 586 360 649 Christus
379 587 412 647 in
441 587 589 651 omuibus
613 598 646 650 et
675 590 714 650 ab
739 587 885 652 omnibus
912 588 1131 671 glorificetur,
1154 601 1278 654 vestrae

38 701 40 745 ς
148 668 318 732 screnitati
336 669 399 732 hoc
416 671 579 754 eulogium
603 669 752 733 duximus
771 669 1005 736 destinandum.
1048 674 1129 732 Cum
1149 673 1280 736 nobilis·

149 752 266 814 simam
288 753 571 834 Longobsrdorum
603 754 765 816 civitatem
791 775 864 814 cum
883 755 948 816 suis
979 755 1101 816 civibus
1131 755 1279 816 omnibus

149 844 264 895 nostro
283 835 461 895 dominatui
483 837 770 920 subiugarerimns,
790 846 822 896 et
845 837 968 898 Italiam
991 847 1087 898 totam
1101 847 1208 897 nostro
1224 837 1280 896 im·

148 917 245 1000 perio
266 917 407 978 feliciter
423 917 699 1002 subiugnverimus
723 918 839 980 Christi
855 920 1034 988 adiutorio,
1057 919 1108 980 oui
1132 919 1279 978 stimulari

39 1018 43 1087 Ἰ
150 999 382 1078 desideramus,
405 1002 474 1062 Rex
494 1001 680 1064 Desiderius
702 1002 996 1082 Longobardorum‚
1025 1006 1195 1083 Ducesque
1222 1003 1279 1062 Sa-

42 1102 46 1162 t,
149 1081 290 1159 xouiae,
312 1103 393 1162 quos
418 1085 534 1146 nostris
558 1085 688 1146 nutibus
713 1083 955 1164 inclinavimus,
983 1084 1228 1148 withimundus
1249 1093 1281 1144 ct

44 1192 46 1258 Ξ
149 1162 285 1240 Albion,
304 1167 460 1226 sumsere
489 1168 636 1228 omnibus
663 1167 779 1228 incolis
803 1167 976 1240 saxoniae,
998 1166 1144 1250 baptismi
1170 1186 1280 1226 susce·

192 1256 276 1306 runt
290 1257 534 1326 sacramentum,
550 1247 689 1310 Domino
712 1240 783 1310 lesu
806 1249 935 1311 Christo
961 1249 1000 1311 de
1024 1258 1150 1312 caetero
1181 1249 1281 1307 famu·

44 1391 45 1402 ,
166 1329 266 1422 atnri.
307 1332 375 1390 Hoc
392 1331 493 1412 igitur
509 1332 626 1393 salubri
645 1331 793 1392 mandato
810 1354 868 1415 ego
886 1332 1034 1398 Karalus.
1053 1334 1173 1412 Regum
1189 1328 1281 1391 Chri·

44 1433 45 1436 ’
150 1419 332 1473 suanorum
362 1414 567 1474 orientalium
590 1413 840 1497 potentissimus,
862 1438 928 1494 ros,
956 1436 976 1475 o
1002 1413 1127 1489 Oliane,
1156 1413 1282 1494 Regum

152 1493 406 1556 occidentalium
430 1497 685 1558 Christianorum
714 1497 951 1578 potentissime,
974 1497 1070 1580 cupio
1095 1493 1278 1572 laetificare,

43 1611 46 1634 .
153 1583 186 1636 et
198 1585 232 1638 te
255 1575 289 1638 in
307 1577 484 1642 dilectione
499 1579 631 1665 speciali
652 1579 800 1663 amplecti
816 1580 982 1643 sincerius.

380 1780 644 1843 CAPITULARE
684 1781 783 1842 ANNI
825 1783 1049 1844 DCCLXXIX.

154 1915 299 2012 Incipit
316 1909 689 2004 Decretum‘Koroli,
707 1919 873 2010 preciosi
898 1918 1013 2010 Regis
1034 1919 1277 1988 horreorum.

155 2059 275 2180 Anno
293 2118 433 2181 feliciter
448 2115 619 2178 undecimo
634 2115 724 2196 regni
743 2115 860 2174 Domni
885 2116 985 2176 nostri
1010 2117 1138 2196 Ksroli,
1158 2116 1280 2199 glorio·

156 2201 276 2264 sissimi
289 2201 395 2282 Regis,
412 2201 446 2260 in
464 2222 572 2260 mense
594 2199 719 2274 Martio,
738 2199 821 2258 facto
839 2197 1031 2278 Caipitulare,
1047 2199 1188 2278 qualiter
1206 2219 1282 2259 cou-

155 2284 295 2366 gregatis
317 2283 351 2342 in
369 2305 471 2344 unum
490 2282 636 2364 synodali
655 2281 802 2342 Concilio
819 2281 996 2362 Episcopis,
1019 2281 1203 2357 Abbatibus,
1221 2283 1280 2342 vi-

153 2365 266 2447 risque
288 2365 476 2428 inlustribus
488 2365 724 2440 (Comitibusz),
736 2385 798 2423 una
822 2385 895 2423 curn
918 2361 1057 2446 piissimo
1074 2365 1201 2425 Domno
1221 2385 1281 2425 no·

156 2457 244 2524 stro,
267 2449 443 2509 secundum
474 2447 536 2509 Dei
561 2447 778 2522 voluntatem,
800 2467 858 2530 pro
878 2445 979 2509 causis
996 2448 1182 2530 opportunis
1203 2467 1285 2509 con·

50 2551 51 2554 ¹
154 2540 331 2591 senserunt
347 2532 522 2596 decretum.

383 2662 563 2722 lnnrx
609 2659 1063 2720 Csrrrunonuu.

160 2785 184 2831 r.
220 2764 699 2850 UtsuffraganeiEpr'scopisub·
767 2762 797 2827 8.
826 2761 875 2820 De
892 2765 931 2821 iis
950 2765 1005 2846 qrsi
1016 2767 1098 2824 mori
1112 2764 1234 2833 debent,
1254 2778 1288 2824 ut

220 2851 295 2910 iccti
310 2853 374 2910 sint
394 2848 658 2929 Metropolitanis.
830 2843 868 2904 ab
902 2845 1045 2906 Ecclesia
1084 2867 1147 2907 non
1176 2844 1287 2928 desen·

159 2951 186 2990 2.
222 2930 264 2992 Ut
281 2933 433 3017 Episcopi
449 2930 635 2991 ordinentur
648 2929 701 2989 ubi
828 2939 944 2987 sentur.

221 3035 284 3074 non
301 3028 382 3075 sunt.
768 3032 798 3092 9.
830 3009 972 3088 Qualiter
991 3008 1031 3068 dc
1050 3008 1222 3070 latronibus
1234 3006 1288 3090 so-

46 3141 49 3157 .
159 3094 189 3161 5.
226 3095 267 3156 Ut
285 3093 700 3173 monasteriareguloriarc·
830 3093 974 3152 ciendum
998 3094 1049 3152 sit.

222 3180 326 3258 gulam
346 3177 532 3239 custodiant.
753 3195 799 3234 ro.
825 3175 874 3233 Dc
889 3177 1049 3259 periuriis.

160 3263 191 3339 4.
220 3262 269 3320 De
298 3274 451 3342 potestate
475 3258 702 3342 Episcoporum
755 3279 801 3322 11.
832 3257 880 3316 De
908 3258 1081 3318 latronibus
1107 3258 1185 3316 inste
1218 3275 1290 3340 per·

223 3364 317 3427 super
342 3345 545 3420 Presbyteros
570 3352 600 3400 et
630 3339 701 3400 Cle·
831 3342 958 3423 emptis,
993 3351 1023 3398 et
1052 3337 1092 3397 de
1113 3339 1287 3401 hominibus

223 3427 315 3486 ricos.
830 3421 942 3482 iniuste
962 3420 1082 3505 punitis

165 3507 193 3570 5.
224 3507 265 3567 Ut
312 3510 462 3593 Episcopi
511 3507 702 3569 incestuosos
755 3524 800 3564 12.
832 3502 874 3562 Ut
904 3525 941 3564 cc
967 3516 1187 3562 conserventur
1210 3522 1289 3584 quae

51 3631 54 3668 ς
224 3593 387 3652 enrendent
408 3604 437 3650 ct
455 3590 578 3650 viduas.
831 3587 865 3644 in
879 3586 1006 3669 placitis
1027 3597 1057 3644 et
1073 3584 1200 3660 synodis
1218 3585 1292 3668 Pip-

51 3722 54 3738 .
162 3669 193 3734 6.
224 3675 271 3734 De
301 3676 429 3734 ulterius
465 3673 584 3734 Clerico
607 3667 703 3754 Epis·
830 3669 923 3752 pinus
938 3669 1008 3726 Rex
1026 3668 1195 3730 constituit.

53 3775 54 3786 ¹
225 3759 297 3836 copi
331 3778 394 3816 non
434 3753 612 3841 recipiendo
648 3770 704 3811 nec
757 3751 802 3816 15.
829 3751 877 3810 De
901 3751 993 3810 nonis
1018 3760 1048 3807 et
1071 3746 1220 3820 decimis,
1245 3749 1293 3809 vel

224 3838 413 3898 ordinando.
834 3853 927 3894 censu
949 3831 1169 3890 Ecclesiarnm.

167 3940 195 4000 7.
226 3922 274 3980 De
299 3921 428 3980 decimis
455 3917 582 3990 dandis,
602 3930 706 4000 etpcr
758 3914 803 3987 14.
832 3916 880 3975 De
899 3926 995 3974 truste
1020 3911 1253 3991 nonfacienda.

225 4005 392 4064 iussionem
412 4000 563 4086 Episcopi
583 3999 707 4084 dispcn·
758 3997 805 4063 15.
832 3997 880 4058 De
920 3995 1096 4056 tributariis
1133 3994 1295 4055 Ecclesia-

226 4084 342 4154 scndis.
836 4101 914 4144 rum.

167 4218 422 4235 m

202 4288 231 4357 s)
248 4261 333 4344 Deest
350 4289 379 4342 in
397 4289 433 4348 sl.
450 4305 512 4341 mss.
549 4269 656 4338 tn'uso
676 4284 787 4351 legitur:
808 4299 865 4335 una
884 4299 943 4335 cum
967 4282 1121 4334 comitibus.
