2952 4988
189 255 264 328 206
481 269 517 325 Α.
536 264 625 328 can.
734 265 993 328 cariruaama
1095 271 1159 348 sos.
1262 331 1290 362 ,Ι

189 417 252 480 lint
275 413 357 475 iuste
379 431 490 473 causas
513 409 699 474 discernere
721 418 755 474 et
775 399 961 475 terminare.
1003 409 1045 477 Et
1071 412 1099 476 si
1123 399 1253 482 Comes
1269 437 1347 502 pru,

189 497 421 564 variarentur
445 493 558 573 suerit,
574 493 671 560 uobis
697 493 880 556 nuntietur.

661 601 719 665 De
735 601 876 664 teloneis.

265 703 362 774 xm.
401 705 450 770 De
469 707 608 770 teloneis
622 709 731 792 piacet
747 709 840 772 nobis
857 717 894 771 ut
909 711 1044 796 antiqua
1061 723 1093 776 et
1104 713 1188 778 iusta
1204 716 1344 782 telonea

188 791 479 880 ansgotiatoribus
497 791 680 874 exigantur,
700 801 766 854 tam
790 793 831 854 dc
852 793 1018 876 pontibus,
1043 818 1207 882 quamque
1232 809 1266 862 et
1298 803 1343 864 de

187 877 325 961 navigiis
341 897 398 940 seu
419 875 577 938 mercatis.
619 873 890 938 Novarerosive
909 875 1039 956 iniusta,
1062 879 1118 940 ubi
1151 882 1206 946 vel
1239 884 1343 948 funes

188 959 455 1037 tenduntur,‘vei
471 980 545 1026 cum
565 957 713 1020 nevimus
736 958 797 1020 sub
817 957 971 1056 pontibus
1000 963 1169 1042 transitur,
1198 986 1259 1028 seu
1284 965 1359 1029 his·

188 1043 318 1122 similia,
337 1043 371 1102 in
391 1039 509 1124 quibus
526 1039 655 1104 nullutn
685 1041 884 1104 adiutorium
913 1041 1106 1109 iterantibus
1133 1055 1340 1130 praestatur,

188 1139 312 1202 utnon
333 1121 513 1208 exigantur.
556 1123 714 1186 Similiter
732 1125 829 1186 etiam
848 1146 909 1186 nec
931 1127 971 1188 de
992 1116 1122 1212 hisipui
1142 1131 1213 1192 sine
1231 1153 1342 1216 nego-

187 1211 293 1276 tiandi
309 1229 404 1271 causa
424 1207 635 1270 substantiam
650 1229 740 1270 suam
756 1207 796 1270 de
819 1229 884 1268 una
912 1208 1008 1272 domo
1025 1214 1144 1275 sua'ad
1161 1213 1270 1291 aliam,
1281 1222 1341 1276 aut

189 1295 228 1356 ad
253 1291 418 1376 palatium,
440 1312 498 1351 seu
517 1289 550 1348 in
576 1290 756 1352 exercitum
786 1291 920 1352 ducunt.
963 1293 997 1354 Si
1027 1295 1108 1378 quid
1131 1318 1212 1358 vero
1233 1297 1342 1358 fuerit

189 1377 277 1438 unde
298 1373 477 1448 dubitetur,
509 1373 549 1434 ad
575 1371 760 1456 proximum
786 1373 943 1458 placitum
969 1387 1116 1440 nostrum
1146 1377 1341 1462 quodcum

189 1459 267 1546 ipsis
290 1457 397 1538 Missis
418 1453 562 1518 habituri
578 1479 701 1534 sumus,
727 1456 957 1540 interrogetur.

472 1565 528 1626 De
535 1561 689 1644 fugitivis
710 1561 843 1624 Clericis
862 1565 931 1626 sive
950 1565 1052 1627 laicis.

271 1674 360 1736 xlv.
402 1673 451 1733 De
473 1671 619 1754 fugitiuis
635 1669 773 1732 Clericis
790 1670 856 1732 sive
875 1667 977 1748 laicis,
994 1671 1048 1732 vel
1071 1673 1168 1736 etiem
1189 1675 1338 1757 feminis,

189 1757 274 1822 sicut
296 1757 361 1818 iam
384 1755 418 1814 in
441 1753 506 1816 alio
523 1753 701 1838 Capitulari
723 1754 958 1838 praecepimus,
982 1753 1028 1816 ita
1047 1769 1207 1824 serretur.
1294 1762 1310 1828 ,’

268 1865 328 1930 ,De
349 1863 458 1926 liberis
474 1862 653 1924 bominibus
670 1859 716 1920 ad
732 1861 897 1922 seruitium
907 1861 977 1924 Dei
990 1883 1023 1922 se
1041 1864 1250 1932 tradentibus.

269 1971 348 2034 xv„
385 1973 434 2032 De
456 1968 567 2032 liberis
580 1966 766 2032 horninibus
779 1967 837 2048 qui
854 1967 895 2030 ad
911 1969 1079 2032 servitium
1092 1975 1154 2036 Dei
1168 1997 1202 2038 se
1221 1975 1339 2038 trade-

188 2079 224 2119 re
242 2056 370 2131 volunt,
393 2063 429 2112 ut
452 2053 541 2136 prius
564 2051 626 2114 hoc
652 2073 715 2112 non
738 2051 860 2111 saciant
886 2055 1021 2134 quami
1048 2055 1141 2120 nobis
1164 2057 1338 2120 licentiam

188 2139 363 2228 postulent.
405 2138 473 2198 Hoc
495 2136 569 2196 ideo
588 2133 665 2216 quia
681 2134 864 2194 audivimus
878 2136 1003 2218 aliquos
1026 2159 1067 2198 ex
1091 2139 1157 2202 iilis
1180 2161 1246 2202 non
1268 2149 1337 2202 tam

189 2223 284 2288 causa
305 2218 500 2295 devotionis,
525 2216 814 2300 quamexercitum
836 2237 894 2278 seu
914 2217 1010 2279 aliam
1024 2221 1230 2287 functionem
1242 2244 1336 2306 rega·

189 2307 254 2366 lem
273 2301 441 2385 fugiendo,
461 2301 715 2396 quosdam-vero
737 2297 923 2382 cupiditatis
945 2305 1040 2363 causa
1066 2305 1105 2365 ab
1130 2303 1180 2366 his
1200 2306 1258 2386 qui
1278 2327 1334 2370 res
1384 2320 1387 2328 ’

190 2390 322 2450 iilorum
344 2393 593 2468 concupiscunt,
619 2382 856 2444 circumventos
878 2384 1075 2468 audivimus,
1109 2397 1142 2450 et
1165 2387 1229 2450 hoc
1255 2387 1334 2450 ideo

189 2463 260 2533 sieri
287 2467 508 2553 prohibemus.
785 2533 787 2536 ,
1131 2463 1140 2496 ·’

520 2553 575 2614 De
594 2549 797 2634 oppressione
808 2569 1001 2632 ,pauperum

271 2661 359 2724 xvl.
400 2637 449 2724 be
466 2656 675 2742 oppressione
695 2675 875 2740 pauperum
899 2654 1078 2718 liberorum
1092 2655 1276 2742 hominum,
1298 2673 1336 2726 ut

190 2742 256 2808 nori
279 2745 358 2804 fiant
380 2741 403 2801 b·
423 2740 666 2824 potentioribus
682 2761 741 2822 per
762 2737 896 2820 aliquod
912 2737 1035 2799 malum
1059 2740 1231 2884 ingenium
1253 2767 1335 2808 con-

189 2841 238 2892 tra
253 2826 407 2889 iustitiam
424 2823 578 2908 oppressi,
597 2821 644 2882 ita·
656 2831 692 2882 ut
709 2821 812 2882 coacti
832 2841 885 2880 res
903 2841 1017 2882 eorum
1030 2844 1093 2884 ven
1121 2835 1177 2886 ant
1197 2837 1253 2888 aut
1267 2837 1336 2888 tra-

190 2915 277 2984 dant.
320 2907 397 2970 idco
411 2905 492 2966 baec
510 2916 542 2967 et
555 2927 651 2989 supra
676 2903 774 2966 ethic
789 2903 828 2964 de
845 2903 958 2964 liberis
975 2905 1164 2970 horninibus
1180 2909 1345 2990 diximus,

190 3011 231 3056 ne
249 2997 334 3054 forte
360 2999 511 3087 parentes
532 2998 644 3051 contra
671 2985 827 3082 iustitiam
852 2985 931 3046 fiant
954 2987 1183 3067 exhereditati,
1202 3001 1337 3076 ebrega-

190 3079 221 3138 le
244 3079 436 3157 obsequium
450 3073 676 3148 minuatur,et
695 3071 704 3130 i
730 3091 756 3129 sa
774 3068 924 3145 heredes,
948 3080 1083 3152 propter
1105 3073 1334 3156 indigentiam,

190 3160 333 3222 mendici
348 3159 401 3218 vel
422 3156 563 3218 latrones
579 3177 636 3218 seu
653 3093 877 3216 maibfuctores
891 3151 1081 3214 efficiantur.
1123 3157 1170 3218 Er·
1197 3167 1235 3218 ut
1261 3175 1342 3227 sae-v

189 3247 262 3328 pius
278 3264 342 3302 non
360 3240 438 3300 fierit
454 3238 589 3298 manniti
613 3237 653 3298 ad
670 3235 837 3318 placitum,
862 3233 925 3294 nisi
953 3235 1036 3298 sicut
1058 3236 1092 3298 in
1116 3237 1181 3300 alio
1203 3241 1336 3326 Capitu-

190 3328 251 3391 lari
266 3321 500 3410 praecepimus,
518 3321 561 3380 ita
583 3328 741 3384 servetur.
1242 3353 1244 3358 ·

350 3445 357 3461 ¹
371 3489 375 3502 ,
389 3431 437 3506 De
452 3429 607 3492 Ecclesiis
623 3447 678 3488 seu
699 3425 828 3486 Sanctis
853 3427 981 3486 noviter
996 3427 1151 3518 inventis

265 3533 379 3602 'XVIL
420 3543 470 3602 De
485 3535 643 3602 Ecclesiis
667 3557 724 3596 seu
745 3532 872 3594 Sanctis
894 3529 1024 3594 noviter
1045 3532 1115 3594 sine
1145 3532 1334 3598 auctoritate

191 3624 345 3700 inventis,
378 3623 439 3686 nisi
467 3621 629 3704 Episcopo
653 3617 812 3700 probante
838 3612 972 3674 minime
998 3625 1214 3678 venerentur:
1246 3619 1335 3680 salvs

191 3708 288 3771 etiem
305 3706 394 3787 etde
416 3707 527 3766 bouet
546 3703 586 3766 de
609 3700 759 3764 omnibus
779 3695 936 3759 Ecclesiis
956 3699 1113 3764 canonici
1133 3699 1333 3764 auctoritate.

597 3811 646 3870 De
663 3805 763 3890 falsis
782 3805 929 3866 monetis:

222 3943 225 3950 .
274 3897 414 3959 XVlH..
437 3897 485 3956 Be
512 3893 600 3955 falsis
625 3890 775 3966 monetis,
801 3886 941 3969 quiain
973 3887 1085 3950 multis
1113 3874 1334 3974 lucissseonna
1391 3863 1395 3880 .
1462 3935 1463 3948 ,

191 3973 346 4042 iustitiam
368 3989 400 4040 et
413 3987 526 4040 contra
547 3977 690 4038 edictum
713 3980 860 4032 nostrum
881 3969 974 4047 fiunt,
1000 3972 1151 4034 volumus
1176 3982 1214 4036 ut
1241 3975 1334 4036 nullo

192 4065 260 4134 alio
285 4064 357 4127 loco
380 4071 510 4130 incanta
531 4059 584 4137 sit,
605 4058 669 4120 nisi
685 4053 719 4115 in
737 4053 854 4138 palatio
871 4055 993 4132 nostro,
1011 4054 1074 4122 nisi
1095 4056 1180 4124 forte
1202 4055 1221 4118 si
1241 4057 1333 4118 nobis

192 4149 312 4207 denum
331 4146 426 4206 aliter
454 4144 556 4206 suerit
579 4141 775 4216 ordinatum.
817 4133 873 4198 llli
889 4145 996 4198 tamen
1017 4137 1144 4198 denarii
1166 4138 1224 4230 qui
1238 4139 1335 4204 modo

193 4229 347 4292 monetati
362 4236 449 4306 sunt,
470 4225 497 4288 si
516 4231 689 4312 pensantes
708 4229 740 4284 et
754 4219 835 4282 meri
850 4227 937 4299 sunt,
955 4219 1146 4282 bibeantur.
