2928 4986
188 287 263 366 ³50
422 307 459 364 s.
479 303 567 364 aaa.
669 303 927 364 carissumus
1029 309 1091 364 aar.

187 449 260 536 piae
277 443 534 512 conversationis
549 463 693 506 normam
715 447 929 532 coadoptavit,
946 469 982 509 sc
1000 445 1092 509 robis
1114 445 1339 510 disseminare

188 553 255 594 non
268 529 401 594 destitit.
415 529 458 590 Et
470 549 544 590 cum
555 530 703 612 profecto
715 529 758 591 ita
769 551 803 593 se
811 529 997 607 resbabeat,
1008 531 1144 612 dignum
1156 553 1213 593 vos
1221 533 1340 594 admo-

188 635 268 678 nere
286 612 454 677 statuimus
476 620 513 670 ut
530 613 601 674 Deo
620 623 815 695 cooperante
836 614 871 676 id
888 615 1015 677 efficere
1041 614 1210 692 studeatis,
1227 636 1271 676 ne
1296 615 1337 674 in

188 696 302 762 diebus
321 694 439 758 vestris
456 713 507 756 res
527 705 592 756 tam
608 695 738 779 egregie
759 696 932 774 inchoata,
963 705 997 758 et
1019 696 1059 756 ad
1087 696 1338 759 incrementum

186 779 355 865 perducta,
371 776 519 860 quolibet
540 799 615 840 casu
630 777 807 862 quicquam
827 779 1014 842 detrimenti
1041 789 1156 857 sumat,
1176 780 1233 841 sed
1248 781 1336 841 tales

188 882 317 946 semper
339 881 397 944 per
414 859 477 922 Dei
501 859 753 922 misericordiam
769 884 837 926 esse
857 863 1023 940 studeatis,
1036 871 1073 923 nt
1093 863 1133 924 de
1150 861 1244 924 vobis
1256 883 1336 945 pos-

189 946 255 1010 sint
267 943 353 1008 sieut
369 943 460 1026 prius
475 943 618 1026 magistri
633 951 667 1006 et
684 944 845 1025 doctores,
863 955 991 1010 sanctae
1011 966 1077 1006 nou
1098 945 1205 1010 solum
1225 965 1335 1026 regu-

188 1027 266 1092 laris
285 1027 382 1104 vitae,
400 1047 514 1088 verum
529 1027 633 1090 omnis
656 1027 811 1124 spiritalis
833 1050 966 1092 normae
985 1037 1018 1090 et
1036 1027 1202 1112 praecipui
1225 1027 1334 1109 apicis

188 1109 326 1188 adsumi,
347 1108 535 1192 ubicunque
558 1119 730 1174 necessitas
748 1111 801 1172 vel
815 1113 964 1174 voluntas
977 1111 1086 1173 fuerit.
1106 1111 1209 1172 Porro
1219 1112 1334 1171 Trac-

188 1193 352 1260 tesindum
366 1191 522 1254 Abbatem
544 1202 686 1255 vestrum
706 1194 908 1258 admonitum
928 1195 1164 1258 essevolumus
1183 1202 1220 1264 ut
1240 1193 1334 1256 circa

188 1299 247 1342 sos
265 1285 437 1361 paternum
455 1285 604 1338 exerceat
626 1297 777 1355 amorem,
793 1288 825 1339 et
841 1278 1025 1340 consideret
1044 1277 1226 1338 secundum
1244 1285 1333 1337 aeta-

187 1370 255 1423 tem
272 1359 324 1422 sel
342 1357 563 1422 valetudinem
583 1360 739 1442 eorporis,
765 1361 817 1424 vel
838 1359 1032 1422 infirmitatis
1053 1360 1230 1421 cuiuslibet
1255 1381 1334 1420 mo-

187 1443 325 1521 lestiam,
343 1440 425 1523 qaid
439 1439 494 1503 cui
510 1443 681 1504 conveniat
696 1465 737 1504 ex
757 1443 911 1505 subiectis
927 1443 999 1522 sibi,
1028 1451 1059 1504 et
1083 1453 1196 1506 caveat
1218 1441 1331 1504 omni-

188 1525 293 1590 modis
313 1544 355 1586 ne
370 1523 404 1584 in
427 1524 630 1608 negligentes
653 1526 735 1587 adeo
758 1526 885 1588 fervida
911 1525 974 1588 zeli
1004 1525 1169 1609 castigatio
1193 1525 1332 1586 modum

187 1607 336 1684 excedet,
356 1614 394 1668 ut
420 1627 475 1668 eos
499 1607 721 1691 pusillanimes
749 1609 874 1688 reddat,
913 1630 974 1670 nec
1003 1609 1090 1691 apud
1120 1609 1331 1672 observantes

187 1690 338 1755 mandata
351 1687 503 1752 Deitatis
519 1691 572 1767 sit,
590 1702 626 1752 ut
644 1701 775 1773 torpore
792 1701 825 1753 et
838 1692 969 1754 desidia·
980 1695 1014 1751 in
1030 1691 1076 1752 eis
1090 1691 1232 1776 rigorem
1250 1711 1333 1752 eon-

179 1773 325 1840 suntne
345 1772 489 1855 frangatr
512 1775 569 1836 sed
588 1775 726 1836 maxima
747 1775 942 1837 discretione
968 1774 1057 1836 iuxta
1075 1775 1268 1858 Apostolum
1287 1773 1331 1834 sit

188 1856 338 1922 omnibus
362 1855 468 1916 omnia
493 1856 609 1937 factas,
640 1868 678 1919 ut
699 1879 809 1920 omnes
844 1859 885 1920 ad
915 1879 948 1920 se
974 1857 1177 1940 pertinentes
1199 1857 1329 1920 salvare

186 1937 296 2027 possit.
338 1937 476 2018 Quodsi
496 1941 580 2002 forte
598 1940 755 2018 evenerit,
774 1942 865 2024 quod
882 1963 940 2003 nos
956 1961 1021 2002 non
1043 1949 1199 2024 optamus,
1215 1939 1328 2001 atille

188 2031 280 2088 extra
300 2021 447 2106 regulam
464 2021 555 2085 vobis
572 2023 589 2083 a
609 2033 783 2086 memorato
802 2023 979 2085 Benedieto
995 2024 1112 2108 optime
1126 2023 1277 2084 traditam
1291 2022 1328 2082 in

188 2105 301 2203 aliquo
324 2104 515 2184 deviaverit,
532 2115 566 2168 nt
582 2107 682 2190 magis
703 2106 845 2168 voluerit
863 2127 946 2188 quae
964 2107 1088 2188 agenda
1105 2115 1180 2168 sunt
1193 2103 1329 2190 proprio

189 2187 322 2254 arbitrio
335 2197 369 2252 et
386 2187 553 2252 voluntate
571 2209 668 2272 quam
686 2199 793 2253 vestro
808 2189 972 2250 communi
988 2189 1125 2251 consilio
1146 2209 1253 2271 agere,
1268 2209 1327 2250 vos

189 2295 275 2350 eum,
295 2279 332 2338 ut
350 2269 504 2334 carissimi
524 2273 639 2334 fratres
657 2283 689 2334 et
711 2272 782 2350 tilii,
801 2293 876 2334 eum
899 2271 987 2334 omui
1015 2272 1264 2338 mansuetudine
1294 2279 1328 2333 et

187 2353 343 2442 patientia
361 2353 523 2436 corrigite.
564 2356 661 2434 Quod
676 2356 702 2418 si
721 2355 811 2418 vobis
824 2355 996 2416 adsensum
1007 2355 1202 2438 praebuerit,
1219 2363 1252 2416 et
1267 2374 1329 2437 per

187 2461 243 2500 vos
260 2447 425 2502 correctus
444 2438 555 2515 fuerit,
572 2437 635 2500 hoc
649 2438 710 2500 Dei
727 2439 813 2500 dono
832 2438 991 2500 tribuatis.
1035 2437 1069 2498 si
1085 2459 1163 2500 vero
1179 2437 1236 2498 ille
1253 2457 1328 2519 per-

187 2521 329 2583 tinacior
349 2521 383 2581 in
396 2541 465 2597 sua,
476 2522 564 2603 quod
577 2521 672 2600 absit,
687 2543 875 2604 permanere
894 2520 1036 2582 voluerit
1057 2520 1229 2597 sententie,
1244 2528 1326 2581 tunc

190 2603 283 2668 nohis
299 2601 333 2665 id
353 2602 534 2685 significare
561 2605 652 2687 prius
678 2603 813 2681 faciatis,
838 2625 935 2686 qnam
957 2603 1037 2666 foris
1066 2603 1183 2666 vicinis
1208 2600 1326 2664 vestris

188 2695 305 2749 notum
325 2685 395 2758 fiat,
418 2686 494 2768 quia
512 2709 587 2748 cum
610 2687 644 2748 in
660 2687 732 2748 aliis
744 2687 887 2770 regalem
901 2707 1108 2748 exerceamus
1123 2694 1325 2767 potestatem,

188 2771 224 2831 in
245 2769 335 2832 vobis
357 2777 464 2830 tamen
489 2777 659 2852 paternum
678 2791 804 2852 semper
826 2769 976 2831 volumus
995 2769 1142 2830 obtinere
1164 2767 1325 2830 affectum.

187 2854 230 2916 Et
254 2853 401 2936 quamvis
421 2850 502 2914 baec
523 2853 657 2914 lieentia
686 2854 704 2913 t
728 2852 820 2914 nobis
844 2851 886 2912 slt
916 2850 1006 2915 vobis
1030 2872 1193 2928 concessa,
1216 2859 1324 2912 tamen

177 2955 389 3020 summopere
405 2935 586 2998 cavendum
604 2944 653 2998 est
672 2957 713 2998 ne
729 2937 769 2998 de
785 2935 934 3016 qualibet
951 2956 986 2996 re
1000 2933 1154 2996 adversus
1168 2933 1326 2996 Abbatem

187 3029 339 3096 vestram,
357 3017 424 3080 leri
451 3015 500 3077 irat
517 3028 573 3080 aut
595 3019 692 3102 prava
717 3017 960 3101 perturbatione
981 3015 1179 3094 inflammati,
1205 3019 1326 3079 frustra

187 3101 346 3186 pertinaci
368 3099 502 3164 audacie
523 3102 675 3164 adversus
697 3121 773 3163 eum
790 3099 1068 3162 commoveamini.
1107 3101 1188 3161 Nam
1214 3100 1240 3162 si
1262 3099 1325 3160 ali-

187 3184 262 3272 quis
280 3191 425 3246 vestrum
440 3181 511 3246 sine
530 3185 654 3246 ratione
674 3185 823 3246 adversus
839 3205 913 3244 enm
926 3181 1187 3260 inflammabitur,
1205 3192 1237 3244 ct
1253 3203 1326 3244 nos·

188 3277 252 3330 tras
273 3287 367 3331 aures
385 3265 456 3329 sine
473 3285 567 3330 cansa
591 3264 781 3352 pulsaverit,
801 3287 859 3327 nos
879 3265 1033 3327 adversus
1053 3287 1086 3327 se
1109 3265 1236 3328 noverit
1257 3265 1325 3326 dis-

187 3351 283 3420 tricta
299 3347 575 3414 animadversione
587 3371 655 3413 esse
670 3357 861 3420 commotos;
883 3347 991 3410 atille
1012 3348 1070 3430 qni
1089 3347 1247 3410 eiusmodi
1265 3357 1323 3426 est,

188 3431 324 3499 caeteris
345 3431 400 3492 fiat
425 3431 656 3494 documentum
676 3453 717 3494 ne
741 3432 775 3493 in
796 3441 961 3514 posterum
981 3429 1099 3514 aliquis
1128 3432 1247 3492 audeat
1267 3429 1324 3492 ad·

186 3537 300 3580 versus
328 3515 516 3598 magistram
545 3537 640 3578 snum
668 3513 787 3576 iniuste
816 3534 1022 3610 consurgere.
1080 3515 1147 3577 Vos
1180 3533 1323 3596 qnoque,

188 3597 353 3674 seniores,
368 3597 403 3658 in
423 3599 571 3664 omnibns
589 3598 740 3662 adiuvate
760 3618 845 3674 eum,
862 3605 927 3658 tam
945 3617 980 3656 ιιι
1001 3596 1204 3658 districtione
1219 3596 1326 3656 iunio-

187 3703 259 3744 rum
279 3683 426 3761 fratrum,
452 3705 550 3766 qnam
573 3682 669 3746 etiam
693 3689 726 3742 et
748 3680 782 3740 in
806 3680 935 3762 reliqna
956 3678 1097 3741 utilitate
1119 3677 1323 3750 monasterii;

189 3785 251 3830 nee
273 3763 367 3826 illum
389 3765 494 3832 solum
509 3765 568 3827 sub
586 3764 669 3828 tanti
688 3761 843 3846 ponderis
869 3783 968 3823 onere
993 3761 1119 3845 grauari
1145 3760 1324 3844 patiamini,

188 3848 245 3910 sed
264 3844 354 3914 iuxta
375 3847 567 3930 Apostolum
582 3847 724 3911 invicem
747 3865 847 3908 onera
862 3853 1000 3928 portate,
1023 3853 1055 3906 et
1071 3843 1117 3905 sie
1133 3843 1325 3926 adimplebi-

188 3930 229 3994 tis
245 3932 351 4014 legem
370 3931 501 3994 Christi.
543 3932 610 3993 Vos
624 3939 743 4005 antem,
763 3927 908 3990 iuniores
929 3929 1069 4005 Fratres,
1085 3927 1252 3987 statuimus
1269 3925 1325 3986 ad-

188 4035 321 4080 monere
340 4023 377 4075 ut
402 4015 435 4074 in
456 4014 606 4076 omnibus
627 4011 742 4079 Abbati
769 4019 879 4072 vestro
902 4019 934 4071 et
956 4009 1146 4072 Senioribus
1174 4007 1324 4069 fratribus

189 4095 470 4161 obedientessitis
492 4105 524 4160 et
538 4096 692 4172 humiles,
715 4114 780 4154 non
798 4091 954 4176 protervi,
978 4113 1044 4153 non
1065 4099 1325 4168 murmuratores,

189 4180 246 4244 sed
269 4199 353 4250 ‚cum
388 4182 477 4242 omni
508 4178 691 4242 humilitate
714 4187 747 4240 et
774 4173 1020 4238 mansuetudine
1053 4183 1219 4237 servantes
1249 4194 1325 4260 pro·

188 4261 339 4358 positam
357 4273 510 4336 vestram.
553 4264 632 4332 Nam
661 4261 807 4332 siseres
846 4257 995 4348 egeritis,
1034 4267 1071 4325 ut
1106 4257 1224 4348 aliquis
1253 4276 1325 4324 res·
