2920 4972
267 332 407 394 acen.
506 305 902 396 'nsnunnnsnconun
988 331 1048 394 nt
1196 319 1244 390 27

541 477 589 536 De
602 473 812 562 fideiussore.

203 581 302 648 XVII.
344 581 378 642 Si
397 579 470 662 quis
492 591 679 664 contempto
694 583 881 647 fideiussore
897 584 1075 647 debitorem
1087 603 1179 643 snum
1198 592 1246 642 tc-

119 664 378 812 pipgguppllpcrin
391 663 564 728 fideiussor
579 665 717 728 etherea
734 667 803 728 eius
826 668 848 728 al
871 664 1087 730 fideiussionis
1112 663 1246 727 vinculo

464 865 513 926 De
535 868 682 950 personis
706 865 907 928 indiciorum.

199 971 318 1047 xvltl.
360 969 398 1032 In
413 967 541 1034 iudiciis
557 981 696 1052 quatuor
716 972 836 1034 dehent
860 951 927 1031 esse
954 990 1122 1054 personae,
1149 981 1247 1030 accu-

115 1064 214 1130 sator,
233 1052 394 1130 defensor,
419 1061 526 1132 testes,
549 1054 657 1116 iudex.
698 1053 874 1116 Accusator
900 1051 949 1112 nti
970 1051 1067 1112 debet
1095 1051 1248 1114 intentio·

113 1158 157 1196 ne
180 1135 221 1196 ad
236 1134 492 1216 amplificandam
516 1158 653 1213 cansam,
670 1136 821 1198 defensor
834 1135 1061 1198 extenuatione
1082 1134 1122 1196 ad
1136 1135 1247 1196 minus

113 1220 245 1294 endum,
266 1226 362 1280 testes
381 1217 528 1295 veritate,
545 1219 644 1280 iudex
664 1218 835 1300 aequitate.
1059 1221 1064 1234 ’

462 1365 512 1426 De
542 1349 662 1446 agnitis
686 1379 716 1425 et
746 1369 905 1456 cognatis¹

198 1506 283 1566 XIX.
326 1503 443 1590 Agnuti
465 1512 541 1569 sunt
567 1505 623 1590 qui
647 1527 707 1586 per
735 1504 862 1566 virilem
891 1527 1004 1566 sexum
1032 1502 1245 1580 descendunt,

112 1588 245 1671 cognati
263 1587 320 1668 qui
344 1608 403 1670 per
424 1587 611 1649 femineum.
653 1589 696 1650 Et
709 1587 783 1648 ideo
804 1588 910 1670 patrui
931 1587 984 1650 vel
1005 1595 1193 1670 patruorum
1207 1585 1246 1642 li-

112 1671 153 1729 lii
173 1681 205 1732 et
227 1670 332 1752 agnati
348 1679 424 1736 sunt
445 1679 477 1734 et
492 1669 629 1754 cognati.
671 1668 835 1734 Avunculi
858 1670 936 1732 vero
954 1677 986 1730 et
1010 1667 1246 1730 avunculorum

112 1754 177 1816 filii
194 1753 321 1835 cognati
339 1761 426 1832 suut,
447 1773 512 1817 nnn
533 1753 650 1836 egnati

525 1899 584 1963 ,De
597 1897 841 1982 salsa'monetn.

198 2039 267 2100 XX.
308 2039 356 2098 De
382 2037 460 2100 salsa
488 2047 618 2101 monete
643 2037 790 2102 iubemus
818 2049 853 2102 ut
908 2039 942 2100 ni
963 2059 1033 2102 eam
1050 2035 1243 2122 percussisse

113 2121 339 2206 comprobatus
358 2119 469 2197 fuerit,
492 2141 604 2182 munus
620 2121 650 2182 ei
665 2132 857 2206 amputetur.
927 2129 939 2180 t
956 2121 1012 2200 qui
1029 2121 1092 2182 hoc
1108 2139 1245 2182 consen-

113 2207 169 2279 sit,
186 2205 212 2264 si
227 2203 310 2265 liber
330 2211 388 2280 est,
417 2203 581 2286 sexaginta
600 2203 720 2276 solidos
738 2213 915 2290 componat.
957 2204 992 2266 Si
1012 2224 1135 2280 servus,
1157 2220 1246 2260 sexa·

114 2287 205 2370 ginta
221 2285 301 2348 ictus
321 2283 466 2367 accipiat.

296 2401 345 2460 Dc
367 2399 535 2461 homicidis
550 2391 596 2462 ad
607 2399 782 2474 Ecclesiam
802 2399 1062 2482 confugientibus.

200 2517 286 2580 XXI.
327 2514 504 2580 Homicidis
528 2516 583 2598 ¹vel
606 2517 746 2578 caeteris
767 2517 831 2596 reis
851 2515 908 2596 qni
929 2515 1054 2596 legibus
1083 2514 1164 2574 mori
1184 2513 1244 2573 'de-

113 2603 204 2679 hent,
220 2601 245 2664 si
267 2597 307 2658 ad
325 2597 505 2690 Ecclesiam
520 2597 738 2681 confugerint,
762 2597 872 2660 nullus
887 2598 932 2660 cis
955 2597 1060 2660 victus
1081 2597 1185 2658 detur.

395 2763 398 2768 '
458 2712 462 2718 Ι
494 2763 497 2770 ’
552 2747 600 2808 De
625 2731 806 2809 latronibus.

193 2861 296 2920 XXII.
339 2863 388 2924 De
407 2861 585 2924 latronibus
609 2863 822 2945 praecipimus
851 2867 1086 2928 observandum
1124 2877 1159 2926 ut
1183 2887 1245 2947 pro

112 2943 215 3024 prima
238 2943 333 3024 culpa
347 2965 449 3004 unum
465 2946 597 3006 oculum
615 2941 739 3028 Perdat,
759 2948 799 3008 dc
816 2947 878 3008 alia
895 2951 973 3010 vero
997 2972 1091 3010 nasus
1106 2950 1136 3010 ei
1154 2959 1243 3008 trun-

114 3035 217 3086 cetur.
257 3019 307 3084 De
327 3026 423 3088 tertia
442 3028 548 3110 culpa,
568 3026 596 3089 si
619 3049 683 3094 non
707 3031 937 3111 emendaverit,
947 3033 1116 3092 morietur.

523 3177 572 3240 De
590 3176 643 3240 die
665 3177 833 3242 dominico.

193 3307 312 3369 XXIII.
354 3304 389 3368 si
410 3307 483 3388 quis
499 3305 551 3368 dle
572 3306 736 3370 dominico
754 3329 851 3392 opera
867 3311 996 3373 servilia
1013 3312 1138 3389 fecerit,
1158 3311 1243 3375 liber

112 3391 208 3450 homo
232 3389 258 3450 si
286 3389 385 3450 hoves
413 3389 567 3468 iunxerit,
586 3390 736 3452 dextrum
762 3392 877 3453 hovem
902 3395 1025 3488 perdat.
1066 3395 1108 3454 Et
1126 3393 1159 3467 {si
1180 3393 1241 3454 alin

111 3493 193 3552 quac
212 3469 374 3552 prohibita
391 3480 468 3531 sunt
492 3472 619 3549 feccrit,
648 3473 874 3538 Sacerdotibus
901 3477 958 3536 illa
984 3477 1133 3537 emendet
1158 3477 1242 3540 elcut

113 3563 151 3614 de
172 3553 309 3633 reliquis
329 3553 714 3636 negligentiis-iudIcibus
729 3557 893 3618 emendari
910 3557 1003 3636 solet,
1026 3568 1057 3620 et
1074 3558 1242 3640 poeniten·

111 3637 187 3698 tiam
211 3636 347 3718 insuper
365 3635 510 3719 accipiat.
552 3636 708 3700 Similiter
732 3639 773 3700 de
801 3641 982 3724 praecipuis
1004 3639 1240 3724 festivitatibus.

371 3823 373 3830 .
433 3791 446 3808 ⁶
502 3778 552 3836 Dc
580 3791 685 3861 empto
713 3779 732 3838 ὰ
756 3775 846 3859 fure.

189 3915 308 3979 XXIV.
350 3915 384 3977 si
408 3915 481 3996 quis
495 3913 620 3975 delore
641 3915 788 3976 nesciens
810 3917 936 3998 aliquid
956 3917 1081 3994 emerit,
1107 3927 1240 3998 quaerut
1273 3936 1275 3949 ¹

112 4007 240 4080 accepto
256 3997 356 4078 spatio
374 3999 489 4058 furem.
532 3999 638 4078 Quem
653 3997 679 4057 si
697 4017 762 4058 non
781 4000 924 4084 potuerit
945 3999 1107 4076 invenire,
1124 3999 1241 4081 probet

113 4101 143 4140 se
164 4087 362 4140 sacramento
378 4079 597 4155 innocentem,
622 4089 654 4139 et
671 4100 740 4140 rem
758 4081 915 4158 restituat,
937 4091 968 4143 et
983 4084 1089 4141 furem
1105 4101 1246 4162 quaere-¹

114 4183 146 4221 rc
176 4183 240 4222 non
272 4162 405 4221 omittat.
448 4161 593 4240 Quodsi
618 4161 722 4220 furem
746 4164 900 4224 celaverit
917 4173 949 4224 et
966 4165 1145 4247 periurasse
1167 4184 1238 4247 pes-

113 4244 161 4305 tel
180 4244 324 4306 detectus
342 4244 452 4324 luerit,
469 4253 623 4327 tanquam
642 4243 696 4305 sur
711 4253 743 4306 ct
758 4244 824 4330 ipse
843 4245 1021 4310 damnetur.
1063 4295 1070 4332 ι
