2952 4988
268 329 441 426 acar:
524 325 917 385 aaounraaucoauu
1016 325 1079 382 ua.
1220 307 1300 378 265

241 467 314 530 VII.
358 468 391 530 Si
417 467 489 552 quis
507 468 640 531 Missum
670 466 870 530 dominicum
908 464 1066 530 occiderit
1103 465 1234 549 qnando
1263 467 1298 528 in

158 549 356 612 missaticum
375 551 515 616 directus
529 553 651 629 fuerit,
675 552 709 611 in
724 563 789 613 tres
810 549 1020 633 weregildos,
1040 550 1125 612 sicut
1146 571 1203 611 sua
1220 551 1302 612 nati-

159 633 242 696 vitas
260 644 327 711 est,
350 655 544 720 componere
564 635 670 698 faciat.
872 639 881 658 ¹
1015 650 1017 660 ’

242 717 330 779 VIII.
373 718 408 779 Si
426 718 500 801 quis
515 719 737 802 Wargengum
754 715 929 795 occiderit,
946 715 1067 778 solidos
1081 725 1251 780 sexcentos
1265 716 1301 778 in

158 797 326 862 dominico
343 809 522 884 componat.
810 821 814 826 ’

242 881 300 944 ῙΧ.
343 881 378 944 Si
405 883 478 966 quis
498 882 664 944 hominem
686 883 866 968 ingenuum
887 881 928 943 ad
951 880 1122 944 servitium
1142 879 1301 965 requirit,

161 985 236 1026 oum
249 964 422 1026 duodecim
441 966 628 1027 hominihus
641 967 681 1028 de
700 969 766 1028 suis
783 965 939 1048 proximis
954 965 1143 1048 parentibus
1157 962 1192 1024 in
1206 985 1301 1027 sanc-

161 1046 202 1108 tis
223 1047 329 1126 iuret,
352 1058 384 1108 et
398 1071 432 1110 se
454 1049 633 1128 ingenuum
653 1071 720 1110 esse
739 1049 855 1127 faciat,
878 1057 934 1109 aut
958 1049 992 1106 in
1014 1047 1183 1110 servitium
1200 1047 1322 1127 cadat.=

243 1131 283 1190 X.
326 1130 391 1207 Qui
413 1153 473 1212 per
495 1131 684 1193 hantradam
699 1134 739 1206 b)
752 1132 920 1193 hominem
936 1129 1117 1212 ingenuum
1136 1128 1302 1192 dimittere

163 1211 321 1289 voluerit,
350 1213 385 1272 in
407 1214 480 1275 Ioco
504 1215 561 1295 qui
589 1215 709 1276 dicitur
739 1225 885 1278 sanctum
906 1213 963 1277 aad
989 1234 1087 1274 mann
1110 1211 1302 1276 duodecima

163 1295 269 1378 ipsum
284 1295 465 1378 ingenuum
483 1298 645 1358 dimittere
661 1298 768 1360 faeiat.

247 1379 305 1439 XI.
347 1379 413 1455 Qui
441 1402 501 1462 per
522 1380 663 1442 chartam
683 1392 738 1442 aut
753 1403 813 1464 per
834 1378 1027 1442 hantradam
1046 1377 1212 1462 ingenuus
1229 1389 1301 1459 est,

163 1467 198 1520 et
221 1479 255 1520 se
279 1460 336 1521 ille
357 1462 437 1523 foris
458 1463 557 1524 daeo
578 1463 717 1541 miserit,
738 1475 819 1526 tuno
841 1464 898 1524 ille
921 1463 1025 1524 leodis
1044 1461 1079 1522 in
1102 1459 1303 1526 dominicum

163 1540 285 1617 veniat,
302 1552 334 1604 et
347 1544 413 1605 suis
427 1545 613 1627 peculiariis
626 1549 780 1609 traditum
794 1547 945 1608 iamdicto
963 1545 1095 1620 domino
1113 1566 1179 1606 non
1195 1545 1261 1608 fiat.

245 1625 317 1684 XII.
360 1627 427 1704 Qui
444 1650 503 1709 per
521 1629 664 1689 chartam
681 1631 843 1714 ingenuus
863 1639 930 1708 est,
951 1627 998 1692 sie
1016 1627 1113 1691 debet
1133 1627 1167 1689 in
1192 1628 1302 1692 omnia

161 1705 329 1790 ‚pertinere
342 1709 427 1770 sicut
448 1711 503 1769 alii
518 1712 646 1772 Franci.

246 1789 337 1850 XIII.
380 1792 446 1870 Qui
471 1793 510 1854 de
532 1794 756 1856 mundeburde
785 1794 911 1875 aliquid
933 1793 1107 1874 habuerit,
1136 1793 1177 1856 ad
1205 1793 1302 1858 illum

163 1869 334 2014 {atriorem
350 1875 407 1956 qui
429 1897 503 1936 enm
522 1876 701 1960 ingenuam
715 1878 890 1956 dimiserit,
911 1901 968 1940 sua
987 1877 1118 1963 peculia
1134 1887 1301 1942 revertere
1338 1886 1340 1890 ’

179 1963 270 2014 anat.
491 1967 492 1970 ’
953 1963 957 1968 ’

153 2097 155 2101 .
246 2036 334 2098 XIV.
375 2040 424 2099 De
447 2041 536 2122 quali
559 2065 653 2105 causa
670 2043 760 2126 quod
781 2051 1017 2106 sacramentum
1039 2041 1246 2128 promuerit,
1269 2053 1303 2107 et

164 2119 206 2181 ad
219 2118 375 2204 placitum
390 2143 456 2182 non
475 2123 648 2203 iuraverit,
670 2127 771 2208 ipsam
783 2149 910 2188 oausam
926 2127 1063 2188 reddere
1081 2125 1188 2191 faeiat.

246 2203 317 2264 XV.
360 2205 427 2282 Qui
453 2218 588 2291 propter
609 2211 710 2270 alium
734 2209 901 2272 hominem
924 2209 1066 2271 wadium
1088 2207 1302 2288 adhramivit,

165 2294 198 2344 et
213 2281 280 2366 ipse
303 2285 401 2348 homo
423 2311 497 2350 eam
518 2293 672 2354 damnum
688 2293 856 2354 incurrere
874 2292 1029 2371 dimittit,
1054 2291 1111 2352 iIIe
1128 2293 1187 2375 qui
1207 2311 1303 2356 suum

164 2367 304 2428 wadium
333 2371 545 2452 adhramivit,
572 2375 612 2437 de
633 2399 692 2438 sao
714 2377 819 2438 omnia
851 2385 1022 2458 componat
1054 2395 1154 2459 super
1189 2385 1302 2450 notter

165 2457 311 2530 septem,
348 2453 406 2514 ille
435 2457 493 2536 qui
519 2468 672 2542 precatur
697 2457 900 2537 adhramire,
938 2459 1075 2542 duplum
1106 2479 1302 2544 componere
1409 2456 1411 2474 '

163 2530 271 2593 iaciat.

216 2613 336 2708 XVI.
379 2619 445 2694 Qui
471 2619 637 2686 hominem
662 2626 825 2688 Franeum
846 2625 916 2687 sine
949 2623 1046 2708 culpa
1082 2624 1232 2708 ligaverit
1252 2631 1301 2707 e),

163 2695 283 2758 solidos
300 2698 473 2762 duodecim
486 2716 679 2790 componat,
701 2719 734 2770 et
750 2710 783 2770 in
803 2707 896 2770 fredo
912 2707 1077 2771 dominIco
1093 2709 1213 2772 solidos
1226 2719 1302 2788 tren.

185 2859 192 2874 ο
244 2781 349 2878 XVII.
392 2786 457 2862 Qui
469 2811 533 2883 per
548 2791 684 2874 capillos
697 2793 861 2852 Francum
875 2789 1025 2876 priserit,
1047 2791 1167 2854 solidos
1181 2773 1304 2858 duode-

163 2883 245 2940 clm,
275 2871 308 2923 et
333 2887 366 2924 1n
391 2867 554 2934 domrnico
574 2873 694 2936 solidos
712 2885 861 2958 quatuor.
903 2873 946 2935 Et
972 2875 1030 2958 qui
1053 2873 1083 2937 ei
1110 2875 1303 2958 sanguinem

73 2944 75 2960 ¹
161 2943 233 3004 sine
249 2945 344 3030 eulpa
362 2949 531 3034 effuderit,
553 2956 673 3020 solidos
693 2957 866 3020 duodecim
887 2968 1076 3046 componat,
1104 2966 1137 3019 et
1152 2956 1189 3030 in
1207 2955 1303 3020 fredo

162 3026 326 3090 dominico
343 3031 463 3096 solidos
483 3047 633 3119 quatuor.
733 3037 735 3044 ’
1185 3075 1188 3080 ·

244 3112 365 3174 XVIII.
409 3116 530 3200 Siquis
546 3119 688 3183 hominis
704 3121 823 3184 Franci
845 3143 949 3184 oasam
971 3123 1158 3208 infregerit,
1181 3121 1302 3184 solidos

163 3189 338 3255 duodecim
358 3212 539 3282 componat,
563 3213 596 3266 et
616 3206 650 3266 in
673 3205 767 3266 fredo
793 3205 957 3268 dominico
973 3207 1094 3270 solidos
1112 3208 1266 3288 quatuor.

243 3277 331 3339 XIX.
373 3281 409 3341 Si
429 3284 502 3366 quis
521 3285 662 3350 hominis
685 3287 804 3348 Franci
827 3299 952 3349 curtem
970 3289 1160 3373 infregerit,
1173 3288 1303 3350 ‘solidos

162 3378 219 3418 sex
234 3373 426 3445 componat,
449 3365 482 3427 in
502 3369 667 3432 dominico
681 3369 801 3431 solidos
821 3380 980 3452 quatuor,
996 3395 1086 3433 suam
1101 3393 1233 3432 manum
1248 3380 1305 3432 aut

161 3462 257 3536 suum
277 3447 393 3525 pedem
414 3460 469 3510 ant
483 3473 578 3512 snum
591 3455 724 3514 oculum
740 3474 800 3534 pro
814 3464 930 3535 quarta
945 3465 1035 3538 parte
1058 3457 1098 3517 de
1115 3475 1173 3516 sua
1193 3452 1303 3530 leode,

126 3564 127 3568 ,
161 3531 195 3582 et
213 3545 248 3583 ιη
267 3529 360 3589 trado
376 3530 541 3596 dominico
554 3557 681 3619 semper
695 3535 734 3596 de
751 3557 944 3619 unaquaque
961 3559 997 3598 re
1015 3539 1135 3600 solidos
1152 3545 1303 3619 quatuor.

244 3609 314 3705 XX.
355 3614 404 3674 De
437 3616 581 3699 ingenuo
612 3619 745 3679 homine
775 3617 809 3676 in
840 3619 1067 3683 emendatione
1098 3618 1304 3684 sua'solidos

163 3695 257 3832 netz,
280 3692 342 3752 nisi
353 3739 362 3771 ,
384 3695 468 3758 sicut
487 3703 636 3784 superius
657 3700 815 3778 diximus,
835 3700 868 3761 in
891 3703 985 3765 fredo
1001 3703 1166 3768 dominico
1180 3701 1316 3765 solidos·

163 3789 226 3852 qua
242 3793 311 3834 nor.

246 3857 332 3942 XXI.
372 3863 422 3922 De
441 3863 509 3926 Iido
527 3866 561 3926 in
577 3866 803 3930 emendatione
833 3867 953 3931 solidos
986 3857 1142 3952 quatuor,
1164 3867 1305 3932 infredo

150 3933 329 4000 dominico
344 3944 465 4006 solidos
486 3959 634 4029 quatuor.

246 4021 348 4082 XXII.
390 4029 440 4088 De
460 4049 552 4093 servo
574 4034 609 4094 in
638 4032 866 4097 emendatione
885 4034 1007 4098 solidos
1030 4035 1130 4116 duos,
1154 4033 1304 4100 infredo

163 4100 328 4165 dominico
349 4108 470 4172 solidos
490 4133 533 4174 av.

164 4223 392 4243 Ἤ

199 4291 235 4358 b)
255 4291 287 4345 al.
307 4311 355 4348 ms.
373 4297 557 4355 hundredum.
803 4314 839 4374 c)
850 4308 885 4362 al.
904 4324 950 4362 ms.
968 4310 1140 4382 plagaverit.
