2958 4986
1457 50 1459 83 l

233 265 310 340 126
375 315 381 346 .
486 285 522 344 a,
546 284 634 374 can
741 275 999 346 castrutium
1101 289 1163 350 ru.

1450 86 1458 241 l

236 445 311 488 cere
327 423 458 486 debent.
501 426 588 502 Vita,
602 427 698 504 salus,
717 434 750 488 et
765 429 962 510 prosperitas
987 428 1049 490 tibi
1067 429 1199 514 tuisque
1228 429 1395 492 fidelibus
1446 378 1460 847 ζ

237 509 254 570 b
272 511 343 572 Deo
359 507 488 571 Christo
505 510 603 572 detur
625 510 660 571 in
678 519 860 574 aeternum.
1195 539 1199 546 ⁴

483 695 815 762 CAPITULARE
860 697 1126 778 SAXONUM,

237 805 377 876 Datum
403 805 621 898 Aquisgrani
647 831 743 878 anno
771 807 909 878 Christi
933 807 1204 900 Dccxcwl,
1242 838 1276 882 v.
1305 819 1397 883 Ka-

236 905 335 977 lend.
359 903 605 1000 Novembris,
644 910 683 976 in
721 908 882 1000 generali
911 907 1179 1004 Episcoporum
1205 925 1242 984 et
1269 914 1398 1010 Opti-

194 1021 197 1032 '
622 1019 772 1120 ¹matum
796 1021 989 1080 conventu.

1455 1074 1462 1203 l

536 1145 682 1214 lanu
717 1147 1084 1214 Carirnnoauu.

242 1282 268 1326 ¹·
343 1311 360 1350 e
391 1287 515 1350 iustitia
550 1287 780 1362 Ecclesiarum,
833 1289 863 1354 5.
889 1289 938 1350 De
969 1292 1165 1353 mannitione
1200 1292 1248 1354 ad
1274 1297 1393 1381 ploci-

320 1373 511 1442 aiduarum,
552 1373 780 1454 orphanorum,
917 1385 992 1434 trem.
1288 1377 1293 1390 '

321 1469 353 1518 et
378 1454 482 1516 minus
506 1466 678 1538 potentum.
733 1451 782 1514 De
832 1454 864 1518 6.
892 1457 1292 1540 Decompositionererum
1303 1481 1392 1544 quiue

322 1551 417 1624 captu
440 1549 470 1598 et
492 1535 639 1598 incendio
651 1579 664 1609 ,
692 1549 723 1598 et
744 1533 785 1596 cic
917 1540 1117 1616 Presbyteris
1136 1543 1259 1601 ablatae
1278 1565 1363 1603 sum.
1456 1534 1462 1583 '¹

321 1623 475 1683 exercitu.
836 1643 864 1704 7.
890 1621 939 1682 Do
966 1621 1190 1708 compositione
1208 1627 1392 1685 Missorum

240 1727 269 1768 2.
293 1707 343 1766 De
356 1703 577 1767 obseruatione
587 1703 786 1787 superiorum
918 1709 1085 1785 regiorum.
1385 1767 1389 1778 .

325 1786 546 1872 capitulorum.
836 1785 866 1852 Β.
892 1787 940 1847 Ne
968 1789 1039 1872 quis
1066 1787 1249 1848 incendium
1274 1787 1392 1870 sociat
1452 1755 1463 1869 l

240 1873 271 1934 5.
297 1874 352 1936 De
368 1869 594 1953 compositione
615 1866 788 1930 secundum
917 1867 1004 1950 infra
1018 1872 1168 1953 patriam.

325 1955 423 2033 legem
440 1953 615 2012 Saxonum.
797 2027 800 2032 1
835 1971 865 2035 9.
891 1951 940 2011 De
962 1953 1064 2014 bonizo
1081 1953 1235 2032 augendo.
1464 2012 1465 2021 ,

240 2038 271 2116 4.
297 2037 347 2097 De
372 2035 421 2095 lais
446 2034 501 2120 qui
519 2053 646 2094 causum
668 2031 789 2095 iudica·
839 2055 886 2096 ro.
911 2034 960 2094 De
980 2032 1237 2115 malefactoribus
1248 2037 1308 2120 qui
1322 2059 1390 2099 mo·
1463 2079 1465 2122 p

313 2133 390 2180 'tam
417 2127 558 2201 repetere
582 2126 788 2200 praesumunt
919 2118 949 2176 ri
965 2116 1089 2178 debent.
1163 2153 1165 2160 ι
1463 2123 1465 2168 l

323 2201 358 2262 in
380 2201 489 2285 patrio
512 2210 567 2260 out
583 2199 618 2258 iu
632 2217 786 2284 praesen·
841 2220 887 2260 ιι.
910 2200 1031 2342 'guam
1052 2197 1268 2262 debeantesse
1285 2201 1390 2264 solidi
1464 2199 1465 2216 ¹

325 2284 371 2344 tiu
391 2283 494 2364 Regis.
945 2303 1095 2344 uanum.

153 2457 159 2470 ,
350 2410 447 2474 Anno
480 2411 520 2474 ab
560 2410 783 2476 incarnatione
820 2415 954 2476 Domini
1001 2414 1103 2476 nostri
1142 2415 1216 2476 lesu
1258 2415 1388 2480 Christi

241 2494 471 2571 DCCXCVll,
501 2503 534 2556 et
561 2493 674 2558 XXX.
702 2517 740 2558 ae
769 2495 883 2562 XXll.
913 2507 1071 2581 regnante
1099 2500 1227 2558 Domno
1259 2500 1389 2562 Karolo

241 2576 554 2666 praecellentissimo
573 2579 672 2662 Rege,
697 2580 969 2642 convenientibus
988 2581 1022 2640 in
1046 2602 1149 2640 unum
1170 2581 1273 2662 Aquis
1286 2583 1389 2642 Pala-

241 2665 290 2725 tio
319 2663 353 2722 in
384 2659 453 2720 eius
480 2661 637 2742 obsequio
662 2663 904 2724 venerabilibus
934 2663 1102 2746 Episcopis
1132 2671 1164 2723 et
1192 2664 1388 2740 Abbatibus,
1463 2734 1465 2743 .

240 2769 302 2810 seu
318 2742 499 2804 illustribus
515 2743 593 2806 viris
613 2745 805 2823 Comitibns‚
827 2767 857 2807 v.
875 2746 1038 2807 Kalendas
1049 2746 1252 2823 Novembris,
1273 2747 1390 2818 simal-

241 2850 309 2912 qne
330 2827 532 2908 congregatis
548 2827 730 2888 saxonibus
751 2828 790 2889 de
807 2827 945 2890 diversis
960 2829 1061 2911 pagis,
1081 2829 1145 2888 tam
1170 2829 1209 2889 de
1226 2831 1390 2892 Vestfala-
1463 2903 1464 2906 Ἴ

239 2911 293 2974 his
315 2920 348 2972 et
371 2908 557 2992 Angustus,
584 2909 682 2990 quiam
700 2919 732 2970 et
757 2910 797 2970 de
818 2911 1025 2988 Oostfalahis‚
1047 2933 1158 2971 omnes
1184 2913 1389 2972 unanimiter

241 3001 479 3058 consenserunt
502 3001 533 3054 et
550 2991 797 3074 aptificaverunt
811 3002 847 3052 ut
864 2993 903 3054 de
922 2994 987 3056 illis
1009 2992 1168 3076 Capitulis
1181 3015 1240 3075 pro
1264 2995 1390 3074 quihus
1463 3030 1465 3053 i

240 3075 378 3153 Franci,
404 3073 430 3136 si
457 3075 553 3158 Regis
577 3077 722 3136 bannum
742 3075 927 3157 transgressi
951 3086 1044 3154 sunt,
1073 3076 1193 3137 solidos
1215 3077 1388 3158 sexaginta
1464 3092 1465 3101 ¹

242 3165 454 3240 componunt,
476 3158 625 3221 similiter
647 3159 791 3220 Saxones
809 3159 948 3236 solvent,
976 3159 1003 3220 si
1021 3159 1143 3221 alieubi
1165 3169 1278 3222 contra
1296 3161 1387 3244 ipsos

130 3239 157 3310 ,’
240 3243 366 3304 bannos
391 3241 541 3310 fecerint.

482 3374 650 3454 ¹Hanc
681 3391 799 3437 suna
833 3373 1112 3438 Csrrrnss.

241 3484 299 3547 De
322 3481 445 3542 iustitio
465 3476 700 3552 Ecclesium,
728 3479 919 3554 uiduarum,
952 3483 1187 3564 orphanorum,
1216 3489 1248 3538 ct
1274 3476 1384 3538 minas
1464 3458 1465 3471 ἵ

364 3575 538 3648 potentum.
580 3563 629 3622 De
646 3577 737 3648 raptu
760 3575 790 3623 et
810 3562 971 3636 inccndio,
1000 3561 1084 3623 etde
1099 3561 1255 3622 exercitu.
1463 3569 1464 3572 ’

325 3672 350 3732 Ι.
378 3673 422 3732 Ut
435 3669 619 3748 Ecclesiae,
654 3669 792 3747 viduae,
821 3668 970 3752 orphani,
992 3678 1025 3729 et
1038 3667 1145 3728 minias
1157 3675 1306 3750 potentes
1327 3665 1383 3726 iu-

241 3765 323 3818 stam
339 3763 371 3815 et
384 3753 527 3836 quietam
548 3773 660 3835 pacem
680 3752 829 3814 habeant.
870 3753 912 3812 Et
933 3761 970 3810 ut
987 3762 1115 3834 raptum
1127 3759 1160 3812 et
1172 3749 1302 3810 fortiam
1317 3771 1381 3811 nee

181 3875 183 3878 -
243 3837 434 3900 incendium
464 3837 549 3896 inira
579 3834 715 3916 patriam
743 3834 817 3917 quis
849 3835 956 3894 iacere
980 3835 1096 3896 audeat
1130 3831 1380 3916 praesumptive.

241 3921 284 3982 Et
306 3921 345 3984 de
370 3919 517 3982 exercitu
539 3917 651 3979 nullus
670 3939 768 4002 super
787 3917 931 3978 bannum
952 3915 1072 3978 Domni
1090 3916 1189 3999 Regis
1208 3925 1397 3978 remanere'

241 4013 434 4087 praesumat.

440 4109 490 4168 De
510 4105 729 4170 obseruatione
744 4106 941 4189 superiorum
960 4102 1180 4189 capitulorum.

324 4217 364 4277 Il.
399 4216 433 4282 Si
455 4213 528 4308 quis
549 4211 736 4297 supradicta
760 4220 834 4276 octo
858 4212 1000 4298 capitula
1027 4213 1243 4296 transgressus
1267 4210 1379 4291 inerit,
