2928 4986
288 302 431 364 acan.
534 299 673 360 aucun
699 299 936 356 raanconun
1039 303 1101 358 aas.
1212 283 1283 358 375

139 443 199 506 vel
219 441 461 526 quihusqrebns
483 441 623 512 maxime
651 440 820 518 studeant,
848 440 882 504 in
904 439 1101 524 spiritalibus
1129 442 1285 528 videlicet

142 527 250 588 autin
273 524 472 586 secularibus
490 523 638 604 negotiis.
679 522 809 584 Deinde
832 523 945 604 quales
962 523 1027 583 sint
1046 525 1210 586 adiutores
1227 528 1285 586 rui-

143 605 273 670 nisterii
288 629 420 683 eorum,
440 607 547 682 idest,
569 605 818 686 Chorepiscopi,
844 605 1143 689 Archipreshyteri,
1165 607 1284 669 Archi-

143 689 295 766 diaconi,
318 697 351 750 et
371 687 597 764 Vicedomini,
629 697 661 750 et
678 688 864 770 Presbyteri
887 710 947 770 per
967 689 1135 769 parochias
1160 711 1284 771 eorum,

143 774 242 855 quale
264 771 389 834 seilicet
404 769 548 836 studium
565 769 707 830 habeant
725 771 760 828 in
776 770 933 848 doctrina,
955 770 1006 830 vel
1025 773 1155 852 qualem
1169 773 1286 834 famam

141 855 286 916 habeant
304 853 486 914 seeundum
508 852 678 914 veritatem
697 851 731 911 in
756 853 888 934 populo.
931 851 1089 914 Similiter
1111 855 1150 915 de
1178 858 1285 918 omni-

142 939 206 1005 bus
228 935 429 997 monasteriis
451 934 621 1017 inquirant
635 935 735 994 iuxta
760 934 1017 1015 uniuscuiusque
1044 937 1233 1016 qualitatem
1255 949 1287 1000 et

143 1019 401 1106 professionem
423 1018 575 1083 similiter
592 1026 624 1077 et
644 1017 682 1078 de
701 1018 835 1078 caeteris
854 1017 1010 1078 Ecclesiis
1025 1021 1132 1078 nostrat
1149 1023 1286 1082 auetori-

147 1113 213 1162 tate
233 1103 268 1160 in
292 1099 450 1166 beneficio
472 1099 563 1162 datis.
607 1101 722 1160 Utrum
743 1100 896 1182 Episcopi
917 1100 951 1159 in
974 1101 1207 1162 circumeundo
1226 1126 1284 1186 pa-

144 1183 274 1246 rochias
303 1205 376 1244 suas
402 1193 543 1244 caeteras
568 1181 711 1248 minores
729 1183 892 1244 Ecclesiae
911 1193 1063 1265 gravent,
1088 1194 1144 1244 aut
1162 1187 1285 1268 populo

147 1267 243 1328 oncri
258 1267 333 1343 sint,
352 1275 384 1326 et
400 1265 427 1326 si
443 1266 484 1330 ah
498 1265 574 1348 ipsis
591 1275 645 1324 aut
664 1265 682 1326 a
699 1265 855 1329 ministris
873 1287 986 1327 eorum
1010 1265 1153 1326 indebita
1174 1269 1287 1329 exenia

148 1353 166 1410 la
194 1347 395 1430 Presbyteris
417 1349 598 1431 exigantur.
635 1348 755 1408 'Simili
779 1349 874 1409 modo
905 1350 944 1409 de
974 1347 1152 1410 Comitibus
1173 1350 1286 1430 inqui-

148 1441 242 1508 rant,
263 1431 359 1511 quale
378 1431 522 1492 studium
548 1431 588 1491 de
606 1425 671 1493 'suo
693 1430 833 1498 habeant
855 1430 1052 1508 ministerio,
1074 1440 1110 1490 ut
1127 1431 1184 1513 qui
1200 1433 1285 1494 hene

149 1513 271 1578 exinde
291 1512 369 1573 facit
389 1534 626 1594 cognoscamus.
670 1513 705 1574 Si
722 1514 818 1574 aliter
837 1513 934 1592 facit,
960 1521 992 1572 et
1016 1512 1078 1573 hoc
1103 1535 1196 1574 nosse
1216 1535 1289 1574 om·

150 1597 232 1657 nino
258 1594 407 1657 volumus
417 1619 425 1665 ;
450 1595 484 1654 id
506 1605 571 1672 est,
595 1593 621 1658 si
643 1597 783 1678 populus
804 1617 865 1678 per
887 1618 976 1658 suam
999 1597 1228 1677 negligentiam
1255 1590 1287 1658 el

151 1677 309 1748 desidiam
324 1677 444 1744 iustitia
467 1686 498 1738 et
512 1700 591 1759 pace
612 1689 728 1758 eareat,
749 1688 804 1738 aut
819 1679 845 1739 si
862 1679 929 1762 ipse
947 1678 1052 1739 sciens
1072 1687 1127 1738 aut
1140 1681 1286 1740 nesciens
1339 1705 1341 1710 ·

152 1759 279 1841 aliquid
302 1759 422 1820 iniuste
443 1761 563 1822 factum
580 1760 706 1821 habeat.
748 1761 876 1822 Deinde
900 1783 976 1843 ergo
995 1761 1107 1842 quales
1123 1761 1287 1822 ministros

151 1842 268 1904 lrabeat
287 1841 327 1903 ad
347 1843 526 1923 regendum
549 1843 706 1926 populum
722 1844 776 1904 vel
797 1843 919 1921 missos,
947 1853 1055 1902 utrum
1075 1843 1157 1904 iuste
1178 1866 1218 1902 an
1239 1846 1288 1903 in-

152 1925 236 1986 iuste
263 1924 297 1983 in
328 1924 403 2006 ipsis
427 1921 613 1988 ministeriis
640 1935 754 2008 agant,
777 1926 1074 1997 autconsentiente
1100 1926 1153 1987 vel
1180 1927 1287 2009 negli-

154 2016 251 2090 gente
274 2008 397 2066 Comite
416 2007 434 2066 al
453 2010 588 2069 veritate
609 2017 640 2069 et
655 2009 777 2074 iustitia
791 2009 966 2070 declinent.
1009 2010 1100 2086 Quae
1119 2029 1286 2089 personae,

153 2089 208 2150 vel
231 2090 270 2150 de
288 2089 407 2172 quibus,
422 2092 525 2152 causis
541 2091 719 2174 culpabiles
735 2091 775 2150 a‘d
790 2091 1003 2174 praesentiam
1018 2101 1158 2152 nostram
1175 2093 1288 2153 venire

155 2171 313 2249 debeant,
341 2173 592 2234 discernendum
613 2183 668 2236 est.
711 2175 863 2256 Exceptis
885 2173 1073 2256 Episcopis,
1099 2173 1287 2249 abbatibus,

155 2255 352 2332 Comitibus,
380 2255 437 2336 qui
457 2257 496 2316 ad
518 2255 636 2338 placita
661 2265 768 2318 nostra
789 2278 915 2336 semper
934 2257 1047 2318 venire
1072 2255 1207 2334 dehent,
1234 2257 1287 2317 isti

155 2339 308 2414 venient,
334 2337 360 2398 si
382 2339 414 2397 in
433 2335 550 2399 talibus
568 2339 671 2422 culpis
687 2349 719 2401 et
740 2340 929 2409 criminibus
949 2336 1143 2422 deprehensi
1163 2339 1288 2400 fuerint

155 2421 269 2502 quales
287 2421 425 2490 inferius
445 2421 614 2488 adnotatae
636 2431 722 2495 sunt,

425 2561 682 2666 arrsroua
733 2601 1024 2666 cananaeis.

153 2721 276 2815 Quam
308 2719 518 2791 Ludorieus
551 2721 640 2792 Pius
675 2723 880 2816 Imperator
913 2747 959 2792 ex
992 2723 1124 2815 placito
1148 2721 1286 2816 Aquis-

153 2821 323 2912 granensi
347 2821 468 2904 misit,
496 2821 544 2891 de
570 2823 744 2891 Conciliis
770 2822 1036 2913 Episcoporum
1062 2823 1103 2892 ,in
1130 2835 1287 2916 quatuor

402 2917 553 3012 Imperii
579 2922 747 3014 partibus
773 2921 1042 3014 congregandis.

155 3049 295 3144 Incipit
319 3047 495 3149 Epistola
525 3051 736 3140 Caesarea,
774 3076 868 3144 quae
889 3053 1116 3144 generaliter
1142 3053 1284 3148 Populo

389 3167 390 3172 ’
546 3153 636 3248 Dei
651 3165 707 3221 est
728 3152 897 3244 legenda.

155 3271 201 3393 Iu
232 3328 363 3392 nomine
395 3329 528 3395 Domini
558 3329 620 3390 Dei
648 3339 681 3391 et
713 3328 887 3406 salvatoris
913 3329 1015 3390 nostri
1048 3329 1122 3389 lesu
1153 3326 1284 3388 Christi.

154 3410 379 3478 Hludouvieus
407 3422 439 3474 et
456 3409 643 3480 Hlotharius
663 3411 772 3474 divina
796 3411 967 3472 ordinante
988 3410 1192 3493 providentia
1220 3411 1285 3469 lm-

154 3503 317 3574 peratores
345 3495 499 3576 Augusti,
527 3496 677 3556 omnibus
707 3494 855 3555 fidelibus
884 3503 1010 3561 sanctae
1033 3493 1094 3553 Dei
1118 3493 1284 3554 Ecclesiae

156 3581 187 3633 et
201 3577 327 3638 nostris.
368 3577 544 3640 Recordari
562 3601 619 3644 uos
638 3577 797 3640 credimus
820 3576 961 3658 qualiter
976 3576 1039 3636 hoc
1058 3596 1155 3652 anno,
1176 3573 1298 3634 consi-.

155 3655 199 3714 lio
220 3657 431 3719 Sacerdotum
443 3669 474 3720 et
488 3662 626 3728 aliorum
639 3659 803 3720 Fidelium
820 3668 1014 3735 nostrorum,
1030 3659 1181 3740 generale
1198 3657 1284 3716 ieiu-

156 3738 245 3798 nium
267 3761 327 3821 per
346 3751 450 3810 totum
466 3763 606 3826 regnum
627 3751 773 3805 nostrum
790 3742 954 3811 celebrare
971 3741 1137 3816 iussimus,
1159 3743 1283 3805 Deum·

155 3841 217 3902 que
239 3824 306 3882 total
328 3823 501 3892 devotione
522 3827 696 3908 deposcere
716 3834 753 3884 ut
776 3824 869 3886 nobis
887 3824 1077 3905 propitiari,
1104 3831 1136 3882 et
1158 3823 1191 3888 in
1209 3822 1284 3902 qui-

155 3901 213 3964 bus
229 3903 324 3965 illum
344 3906 481 3967 maxime
495 3907 724 3978 offenderimus
745 3907 837 3970 nohis
858 3905 1081 3982 manifestare,
1106 3904 1192 3965 etad
1211 3926 1284 3964 cor-

107 4059 112 4072 ·
146 3986 333 4048 rectionem
347 3997 489 4057 nostram
508 3990 720 4052 necessariam
736 3989 952 4070 tranquillum
966 3999 1091 4071 ternpus
1114 3986 1207 4046 nobis
1224 3986 1284 4045 tri-

154 4068 252 4130 buere
271 4069 468 4152 dignaretur.
494 4073 708 4136 Volueramus
723 4072 883 4156 siquidem
900 4080 1042 4153 tempore
1059 4089 1207 4150 congruo
1220 4068 1287 4149 pla-

156 4151 254 4211 citum
281 4163 427 4222 nostrum
453 4153 604 4238 generale
623 4154 760 4231 hahere,
787 4163 819 4216 et
842 4153 876 4214 in
899 4174 937 4214 eo
960 4155 999 4214 de
1027 4153 1190 4219 communi
1210 4171 1284 4210 cor«

155 4233 299 4301 rectione
330 4247 503 4321 agereret
521 4237 565 4304 ita
587 4240 658 4306 Deo
685 4237 857 4306 miserante
887 4235 996 4316 fieret,
1024 4237 1084 4303 nisi
1113 4232 1285 4303 commotio
