2958 4986
258 337 294 392 s.
316 333 403 392 cna.
517 329 913 392 nucunrnanconuu
1017 335 1080 393 su.
1200 319 1271 394 163

130 488 273 556 ventur,
298 495 406 558 neque
427 472 625 557 litigationes
653 472 707 536 vel
729 475 956 537 contentiones
975 474 1064 538 inter
1082 498 1116 538 se
1139 501 1272 544 movere

128 568 349 648 praesumant,
376 579 484 640 neque
502 557 536 617 in
555 557 648 618 nullo
665 557 825 639 Magistris
842 568 873 618 et
890 559 1065 621 Abbatissis
1083 560 1275 626 inobedien.

129 655 182 706 tes
204 643 258 706 vel
281 641 461 703 contrariae
486 640 556 700 ficri
580 640 730 701 audeant.
759 639 836 711 ¹Ubi
862 650 969 702 antem
996 642 1163 725 regulares
1185 657 1273 726 sunt,

131 727 269 788 omnino
290 724 471 786 secundiam
490 722 638 806 regulam
662 721 845 782 observent.
887 725 959 784 Non
981 725 1192 790 fornicationi
1214 729 1274 792 de-

132 810 231 886 ditae,
253 829 320 868 non
339 805 497 884 ebrietati,
523 827 588 866 non
605 804 774 888 cupiditati
792 805 982 884 servientes,
1004 808 1060 868 sed
1082 811 1275 874 omnimodis

132 892 218 954 iuste
247 899 279 951 et
304 889 409 950 sobrie
438 888 560 951 vivant.
608 889 651 948 Et
676 897 713 947 ut
739 887 773 946 in
795 888 933 950 claustra
965 890 1017 952 vel
1045 895 1276 956 monasterium

133 995 246 1038 earum
264 973 315 1034 vir
329 972 442 1032 nullus
463 973 574 1049 intret,
599 971 660 1032 nisi
676 971 716 1030 ad
738 970 866 1032 Missam
880 972 1016 1050 tantiam,
1040 983 1072 1034 et
1091 977 1196 1037 statim
1217 999 1276 1038 ex·

134 1067 198 1119 eat.
239 1058 281 1117 Et
300 1064 336 1115 ut
350 1076 444 1116 nemo
466 1055 599 1114 salterius
614 1053 713 1115 filiam
729 1074 818 1114 snam
840 1054 874 1114 in
893 1056 1177 1137 congregationem
1198 1063 1278 1124 San-

135 1139 372 1222 ctimonialium
396 1137 532 1220 recipiat
554 1136 674 1218 absque
702 1135 817 1196 notitia
840 1137 894 1199 vel
916 1137 1175 1204 consideratione
1193 1143 1276 1224 Epi-

134 1222 227 1306 scopi
248 1223 289 1284 ad
308 1221 401 1282 cuius
419 1219 592 1281 dioecesim
615 1218 757 1302 pertinet
782 1219 874 1282 locus
897 1220 954 1281 ille
962 1245 970 1291 ς
995 1231 1028 1282 et
1051 1233 1088 1284 ut
1105 1225 1172 1308 ipse
1197 1225 1278 1288 dili-³

137 1315 253 1390 genter
282 1303 432 1385 exquirat
460 1302 601 1384 qualiter
628 1303 661 1362 in
694 1309 805 1363 sancto
835 1302 896 1363 Dei
923 1304 1056 1366 servitio
1085 1329 1277 1389 permanere

137 1387 260 1471 cupiat,
286 1396 318 1448 et
338 1385 544 1448 stabilitatem
562 1407 652 1447 suam
673 1384 794 1446 ibidem
814 1385 940 1448 firmare
958 1387 1011 1448 vel
1031 1391 1277 1468 professionem.

133 1471 286 1535 Ancillae
307 1479 415 1530 antem
435 1468 573 1529 aliorum
595 1467 775 1546 hominum,
797 1469 850 1531 vel
872 1469 952 1531 tales
970 1469 1110 1533 feminae
1125 1495 1208 1555 quae
1221 1474 1279 1535 ¹se-

136 1553 283 1617 candum
298 1573 421 1613 morem
439 1550 694 1615 conversationis
711 1551 744 1610 in
762 1561 871 1613 sancta
887 1553 1148 1636 Congregatione
1167 1555 1278 1620 rivere

136 1638 274 1714 nolunt,
309 1655 421 1697 omnes
440 1635 585 1717 pleniter
606 1634 645 1696 de
664 1635 922 1717 congregatione
942 1633 1114 1698 eiciantur.

140 1745 186 1808 Ut
201 1743 354 1830 Episcopi
378 1756 409 1804 et
431 1744 488 1804 olii
512 1741 629 1804 Clerici
649 1763 742 1886 capez
759 1741 804 1802 ad
821 1739 1001 1804 cenandum
1023 1756 1078 1804 aut
1098 1758 1279 1832 acceptores

597 1846 664 1886 non
704 1848 722 1884 a
745 1837 825 1885 eant.

220 1928 310 2000 xlx.
352 1935 395 1997 Ut
414 1931 579 2016 Episcopi,
605 1932 755 2011 Abbates,
773 1932 969 2018 Presbyteri,
987 1933 1137 2015 Diaconi,
1154 1937 1281 1998 nullus·

137 2040 206 2102 que
223 2038 264 2078 ex
287 2017 374 2076 omni
393 2017 502 2094 Clero,
523 2035 618 2077 canes
639 2017 679 2077 ad
697 2015 896 2095 venandum,
924 2027 979 2078 aut
998 2029 1195 2103 acceptores,
1216 2019 1281 2080 fal-

138 2121 258 2176 cones,
290 2120 348 2160 seu
377 2099 556 2180 sparvarios
583 2097 701 2160 habere
727 2109 954 2182 praesumant;
993 2103 1051 2164 sed
1078 2102 1221 2184 pleniter
1245 2123 1281 2165 se

139 2182 367 2264 unusquisque
397 2183 431 2242 in
462 2181 576 2244 ordine
599 2204 658 2243 suo
690 2181 846 2244 canonice
878 2183 930 2252 vel
957 2185 1156 2266 regulariter
1177 2194 1282 2247 custn-

139 2267 242 2330 diant.
285 2265 351 2342 Qui
372 2274 480 2327 autem
500 2265 760 2348 praesumpserit,
778 2264 857 2327 sciat
878 2267 1103 2348 unnsquisque
1122 2267 1283 2330 bonorem

138 2371 237 2413 suum
259 2349 406 2431 perdere.
450 2347 577 2410 Caeteri
598 2369 677 2409 vero
705 2348 768 2409 tale
788 2347 905 2428 exinde
932 2348 1085 2410 damnum
1105 2351 1283 2434 patiantur,

139 2442 179 2494 ut
191 2431 312 2513 reliqui
330 2440 452 2492 metum
464 2429 605 2492 habeant
620 2431 772 2493 taliarsibi
789 2451 954 2514 usurpare.

143 2539 190 2603 Ut
211 2539 397 2604 Abbatissae
419 2552 449 2600 et
466 2538 730 2600 Sanctimoniales
758 2541 845 2601 intro
875 2539 1015 2600 claustro
1043 2562 1100 2600 sua
1123 2552 1282 2615 araneam,-

39 2617 45 2632 '
247 2643 302 2682 nec
321 2620 527 2702 egrediantur
541 2622 656 2703 absque
673 2623 802 2683 licentio
824 2633 855 2680 et
871 2623 1004 2683 consilio
1020 2622 1182 2708 Episcopi.

119 2723 135 2767 ²
224 2731 298 2792 XX.
336 2732 379 2790 Ut
391 2729 575 2790 Abbatissae
591 2729 656 2788 una
676 2749 750 2790 cum
767 2727 1073 2790 sanctimonialibus
1089 2727 1154 2790 suis
1171 2728 1287 2790 unani·

140 2814 240 2878 miter
256 2835 293 2874 ac
312 2812 488 2896 diligenter
503 2811 589 2871 infra
610 2811 749 2872 claustra
769 2833 802 2872 se
824 2811 1018 2890 custodiant,
1041 2819 1073 2872 et
1096 2811 1286 2873 nullatenbs

138 2896 223 2960 foris
245 2898 384 2958 claustra
410 2896 457 2956 ire
480 2904 696 2978 praesumant.
740 2892 805 2954 Sed
819 2893 1004 2956 Abbatissae
1026 2893 1100 2956 ciam
1118 2895 1288 2978 *propter

142 2980 270 3062 aliquas
289 2979 329 3039 de
348 2976 655 3040 Sanctimonialibus
678 2975 836 3058 dirigere,
866 2977 929 3039 hoc
945 2999 1153 3059 nequaqnam
1166 2977 1288 3058 absque

141 3061 281 3125 licentia
300 3071 332 3122 et
353 3061 493 3124 consilio
509 3060 662 3142 Episcopi
679 3059 729 3120 sui
746 3059 876 3120 faciant.
919 3060 1077 3122 Similiter
1096 3069 1129 3120 et
1149 3061 1224 3122 cirm
1240 3080 1291 3120 01·-

142 3145 348 3209 dinationem
371 3143 512 3226 aliquam
535 3144 573 3218 in⁴
592 3140 796 3204 Monasteriis
819 3163 912 3224 agere
928 3142 1078 3220 debeant,
1096 3143 1149 3204 v'el
1165 3143 1291 3227 aliquas

143 3230 181 3289 in
198 3228 401 3293 Monasteriis
423 3225 628 3310 receptiones
648 3226 775 3302 facere,
804 3233 837 3284 et
857 3224 920 3286 boe
941 3247 1016 3285 cum
1035 3225 1204 3308 Episcopis
1225 3225 1292 3286 suis
1315 3233 1316 3236 ’

141 3311 288 3396 pleniter
311 3310 405 3376 anteb
427 3317 623 3378 ret1·actent;
655 3317 687 3368 et
712 3307 806 3390 quod
821 3307 981 3368 salubrius
1004 3307 1058 3368 vel
1082 3309 1195 3370 utilius
1220 3305 1293 3370 lieri

144 3393 307 3476 disponat,
325 3393 480 3476 Episcopi
494 3389 750 3473 Archiepiscopo
768 3389 977 3468 annuntient,
994 3399 1116 3452 etcum
1132 3390 1201 3454 eius
1217 3411 1294 3455 con·

144 3475 222 3540 silio
238 3495 321 3558 quae
344 3476 467 3558 agenda
485 3483 562 3562 sunt¹
575 3472 803 3557 perficiantur.

133 3585 136 3594 '
254 3579 298 3642 Ut
311 3579 495 3660 Presbyteri
514 3578 669 3640 Comitum
688 3575 858 3662 Episcopis
879 3579 944 3638 suis
966 3579 1100 3640 subiecti
1116 3581 1190 3642 sint.

231 3687 318 3747 XXl.
360 3689 404 3748 Ut
424 3683 634 3767 Presbyteros
651 3706 687 3746 ae
705 3694 849 3747 caeteros
875 3686 1059 3748 Canonicos
1080 3709 1162 3768 quos
1184 3687 1296 3750 Comi-

145 3781 199 3833 tes
213 3768 279 3831 suis
298 3768 332 3828 in
351 3768 541 3832 ministeriis
560 3767 697 3845 habent,
723 3768 857 3830 omnino
875 3791 930 3830 eos
946 3769 1114 3854 Episcopis
1134 3770 1199 3832 suis
1220 3771 1298 3832 sub-

144 3854 248 3915 iectos
270 3851 465 3929 exhibeant,
486 3860 523 3910 ut
541 3849 697 3912 canoniea
715 3851 878 3913 institutio
895 3851 1003 3922 iubet;
1029 3863 1061 3914 et
1082 3853 1121 3914 de
1135 3852 1185 3914 his
1202 3853 1300 3936 Epis-

145 3935 238 4018 copis
264 3934 330 3996 suis
348 3935 493 4020 pleniter
514 3933 574 3994 sub
595 3943 705 3994 sancta
727 3933 898 4016 disciplina
917 3956 971 3996 eos
985 3935 1116 3996 erudire
1136 3935 1201 3996 sint
1217 3957 1299 3997 con·
1358 3973 1364 3982 ·

145 4017 340 4096 sentientes,
364 4018 450 4082 sicut
472 4025 615 4080 nostram
634 4007 768 4100 gratiam
787 4016 842 4079 vel
863 4019 937 4079 suos
951 4017 1093 4080 honores
1108 4017 1228 4081 habere
1245 4019 1299 4081 de-
1405 4093 1410 4106 Ι

148 4099 306 4167 siderant.
368 4105 376 4116 '

278 4207 320 4270 Ut
342 4207 494 4270 Cunsnz'ci
511 4205 652 4290 pleniter
666 4207 766 4268 vitam
791 4197 976 4268 cononicam
993 4193 1183 4267 observent(

196 4283 202 4301 '
230 4292 336 4355 XXII.
379 4289 538 4352 Canonici
560 4299 667 4352 autem
686 4288 831 4374 pleniter
852 4287 952 4353 vitam
973 4289 1145 4352 observent
1163 4289 1300 4354 canoni-
