2952 4988
299 335 468 393 aona·
551 317 946 412 uatum—rumentum
1052 337 1114 400 eoo.
1223 326 1334 397 227*

371 476 421 536 De
436 476 494 536 hoc
511 475 611 559 siper
627 445 768 560 plurima
782 474 966 556 loccfcmcs
975 475 1091 560 fucrit.

241 584 329 645 XIX.
364 582 658 654 ,Consideravimus
688 583 798 664 itaque
824 593 860 643 ut
882 585 1045 665 praesenti
1072 605 1186 663 anno,
1219 588 1298 669 quia

159 689 221 755 per
237 666 378 750 plurima
391 667 461 727 loca
472 665 571 726 fames
586 665 694 729 valida
712 687 779 727 esse
796 665 945 742 videtur,
961 675 997 726 ut
1010 689 1119 729 omnes
1132 669 1297 754 Episcopi,

108 779 113 784 ·
160 752 315 827 Abbates,
337 745 539 824 Abba‘tissae,
562 749 821 832 Optimates‚et
844 749 1007 827 Comites,
1028 771 1086 812 seu
1109 750 1298 832 domestici,

162 845 195 896 et
215 832 326 895 cuncti
353 832 466 893 fideles
488 831 546 913 qui
572 831 731 892 beneficia
757 830 899 972 replalia7
920 840 985 892 tam
1007 832 1047 894 de
1069 833 1166 894 rebus
1190 835 1298 896 eccle-

161 915 295 979 siasticis
316 915 478 997 qualmque
502 923 533 974 et
558 914 598 974 de
622 912 779 996 reliquis,
825 914 919 975 abere
942 915 1116 994 videntur,
1138 925 1175 976 ut
1196 939 1299 979 unus-

161 999 301 1082 quisque
323 999 362 1059 de
388 1019 446 1058 sno
466 995 626 1058 beneficio
652 1019 741 1058 suam
762 996 917 1056 familiam
943 997 1107 1058 nutricare
1129 999 1245 1078 faciat,
1268 1012 1301 1060 et

160 1085 273 1144 desua
292 1079 489 1166 proprietate
511 1079 675 1162 propriam
696 1075 853 1138 familiam
879 1080 1022 1154 nutriat;
1051 1090 1084 1140 et
1100 1079 1127 1140 si
1145 1083 1217 1142 Deo
1241 1083 1300 1142 do-

161 1175 259 1226 nante
275 1184 420 1248 superse
436 1170 468 1224 et
484 1183 582 1244 super
598 1161 753 1223 familiam
771 1183 878 1238 suam,
897 1173 951 1222 aut
968 1164 1001 1222 in
1018 1163 1178 1224 beneficio
1193 1174 1248 1224 aut
1266 1166 1299 1224 in

161 1248 276 1325 alode,
298 1266 461 1306 annonam
476 1243 646 1324 habuerit,
669 1254 701 1307 et
718 1245 909 1308 venundare
930 1245 1090 1322 voluerit,
1113 1268 1178 1306 non
1196 1248 1301 1308 carius

161 1330 282 1392 vendat
306 1329 369 1391 nisi
388 1328 532 1389 modium
552 1329 591 1390 de
612 1349 716 1390 avena
739 1327 888 1390 denarios
911 1329 1009 1406 duos,
1031 1329 1176 1390 modium
1199 1351 1302 1389 unum

160 1415 201 1476 de
223 1413 348 1474 hordeo
365 1420 479 1472 contra
497 1411 646 1475 denarios
667 1420 750 1488 tres,
772 1411 917 1472 modium
934 1433 1036 1472 unum
1056 1413 1095 1473 dc
1113 1412 1215 1494 spelta
1234 1413 1301 1474 dis-

185 1506 271 1557 arata
297 1504 410 1556 contra
435 1493 585 1556 denarios
605 1504 689 1573 tres,
711 1493 856 1554 modium
878 1517 982 1555 unum
1002 1495 1043 1556 de
1064 1494 1171 1577 segale
1189 1505 1304 1555 contra

160 1519 312 1640 denarios
332 1587 491 1659 quatuor,
516 1577 661 1640 modium
680 1597 782 1636 unum
807 1577 847 1638 de
873 1578 1038 1642 frumento
1055 1586 1169 1660 parato
1189 1587 1302 1638 contra

163 1661 314 1722 denarios
331 1681 395 1722 sex.
426 1661 469 1720 Et
486 1659 554 1742 ipse
570 1661 697 1721 modius
713 1659 754 1720 sit
770 1681 869 1741 quem
884 1660 1032 1721 omnibus
1045 1659 1169 1720 habere·
1181 1662 1303 1722 consti-

163 1752 270 1889 tutplm
280 1752 338 1824 est,
353 1742 748 1827 utunusquisquehaheat
758 1765 894 1827 aequam
907 1763 1091 1806 mensuram
1103 1751 1135 1804 et
1150 1744 1302 1826 aequales

164 1847 217 1888 mo
241 1849 299 1889 ros.

247 1967 576 2045 carrrutaan
614 1975 976 2070 sexrun'arrr
1006 1982 1221 2063 ncccv1‚
1285 2007 1313 2022 »

363 2114 449 2188 Sive
478 2111 645 2209 Capitale
668 2125 840 2206 excerpta
867 2115 913 2184 de
938 2116 1100 2190 Canone.

315 2247 510 2344 Incipiunt
539 2245 715 2341 Capitale
740 2259 917 2340 excerpta
942 2249 988 2318 dc
1014 2249 1176 2328 Conone.

168 2402 279 2500 Capd.
320 2367 381 2484 Ut
395 2446 456 2508 per
472 2424 618 2508 singulos
639 2445 740 2486 annos
758 2424 899 2509 synodus
919 2426 967 2488 bis
986 2427 1049 2489 liat.

144 2534 149 2539 “
248 2530 289 2590 11.
332 2529 446 2607 Qualis
463 2529 503 2590 ad
521 2528 736 2602 sacerdotium
754 2529 807 2590 vel
826 2551 931 2591 sacros
951 2533 1105 2612 ordines,
1127 2537 1307 2598 secundim

170 2613 258 2696 quod
280 2612 313 2670 in
336 2632 460 2672 canone
480 2611 635 2694 legimus,
658 2612 770 2673 venire
786 2633 850 2672 non
871 2621 986 2693 potest.

151 2771 195 2840 'd
245 2695 313 2837 dlIl.
356 2695 399 2754 Ut
421 2714 627 2777 nequaquam
646 2693 732 2756 inter
751 2695 833 2756 duos
854 2697 1120 2788 Metropolitanos
1137 2701 1308 2785 provincia

197 2776 241 2838 ivi
267 2785 349 2836 atur.

255 2858 312 2920 IV.
352 2857 456 2922 Nein
478 2880 543 2920 una
562 2857 693 2924 civitate
708 2858 773 2921 duo
792 2858 857 2922 sint
867 2859 1040 2946 Episcopi,
1063 2866 1154 2927 etde
1171 2863 1309 2929 Vicariis

142 2951 297 3004 'eorurra
374 2971 375 2976 ¹

172 3105 233 3173 dm
256 3026 297 3087 V.
339 3022 436 3103 Qubd
469 3047 536 3087 non
572 3031 717 3112 oporteat
743 3023 965 3089 ordinationes
989 3028 1226 3115 Episcoporum
1255 3031 1312 3093 dit

230 3129 312 3168 erra.
1286 3139 1290 3147 ·

257 3191 315 3252 VI.
356 3192 406 3252 De
427 3189 585 3254 ordinatis
605 3189 795 3274 Episcopis‚
818 3210 879 3250 nec
899 3193 1049 3276 receptis.

253 3273 333 3336 Vll.
377 3274 475 3351 Qubd
494 3296 560 3335 non
584 3283 731 3356 oporteat
753 3273 898 3334 absolute
917 3276 1081 3356 quoslibet
1098 3277 1260 3340 ordinare.

255 3356 353 3422 VlII.
374 3399 377 3407 -
394 3359 444 3418 De
459 3377 570 3434 servo,
585 3357 611 3420 si
624 3358 794 3419 'nesciente
812 3355 943 3418 domino
958 3381 1017 3420 suo
1028 3361 1128 3439 fuerit
1138 3361 1314 3422 ordinatus.

257 3440 313 3501 lx.
357 3439 454 3520 Qubd
471 3461 538 3500 non
558 3439 655 3500 liceat
669 3439 836 3502 Clericum
859 3439 894 3500 in
912 3439 1039 3504 duabus
1052 3443 1236 3505 civitatibus
1258 3445 1316 3503 nri-

176 3521 331 3602 nistrare,
353 3545 415 3586 nec
433 3521 572 3586 Abbates
588 3522 729 3604 plurima
745 3521 939 3583 monasteria
954 3533 1009 3584 aut
1028 3526 1127 3587 cellas
1143 3527 1274 3588 habere.
1414 3597 1420 3608 .

258 3606 297 3672 X.
339 3607 387 3667 Ne
421 3605 462 3666 de
489 3626 555 3665 uno
584 3605 657 3666 loco
679 3605 720 3666 ad
748 3604 849 3665 alium
876 3613 1016 3668 transeat
1040 3609 1219 3692 Episcopus
1244 3611 1315 3671 sine

174 3685 310 3748 decreto
327 3687 586 3770 Episcoporum‚
607 3688 662 3749 vel
687 3687 835 3750 Clericus
849 3686 918 3748 sine
933 3687 1075 3752 iussione
1090 3691 1243 3776 Episcopi
1257 3692 1317 3768 sui.
1407 3721 1425 3748 a

263 3769 330 3830 xl:
360 3773 409 3830 De
427 3769 608 3854 peregrinis
625 3770 848 3856 Episcopis'et
867 3771 1013 3848 Clericis.
1294 3831 1300 3838 ,

262 3851 336 3912 XIl.
378 3853 428 3914 De
450 3852 568 3916 litteris
595 3853 862 3938 peregrinorum,
888 3861 921 3914 et
943 3853 1080 3920 Clericis
1105 3853 1174 3919 sine
1201 3855 1319 3919 litteris
1361 3848 1384 3933 ξ

144 3955 145 3958 ’
181 3932 430 3996 ambulantibus.
1166 3943 1169 3952 '

223 4049 226 4056 ,
264 4017 353 4078 Xlll.
387 4017 509 4096 Qualis
529 4019 583 4080 vel
598 4041 658 4102 pro
675 4015 826 4102 qualibus
852 4017 958 4100 culpis
982 4021 1054 4103 quis
1068 4022 1250 4084 secundirm
1265 4044 1321 4084 ca-

182 4097 334 4160 nonicam
349 4099 588 4162 institutionem
603 4102 798 4184 degradetur
812 4101 852 4162 de
871 4101 975 4164 officio
995 4106 1198 4168 sacerdotali.

264 4184 352 4247 XIV.
393 4185 443 4244 De
472 4185 608 4268 expulso
632 4185 670 4247 ab
697 4183 902 4248 Ecclesia'et
932 4189 1238 4269 excommunicato,
1264 4189 1320 4274 pel

184 4264 333 4328 damnato
353 4266 392 4329 ab
415 4265 533 4330 officio.
