2928 4986
162 317 234 394 386
386 335 420 392 n.
441 333 528 390 cua.
642 331 901 390 carnutium
1009 333 1071 393 sus.

161 480 299 544 reddere
320 475 542 559 compellatur.
586 471 745 538 Similiter
774 473 814 534 de
840 473 912 535 aliis
933 473 1084 534 omnibns
1113 472 1245 535 iustitiis
1269 473 1312 534 ad

162 585 238 627 eum
258 558 510 645 pertinentibus,
543 566 678 640 excepta
697 579 755 620 sua
780 555 923 638 legitima
941 556 1130 626 ¹hereditate
1159 578 1243 638 quae
1279 557 1312 619 ei

162 668 222 731 per
246 641 484 706 successionem
512 649 684 722 parentum
711 661 844 702 suorum
869 639 1012 720 legitime
1045 639 1159 701 venire
1184 639 1312 700 debuit.

164 727 261 808 Quod
277 727 303 788 si
321 725 395 808 quis
416 723 500 784 hano
517 730 658 782 nostram
674 723 851 786 iussionem
865 722 1097 806 contempserit
1118 723 1174 782 vel
1194 722 1313 804 negle-

163 811 261 889 xerit,
277 810 361 872 sicut
373 807 412 868 de
429 803 564 868 cacteris
584 805 871 888 contemptoribus,
892 804 937 864 ita
963 805 1003 866 de
1026 827 1065 866 eo
1093 815 1237 885 cogatur.
1282 807 1313 866 ls

163 913 242 956 vero
265 892 322 976 qui
341 889 470 952 casdem
483 909 534 950 res
551 887 675 970 primus
692 887 820 964 invasit,
842 897 874 948 et
894 887 1013 948 iniuste
1042 887 1202 964 vendidit,
1228 909 1310 948 nec·-

165 998 231 1037 non
246 985 280 1036 et
292 982 464 1056 emptores,
481 979 615 1052 excepta
636 971 705 1032 sola
724 992 863 1053 persona
879 971 1017 1052 parvuli,
1036 970 1099 1030 hoc
1116 972 1206 1050 quod
1222 972 1312 1030 frau-

164 1059 320 1121 dulenter
335 1054 536 1118 admiserunt
549 1053 635 1113 infra
650 1053 785 1135 patriam
799 1052 970 1114 emendare
982 1062 1126 1136 cogatur,
1142 1063 1174 1112 et
1186 1063 1309 1134 postea,

163 1141 249 1204 sicut
261 1147 498 1220 contemptores
515 1136 665 1198 iussionis
687 1145 825 1212 nostrae,
842 1134 900 1196 suh
918 1133 1161 1198 fideiussoribus
1179 1136 1221 1196 ad
1238 1158 1312 1198 nos·

163 1233 247 1285 trem
264 1221 481 1308 praesentiam
500 1218 612 1280 venire
634 1219 883 1302 compellantur.

329 1305 379 1364 De
398 1303 527 1384 placitis
547 1301 567 1360 b
588 1301 697 1363 liberis
725 1302 902 1362 bominibus
924 1299 1144 1362 observandis.

246 1385 287 1448 V.
330 1389 378 1448 De
402 1383 541 1446 Vicariis
566 1393 599 1446 et
622 1383 825 1446 Centenariis
850 1383 909 1464 qui
933 1383 1032 1465 magis
1057 1393 1192 1466 propter
1214 1384 1310 1467 cupi-

162 1471 298 1534 ditatem
314 1489 412 1550 quam
432 1475 567 1550 propter
593 1467 749 1528 iustitiam
773 1466 956 1528 faciendam
980 1467 1164 1548 saepissime
1190 1467 1314 1550 placita·

161 1562 289 1630 tenent,
306 1560 339 1612 et
366 1549 484 1610 exinde
504 1548 662 1631 populum
684 1549 779 1610 nimis
795 1548 953 1631 affligunt,
973 1549 1016 1608 ita
1039 1559 1193 1610 teneatur
1224 1549 1311 1612 sicut

163 1637 197 1696 in
224 1633 408 1718 capitulare
436 1633 556 1692 Domni
584 1632 697 1693 Karoli
721 1631 926 1714 Imperatoris
955 1631 1144 1693 continetur
1164 1633 1198 1690 in
1222 1633 1310 1694 libro

162 1717 225 1782 lll.
242 1717 386 1800 capitulo
403 1715 474 1776 Xt.
520 1714 563 1776 Ut
581 1715 687 1774 nullus
710 1714 755 1774 ad
766 1714 920 1798 placitum
946 1717 1139 1787 manniatur,
1163 1716 1226 1774 nisi
1255 1719 1311 1779 nisi

162 1821 290 1864 causam
306 1819 394 1860 suam
414 1799 551 1880 quaerit,
567 1810 623 1860 aut
643 1799 672 1857 si
688 1798 771 1858 alter
795 1798 825 1855 ei
851 1818 1003 1880 quaerere
1024 1797 1117 1858 debet
1122 1823 1134 1866 ;
1165 1790 1310 1882 exceptis

163 1883 316 1945 scabineis
333 1894 465 1976 septem,
483 1881 539 1962 qui
559 1877 605 1938 ad
623 1881 731 1940 omnia
752 1878 873 1976 placita
902 1903 968 1940 esse
995 1879 1116 1940 debent.
1160 1881 1243 1939 Item
1269 1882 1309 1942 de

163 1966 276 2028 eudem
298 1985 334 2024 re
359 1985 393 2022 sn
411 1961 598 2044 Capitulare
618 1971 729 2024 nostro
750 1984 784 2022 rn
806 1962 891 2024 libro
907 1964 968 2040 lV,
986 1962 1130 2044 capitulo
1151 1961 1218 2024 LV.
1253 1967 1308 2026 De

161 2047 290 2133 pharitio
308 2044 465 2129 siquidem
484 2064 563 2126 quae
586 2044 681 2107 liberi
697 2045 838 2106 homines
855 2047 1026 2107 obseruare
1042 2045 1171 2117 debent,
1184 2046 1307 2106 Consti-

164 2132 244 2190 tutio
259 2130 412 2208 genitoris
427 2127 530 2188 nostri
543 2129 669 2210 penitus
689 2127 890 2190 observanda
910 2142 1002 2209 atque
1019 2128 1156 2187 tenenda
1175 2142 1242 2196 est,·
1270 2141 1306 2186 ut

164 2210 316 2272 videlicet
337 2213 371 2270 in
386 2209 551 2270 arzrtotria
571 2208 769 2269 solummodo
792 2211 954 2288 generalia
979 2210 1102 2292 placita
1127 2210 1301 2285 observent,

164 2307 195 2354 et
221 2294 327 2352 tirellus
344 2313 397 2353 eos
422 2290 558 2376 amplius
608 2292 704 2352 tacita
726 2291 897 2352 obseruare
929 2293 1116 2376 compellat;
1135 2292 1194 2350 nisi
1210 2290 1300 2368 ¹forte

164 2375 297 2457 quilibet
315 2387 368 2436 aut
387 2311 674 2456 accusatussserit
690 2373 855 2434 autolium
871 2377 1083 2446 accusaverit,
1100 2387 1152 2434 aut
1179 2373 1222 2433 ad
1240 2387 1304 2433 tes-

167 2459 331 2518 timonium
348 2453 579 2540 perhibendum
595 2469 728 2517 vocatus
743 2454 858 2536 fuerit.
899 2455 955 2516 Ad
980 2470 1106 2516 caetera
1126 2477 1202 2516 vero
1228 2478 1307 2538 quae

167 2541 348 2600 Centenarii
365 2549 471 2598 tenent
492 2557 556 2597 non
569 2537 652 2612 alius
666 2539 777 2598 venire
793 2539 951 2612 iubeatur,
970 2541 1034 2599 nisi
1051 2540 1108 2622 qui
1124 2551 1179 2598 aut
1194 2538 1311 2617 litigat,

165 2615 220 2683 aret
240 2621 374 2693 iudicat,
394 2631 448 2680 aas
471 2619 671 2704 testificatur.
712 2621 754 2680 Et
772 2620 959 2704 quicunque
977 2620 1075 2682 huius
1098 2621 1313 2682 Constitutio-

167 2704 218 2765 nis
248 2711 463 2786 transgressor
494 2701 641 2764 dMissis
676 2703 793 2765 nostris
823 2703 975 2766 inventus
1012 2703 1131 2782 fuerit,
1166 2704 1315 2764 bannum

166 2795 313 2848 nostrum
327 2785 498 2868 persolvat.
533 2817 536 2822 ·

286 2869 335 2928 De
357 2868 466 2928 liberis
488 2868 665 2928 bominibus
688 2866 734 2927 ad
758 2867 970 2929 testimonium
993 2868 1183 2954 recipiendis

249 2949 308 3012 Vl.
351 2953 400 3010 De
415 2949 527 3009 liberis
544 2949 731 3010 hominibus
743 2949 800 3032 qui
821 2951 990 3032 proprium
1012 2973 1077 3011 non
1100 2951 1227 3028 habent,
1251 2951 1315 3011 sed

166 3035 201 3094 in
226 3045 311 3096 terre
331 3031 669 3110 dominicaresident,
684 3041 721 3092 ut
740 3041 874 3114 propter
891 3055 941 3093 res
965 3035 1096 3094 alterius
1114 3035 1152 3094 ad
1166 3034 1316 3096 testimo-

168 3118 260 3178 nium
276 3136 341 3176 nou
358 3115 567 3198 recipiantur.
599 3115 830 3175 Coniuratores
847 3123 953 3175 tamen
978 3117 1115 3178 aliorum
1132 3117 1316 3180 liberorum

167 3199 338 3262 hominum
357 3198 430 3258 ideo
445 3218 513 3258 esse
534 3207 669 3279 possunt
694 3197 772 3280 quia
791 3197 886 3257 liberi
908 3209 995 3259 sunt.
1040 3201 1094 3260 Illi
1115 3199 1192 3261 vero
1209 3199 1314 3282 quiet

190 3281 336 3364 roprium
352 3280 485 3354 habent,
507 3289 660 3340 ettamen
677 3279 712 3338 iu
728 3289 814 3340 terra
830 3280 992 3342 dominica
1013 3283 1170 3360 resident,
1183 3291 1310 3364 propter

166 3305 231 3426 iioc
255 3385 320 3424 non
344 3362 526 3423 abiciuntur
542 3363 618 3444 quia
632 3362 666 3422 in
687 3372 772 3422 terra
794 3363 957 3423 dominica
975 3364 1130 3440 resident,
1150 3366 1210 3426 sed
1220 3385 1310 3446 prop-

169 3460 220 3508 ter
239 3447 301 3506 hoc
324 3447 365 3506 nd
384 3445 607 3506 testimonium
628 3445 830 3527 recipiantur
851 3445 928 3526 quia
953 3447 1122 3530 proprium
1141 3447 1271 3508 habent.

173 3529 215 3591 Ut
236 3531 418 3612 inquiratur
428 3527 468 3587 de
490 3530 530 3587 iis
551 3530 606 3610 qui
626 3529 660 3586 in
681 3527 886 3588 exercitalem
908 3531 955 3588 ire
974 3543 1108 3610 possunt
1130 3529 1317 3614 expeditio-

313 3631 397 3681 nem,
420 3610 475 3669 uel
495 3611 551 3692 qui
560 3608 760 3692 fidelitatem
790 3609 925 3690 necdum
941 3613 1170 3694 promiserunt.

251 3691 330 3755 Vll.
374 3692 533 3755 Volumus
553 3702 649 3774 atquc
678 3692 824 3752 iubemus
845 3701 881 3751 ut
901 3693 988 3754 Missi
1013 3695 1115 3755 nostri
1141 3694 1318 3776 diligenter

168 3775 338 3859 inquirant
353 3776 466 3856 quanti
480 3774 576 3836 liberi
597 3773 743 3835 homines
769 3774 803 3834 in
824 3773 961 3858 singulis
975 3777 1186 3838 Comitatibus
1205 3795 1320 3835 mane-

144 3911 145 3918 ,
171 3869 235 3920 ant.
277 3857 362 3918 Hinc
377 3879 456 3918 vero
470 3880 508 3920 ea
530 3857 699 3939 diligentia
717 3865 751 3916 et
770 3855 852 3917 haec
867 3857 949 3918 ratio
963 3861 1167 3921 examinetur
1178 3879 1237 3940 per
1248 3857 1318 3917 sin-

170 3941 261 4024 gulas
278 3950 444 4018 centenas,
466 3951 502 4001 ut
517 3940 679 4002 veraciter
693 3940 798 4000 sciant
814 3939 888 4001 illos
914 3949 1010 4022 utque
1042 3940 1223 4004 describant
1253 3938 1317 4020 qui

168 4028 203 4084 in
225 4023 434 4100 exercitalem
456 4023 503 4084 ire
521 4030 656 4104 possunt
678 4021 937 4104 expeditionem3
961 4045 997 4085 ac
1020 4025 1137 4086 deinde
1156 4023 1319 4084 videlieet

164 4105 332 4170 'secundus
349 4105 428 4166 ordo
446 4106 486 4167 de
508 4105 558 4165 his
577 4105 633 4187 qui
650 4125 708 4186 per
731 4125 763 4164 se
779 4103 826 4164 ire
842 4127 906 4166 non
923 4117 1069 4187 possunt,
1083 4116 1119 4168 ut
1136 4107 1199 4188 duo
1214 4105 1318 4165 tertio

169 4188 365 4250 adiutorium
391 4198 593 4270 praeparent.
636 4189 677 4248 Et
691 4187 748 4268 qui
765 4188 904 4248 necdum
916 4189 1106 4252 fidelitatem
1124 4188 1217 4250 nobis
1236 4211 1319 4270 pro-

167 4271 337 4348 miserunt,
353 4291 427 4330 cum
448 4281 648 4333 sacramento
662 4271 753 4331 nobis
768 4269 957 4336 fidelitatem
972 4274 1161 4356 promittere
1180 4272 1309 4360 faciatis
