2958 4986
293 317 434 383 ecua.
547 273 683 374 auson
704 315 941 378 rnnvcoaun
1049 319 1112 382 aoo.
1204 308 1274 384 143

132 461 294 550 genitium
319 461 353 522 in
386 481 453 544 quo
476 469 553 522 sunt
578 458 740 521 foeminae
766 459 888 540 XXIV.
920 461 953 544 in
983 484 1048 544 quo
1073 467 1276 550 repperimus

131 547 265 611 sarciles
280 546 321 609 V.
345 565 420 606 cum
437 543 578 606 fasciolis
600 545 658 608 IV.
680 551 713 604 et
734 543 892 607 camisiles
916 545 956 606 V.
997 545 1055 608 Est
1078 549 1122 609 ibi
1154 554 1277 613 molina

130 635 158 694 Ι.
181 627 292 692 reddit
312 627 406 689 annis
427 626 566 710 singulis
588 626 713 688 modios
741 625 816 688 XII.
848 627 1043 710 Respiciunt
1069 632 1109 692 ad
1138 635 1276 697 eandem

132 723 260 778 curtem
281 710 384 772 mansi
406 711 589 794 ingenuiles
608 709 716 772 vestiti
737 709 863 771 XXIII.
884 712 934 772 Ex
955 711 1005 773 his
1028 723 1109 775 sunt
1124 715 1181 780 VI.
1191 733 1277 801 quo·

130 795 336 862 mmreddit
356 795 582 876 unusquisque
611 793 706 854 annis
735 792 883 876 singulis,
916 795 956 856 de
988 815 1117 857 annona
1150 802 1275 864 modios

129 881 225 946 XIV.
244 876 441 962 friskinguas
456 879 514 942 IV.
532 877 572 938 de
590 877 661 937 lino
678 875 718 937 ad
735 876 837 956 pisam
858 877 978 959 seigam
993 880 1018 938 Ι.
1033 881 1141 962 pullos
1154 884 1196 948 11.
1211 907 1273 946 ova

127 965 173 1029 X.
203 964 243 1025 de
269 972 412 1025 semente
446 959 508 1021 lini
529 959 704 1021 sextarium
732 961 759 1018 I.
782 959 821 1022 de
857 960 1022 1022 lenticulis
1047 965 1222 1026 sextarium
1249 969 1274 1028 1.

130 1055 289 1132 operatur
322 1045 416 1106 annis
448 1042 588 1127 singulis
618 1042 836 1106 hebdomades
870 1044 910 1105 V.
942 1054 1010 1105 arat
1038 1045 1182 1108 iurnales
1215 1050 1275 1110 III.

126 1139 216 1195 secat
259 1129 300 1191 de
338 1130 437 1191 foeno
471 1125 505 1188 in
541 1137 633 1210 prato
674 1125 838 1188 dominico
876 1128 1041 1189 carradam
1080 1129 1116 1189 I.v
1145 1139 1178 1191 et
1221 1131 1276 1192 in·

127 1213 285 1293 troducit,
318 1233 440 1274 scaram
466 1210 555 1272 facit.
598 1212 790 1272 Ceterorum
824 1230 903 1271 vero
935 1220 1013 1272 sunt
1046 1210 1104 1274 Vl.
1135 1233 1276 1296 quorum

126 1295 355 1382 unusquisque
382 1303 450 1356 arat
468 1293 561 1354 annis
581 1291 719 1374 singulis
740 1293 883 1353 iurnales
901 1292 946 1354 ll.
967 1293 1105 1356 seminat
1126 1305 1158 1357 et
1171 1296 1275 1357 intro·

127 1380 231 1458 ducit,
248 1389 335 1442 secat
355 1377 389 1437 in
403 1386 495 1461 prato
514 1376 678 1438 dominico
695 1377 841 1437 carradas
858 1375 920 1438 ΙΙΙ.
937 1377 1058 1438 stillas
1081 1377 1275 1458 introducit,

126 1473 283 1547 operatur
298 1460 516 1522 hebdomades
536 1459 582 1522 ll.
603 1459 681 1520 dant
703 1459 790 1520 inter
807 1460 888 1522 duos
915 1459 949 1518 in
978 1459 1070 1522 hoste
1098 1461 1216 1525 bovem
1233 1461 1271 1525 l:

35 1537 38 1544 ⁴
125 1547 261 1630 quando
279 1545 313 1604 in
330 1543 467 1605 ‘hostem
489 1563 557 1606 non
571 1551 725 1625 pergunt,
741 1542 866 1624 equitat
883 1564 1084 1626 quocunque
1104 1544 1155 1606 illi
1175 1566 1271 1629 prue-

124 1629 262 1713 cipitur,
283 1637 316 1689 et
344 1636 421 1688 sunt
443 1626 545 1688 mansi
567 1627 607 1690 V.
626 1625 684 1708 qui
703 1625 782 1686 dant
813 1625 906 1687 annis
937 1626 1076 1709 singulis
1107 1626 1207 1691 boves
1229 1626 1273 1690 lI.

124 1711 253 1795 equitat
279 1727 485 1793 quocunque
499 1707 548 1769 illi
566 1709 767 1850 praecipitur
787 1719 818 1769 et
841 1719 916 1770 sunt
932 1710 1032 1770 mansi
1054 1709 1111 1771 lV.
1133 1731 1274 1793 quorum

124 1803 197 1855 arat
216 1793 442 1876 unusquisque
472 1791 566 1853 aunis
584 1792 679 1873 singu
696 1792 721 1852 is
749 1791 892 1852 iurnales
917 1790 975 1853 lX.
1002 1792 1140 1854 seminat
1160 1803 1193 1856 et
1225 1793 1274 1853 in-

123 1875 281 1955 troducit,
299 1885 386 1938 secat
407 1874 441 1934 in
463 1885 555 1958 prato
571 1874 735 1936 dominico
753 1875 900 1936 carradas
920 1875 985 1936 llt.
1008 1885 1042 1936 et
1061 1876 1146 1936 illud
1166 1877 1273 1938 intro·
1318 1949 1321 1954 1

124 1962 229 2037 ducit,
246 1969 400 2042 operatur
417 1958 450 2018 in
468 1979 554 2018 anno
570 1956 787 2018 hebdomades
798 1958 855 2019 Vl.
870 1979 992 2018 scaram
1009 1959 1086 2021 fucit
1099 1961 1138 2020 ad
1156 1959 1271 2022 vinum
1328 1967 1332 1978 '

125 2043 326 2120 ducendum,
344 2043 431 2102 fimat
447 2041 487 2102 de
509 2050 596 2101 terra
618 2039 781 2101 dominica
799 2040 961 2102 iurnalem
981 2043 1008 2104 l.
1029 2042 1068 2102 de
1095 2043 1185 2125 ligno
1211 2042 1272 2104 do-

124 2139 185 2189 nat
209 2126 357 2189 carradas
373 2125 416 2187 X.
459 2125 501 2184 Et
517 2132 566 2184 est
582 2145 666 2186 unus
684 2145 825 2201 mansus,
840 2122 897 2205 qui
924 2135 992 2186 arat
1014 2123 1107 2186 annis
1134 2124 1272 2208 singulis
1295 2201 1296 2208 ἵ

124 2211 271 2272 iurnales
295 2206 355 2270 lx.
378 2207 515 2270 seminat
545 2215 578 2267 et
603 2205 794 2284 introducit,
818 2216 904 2267 secat
924 2208 964 2268 de
983 2211 1082 2268 foeno
1109 2207 1143 2268 in
1170 2207 1272 2292 prado

126 2293 293 2356 dominico
311 2289 466 2353 carradas*
483 2288 543 2351 tlt.
562 2297 594 2349 et
615 2288 686 2351 illas
704 2289 894 2367 introducit,
907 2311 1029 2352 scaram
1044 2290 1271 2374 lbcitparufro·

126 2379 208 2439 dum
228 2375 336 2451 donat,
364 2382 517 2454 operatur
545 2371 577 2431 in
612 2394 698 2433 anno
731 2373 923 2455 septimanas
956 2375 996 2436 V.
1025 2373 1160 2435 serviles
1193 2394 1270 2435 vcro

125 2459 231 2522 mansi
251 2457 357 2521 vestiti
380 2455 475 2519 XIX.
493 2475 633 2536 quorum
646 2454 756 2521 reddit
769 2456 994 2538 unusquisque
1012 2455 1106 2518 annis
1132 2456 1279 2541 singulis

124 2541 316 2624 friskingam
336 2539 363 2602 1.
380 2540 489 2623 pullos
507 2540 548 2602 V.
564 2559 625 2599 ova
637 2536 802 2602 X.,nutrit
824 2539 986 2619 porcellos
1015 2539 1193 2602 dominicos
1210 2537 1271 2602 lV.

125 2623 379 2690 aratdimidiam
400 2631 570 2699 araturam,
594 2620 795 2706 operatoria
817 2621 1017 2684 hebdomade
1030 2621 1089 2683 lll.
1112 2623 1182 2684 dies
1199 2643 1270 2686 sca-

124 2731 196 2772 ram
206 2707 284 2769 facit
305 2705 512 2788 parafredum
527 2705 635 2766 donat.
677 2707 768 2765 Uxor
789 2727 866 2766 vero
886 2704 976 2768 illius
997 2704 1076 2766 l'acit
1093 2705 1270 2768 camisilem

125 2792 154 2856 I.
176 2799 209 2852 et
225 2789 375 2854 sarcilem
395 2789 420 2850 l.
445 2787 578 2849 conficit
603 2786 732 2849 bracem
761 2796 793 2848 et
819 2787 932 2869 coquit
955 2810 1082 2872 panem.
1136 2789 1270 2852 Restant

126 2873 217 2936 enim
234 2873 273 2936 de
291 2867 361 2956 ipso
387 2871 572 2955 episcopatu
589 2878 698 2931 curtes
715 2868 791 2930 Vll.
808 2870 982 2952 dequibus
1006 2871 1060 2930 hic
1085 2869 1269 2934 breviatum

125 2977 195 3019 non
216 2965 275 3032 est,
291 2956 349 3017 sed
366 2955 399 3015 in
416 2975 538 3014 summa
555 2962 660 3014 totum
674 2953 873 3015 continetur.
915 2954 1020 3015 Habet
1036 2952 1157 3036 quippe
1177 2976 1268 3016 sum-

125 3061 178 3100 ma
198 3037 409 3121 Angustensis
427 3036 629 3118 episcopatus
651 3057 778 3098 mansos
804 3035 988 3118 ingenuiles
1015 3037 1150 3098 vestitos
1176 3036 1267 3100 mille

125 3121 187 3184 Vl.
219 3121 308 3184 absos
335 3118 478 3184 XXXV.
507 3118 642 3180 serviles
671 3141 749 3180 vero
779 3121 910 3180 vestitos
943 3118 1147 3181 CCCCXXl.
1176 3122 1267 3183 absos

123 3203 227 3267 XLV.
275 3200 583 3285 Intersingenuilcs
615 3209 723 3264 autem
758 3210 790 3263 et
825 3202 959 3265 serviles
1001 3201 1134 3265 vestitos
1175 3203 1266 3266 mille

125 3283 381 3350 CCCCXXVll.
404 3287 494 3347 absos
507 3281 642 3346 LdeX.
726 3284 890 3346 Exrmctr.

123 3448 172 3502 DE
194 3447 289 3500 ILLIS
309 3449 473 3502 CLERICIS
491 3450 538 3501 ET
558 3447 687 3511 bthlS,
717 3448 784 3518 Qut
811 3447 973 3500 ILLORUM
991 3446 1267 3504 irnornffi‘rnTEs

124 3519 370 3574 DONAVEBUNT
402 3521 449 3572 An
485 3519 748 3572 MONASTERIJM
782 3519 883 3586 QUOD
918 3520 1087 3572 VOCATUR
1111 3521 1266 3573 VUITUN·

160 3589 283 3642 BURCH'
295 3589 341 3642 ET
368 3590 389 3656 E
415 3589 558 3643 CONTRA
582 3588 814 3711 Rssclbbssrdum
847 3589 894 3642 AD
923 3591 1023 3642 USUM
1053 3581 1229 3644 fllUC'l’UA·

205 3774 362 3837 Hartuvic
383 3775 551 3860 presbyter
565 3772 699 3836 tradidit
713 3772 871 3854 adipsum
897 3775 1128 3836 monasterium
1151 3797 1265 3860 supra-

123 3857 248 3934 dictum
284 3858 316 3918 in
347 3881 429 3940 pago
457 3856 691 3922 Vuormacinse
720 3857 927 3918 medietatem
961 3857 1001 3917 dc
1035 3858 1091 3917 illa
1125 3859 1263 3938 ccclesia

121 3961 206 4021 quae
223 3950 469 4003 estconstructn
486 3942 519 4001 iu
539 3942 618 4002 villa
632 3937 843 4014 Hessicbeim,
869 3949 990 4000 etcum
1019 3961 1089 4000 casa
1123 3940 1265 4004 domini-

122 4029 204 4099 cata,
226 4043 351 4086 mansos
372 4025 504 4086 vestitos
523 4023 658 4086 serviles
672 4021 730 4084 lV.
744 4031 776 4081 et
795 4022 836 4082 de
859 4022 963 4084 vineis
992 4023 1135 4104 picturus
1162 4026 1201 4088 V.
1232 4034 1267 4085 et·

121 4127 140 4165 e
163 4115 278 4178 contra
302 4107 426 4189 recepit
450 4107 538 4167 illam
559 4104 729 4168 ecclesiam
745 4105 778 4163 in
795 4105 874 4164 villu
898 4103 1114 4182 linteamin,
1133 4117 1165 4168 et
1190 4129 1265 4170 cum

121 4210 194 4248 cusa
217 4189 423 4267 dominicata,
441 4187 715 4272 mansos'vestitos
731 4187 865 4249 serviles
884 4187 943 4250 Vl.
971 4189 1010 4252 de
1031 4189 1136 4250 vineis
1159 4191 1265 4273 pictu-

121 4279 173 4334 fus
201 4271 240 4334 V.
267 4271 306 4336 de
328 4282 418 4358 prata
442 4273 483 4336 od
501 4295 591 4335 carra
609 4267 690 4341 XX.·
714 4269 747 4333 in
770 4291 905 4346 cavero
919 4272 1064 4352 ratione,
1091 4283 1128 4336 ut
1149 4274 1182 4337 id
1214 4275 1264 4359 ip-
