2952 4988
308 323 441 382 acan.
544 271 683 378 neuun
708 315 945 374 raaucoauu
1052 316 1114 374 eii.
1222 297 1294 370 245

333 483 599 550 carucatas
622 453 817 546 Trarion
837 477 937 542 Arm
960 481 1130 546 ccccxc

308 607 403 679 Item
443 604 541 675 unde
578 597 689 696 supra
724 600 772 672 de
802 623 898 671 enno
935 599 1140 671 undecimo.

159 743 222 813 De
250 738 375 812 causis
396 747 554 833 propter
579 756 674 828 quus
706 731 875 804 homines
907 734 1143 808 exercitalem
1173 731 1299 805 obedi·

479 837 618 905 tionem
642 831 828 903 dimittere
857 831 986 902 solent.

215 1018 292 1100 cap·
310 1016 334 1076 ¹·
357 984 403 1100 In
422 1037 535 1123 primis
549 1035 769 1100 discordantes
784 1044 871 1113 sunt,
894 1044 926 1098 et
951 1035 1066 1098 dieunt
1091 1037 1180 1118 quod
1201 1037 1299 1119 Epis-

159 1123 243 1206 copi,
261 1123 410 1202 Abbates,
431 1131 464 1184 et
484 1142 597 1184 eorum
617 1118 773 1182 Advocati
799 1127 989 1202 potestatem
1009 1140 1074 1180 non
1096 1119 1236 1181 habeant
1258 1122 1298 1182 de

160 1207 273 1268 eorum
293 1207 396 1269 tonsis
418 1204 568 1280 Clericis,
587 1211 619 1263 et
634 1201 773 1284 reliquis
785 1201 983 1264 hominibus.
1025 1201 1183 1266 Similiter
1199 1205 1300 1264 etCo-

160 1290 256 1349 mites
278 1288 317 1350 de
335 1309 449 1350 eorum
462 1284 661 1377 pagensibus¹
678 1305 744 1345 non
762 1283 904 1346 habeant
915 1293 1115 1369 potestatem.

242 1395 287 1457 ll.
330 1397 428 1475 Quod
448 1415 607 1480 pauperes
627 1414 661 1454 se
677 1393 856 1456 reclamant
878 1393 1058 1477 expoliatos
1079 1414 1149 1456 esse
1177 1393 1218 1454 de
1243 1415 1300 1455 eo-

159 1501 233 1540 rum
250 1479 458 1566 proprietate.
500 1479 543 1538 Et
562 1476 625 1537 hoc
638 1477 830 1558 aequaliter
850 1476 991 1536 clamant
1007 1497 1106 1558 super
1125 1476 1301 1557 Episcopos

161 1561 409 1706 {teptqqqthq'set
433 1581 546 1622 eorum
569 1559 764 1636 Advocatos,
792 1567 825 1619 et
844 1579 942 1644 super
960 1557 1100 1621 Comites
1128 1568 1160 1620 et
1189 1579 1301 1621 eorum

245 1751 308 1814 lll.
349 1751 474 1812 Dicunt
493 1749 590 1812 etiam
610 1749 698 1833 quod
714 1749 904 1830 quicunque
917 1751 1084 1834 proprium
1105 1773 1199 1813 suum
1210 1749 1298 1832 Epis-

162 1854 257 1916 copo,
276 1832 404 1911 Abbati,
426 1835 479 1895 vel
499 1833 629 1910 Comiti,
644 1841 700 1894 aut
719 1831 838 1907 ludici,
853 1833 906 1892 vel
927 1834 1124 1894 Centenario
1147 1834 1222 1894 dare
1240 1851 1283 1892 ao

161 1917 272 1994 luerit,
296 1916 481 1978 occasiones
506 1925 668 1998 quaerunt
695 1935 793 1997 super
820 1913 915 1974 illum
937 1937 1112 1998 pauperem
1137 1917 1301 1998 quomodo

162 2021 237 2060 eum
253 2000 470 2060 condemnare
488 1997 623 2082 possint,
641 2007 672 2059 et
697 1997 791 2057 illum
818 2018 946 2080 semper
971 1997 1004 2078 in
1031 1998 1156 2060 hostem
1181 1998 1302 2058 faciant

162 2083 327 2164 ireusque
350 2081 427 2142 dum
449 2102 574 2165 pauper
595 2081 698 2142 lactus
720 2080 834 2141 volens
858 2080 974 2141 nolens
1008 2103 1101 2143 suum
1133 2080 1302 2163 proprium

159 2165 265 2226 tradat
282 2174 338 2225 aut
352 2164 489 2236 vendat;
512 2163 568 2224 alii
583 2186 659 2225 vero
685 2163 743 2244 qui
768 2161 924 2222 traditum
943 2161 1076 2244 habent,
1108 2164 1226 2247 absque
1247 2165 1300 2224 ul-

159 2249 225 2310 lius
244 2246 476 2330 inquietudine
504 2245 591 2308 domi
608 2245 780 2308 resideant.
1182 2281 1187 2291 ·

243 2353 302 2417 lV.
345 2353 443 2432 Quod
470 2352 623 2437 Episcopi
643 2360 675 2414 ct
705 2351 856 2427 Abbates,
871 2349 938 2413 sive
962 2351 1114 2430 Comites,
1136 2351 1302 2416 dimittunt

162 2436 409 2498 eorumliberos
431 2434 580 2498 homines
603 2436 643 2496 ad
672 2456 775 2496 casam
801 2435 834 2494 in
865 2433 997 2496 nomine
1030 2436 1301 2504 ministerialium.

158 2519 316 2580 Similiter
331 2528 364 2580 et
378 2518 575 2580 Abbatissac.
617 2517 658 2578 Hi
676 2526 751 2578 sunt
767 2516 950 2594 falconarii,
972 2528 1150 2596 venatores,
1171 2521 1301 2581 telone-

159 2601 229 2683 arii,
244 2601 437 2684 Praepositi,
454 2601 589 2679 Decani,
612 2599 715 2661 etalii
741 2599 799 2681 qui
820 2599 933 2662 Missos
955 2601 1119 2686 recipiunt
1136 2611 1168 2663 et
1188 2623 1300 2664 eorum

159 2692 344 2764 sequentes.
376 2749 385 2759 A,

220 2792 259 2850 V.
301 2791 425 2850 Dicunt
448 2789 545 2850 etiam
563 2789 619 2850 alii
633 2791 722 2871 quod
744 2789 817 2851 illos
834 2789 1044 2931 pauperiores
1066 2764 1300 2871 constringant,

159 2881 192 2934 et
210 2873 241 2931 in
257 2872 383 2933 hostem
399 2872 446 2932 ire
468 2871 604 2950 faciunt,
625 2883 658 2934 et
672 2873 745 2934 illos
761 2871 819 2954 qui
859 2871 956 2934 abent
968 2871 1058 2955 quod
1074 2871 1149 2933 dare
1164 2869 1299 2955 possint,

44 2969 46 2974 '
160 2957 200 3018 ad
218 2955 349 3038 propria
371 2954 549 3017 dimittunt.

241 3061 300 3124 Vl.
322 3061 465 3122 'Dicunt
485 3059 546 3144 ipsi
562 3059 705 3122 Comites
726 3059 814 3142 quod
841 3059 896 3119 alii
919 3081 1032 3120 eorum
1055 3081 1211 3143 pagenses
1232 3080 1299 3120 non

160 3143 225 3204 illis
242 3143 406 3224 obediant,
429 3165 491 3204 nec
518 3143 663 3204 bannum
677 3143 796 3204 Domni
820 3143 1025 3225 Imperatoris
1048 3142 1223 3224 adimplere
1243 3163 1303 3201 vo·

160 3229 244 3303 lunt,
262 3227 408 3289 dicentes
424 3227 512 3309 quod
529 3236 641 3304 contra
661 3227 774 3287 Missos
795 3226 914 3285 Domni
931 3224 1136 3308 Imperatoris
1155 3245 1214 3306 pro
1239 3223 1301 3282 he-

159 3310 296 3370 ribanno
315 3309 454 3371 debeant
472 3308 631 3370 rationem
649 3309 804 3378 reddere;
829 3329 902 3367 uam
920 3329 985 3370 non
1006 3315 1118 3368 contra
1130 3304 1299 3381 Comitem,

161 3393 285 3454 etiamsi
307 3394 422 3455 Comes
444 3414 535 3466 suam
559 3392 690 3453 domum
715 3389 765 3450 illi
788 3390 821 3448 in
847 3391 991 3452 bannum
1021 3389 1155 3465 miserit,
1177 3388 1302 3451 nullam

134 3490 136 3492 ’
161 3475 280 3536 exinde
296 3473 655 3550 habeatreverentiam,
670 3473 734 3534 nisi
753 3473 853 3534 intret
870 3473 904 3534 in
921 3476 1051 3536 domum
1074 3492 1174 3549 suam,
1195 3479 1228 3531 et
1257 3469 1303 3529 ia-

161 3560 226 3619 ciat
241 3573 457 3640 quaecunque
480 3559 509 3619 ei
527 3557 656 3618 libitum
678 3556 788 3618 fuerit.

245 3659 320 3721 Vll.
365 3663 449 3722 Sunt
471 3664 567 3724 etiam
585 3661 642 3722 alii
666 3661 724 3744 qui
741 3650 854 3722 dicunt
876 3683 909 3723 se
924 3681 991 3723 esse
1010 3657 1301 3742 homincsPippini

164 3751 196 3801 et
212 3741 399 3821 Chluduici,
417 3753 449 3805 et
464 3755 543 3806 tuuc
584 3745 757 3806 rolitentur
771 3767 804 3804 se
823 3745 869 3805 ire
893 3743 933 3804 ad
946 3743 1127 3805 ‘servitium
1156 3741 1302 3804 domiuo·

162 3845 235 3884 rum
251 3846 384 3886 suorum
397 3828 528 3907 quando
543 3768 598 3888 alii
612 3848 767 3910 pagenses
781 3827 815 3886 in
832 3827 1009 3888 exercitum
1022 3846 1157 3910 pergere
1171 3825 1301 3887 debent.

243 3929 340 3992 Vlll.
382 3933 466 3993 Sunt
483 3933 600 3994 iterum
617 3932 721 3995 etalii
743 3933 801 4014 qui
822 3941 1002 4009 remanent,
1023 3940 1055 3992 et
1079 3929 1195 3990 dicunt
1212 3926 1321 4009 quod¹

163 4012 315 4074 Seniores
331 4035 443 4075 eorum
460 4017 546 4076 domi
565 4017 740 4091 resideant,
762 4026 794 4078 et
809 4015 948 4076 debeant
962 4036 1036 4074 cum
1061 4033 1175 4074 eorum
1190 4010 1304 4071 Senio·
1367 4083 1370 4088 ,

162 4095 252 4156 ribus
289 4117 425 4178 pergere
460 4100 649 4180 ubicunque
676 4098 774 4158 iussio
800 4097 919 4158 Domni
953 4095 1160 4180 Imperatoris
1194 4093 1303 4152 fuerit.

163 4178 229 4238 Alii
252 4199 329 4239 vcro
352 4191 427 4241 suut
448 4183 505 4263 qui
525 4182 599 4242 ideo
623 4203 656 4242 sc
680 4181 907 4242 commendant
932 4181 972 4241 ad
1001 4179 1126 4260 aliquos
1151 4176 1303 4236 Seniores

164 4282 246 4342 quos
265 4262 375 4323 sciunt
402 4264 435 4324 in
454 4266 579 4328 bostem
596 4285 661 4325 non
685 4265 898 4348 profecturos.
942 4264 1039 4343 Quod
1069 4281 1167 4345 super
1195 4257 1303 4320 omnia
