2958 4986
193 299 262 383 156
412 309 575 382 iacun.¹
667 323 927 381 CAPITULARIA
1029 321 1092 380 soa.

385 465 514 532 Utrum
531 439 694 530 extraneis
710 465 894 528 mulieribus
914 485 977 528 non
994 464 1145 527 habitent.

268 575 340 638 XV.
384 579 427 640 Ut
454 577 567 640 nullus
587 573 744 638 Sacerdos
766 582 994 636 extranearum
1016 571 1191 634 mulierum
1215 569 1340 634 habeat

187 659 460 734 familiaritatem
483 660 600 723 necin
622 680 679 720 sua
700 657 813 732 domo,
835 657 954 740 inqua
979 659 1047 742 ipse
1065 655 1207 734 habitat,
1230 657 1341 718 allana

188 745 361 807 mulierem
383 766 527 828 uuquam
548 741 715 828 permittat
736 739 892 802 habiture.

234 853 278 916 Ut
283 851 502 937 fideiussores
520 871 583 914 non
600 851 683 926 sint,
708 860 739 908 et
758 847 915 908 secularia
934 846 1056 910 iudicia
1078 868 1141 908 non
1159 846 1288 909 adeant.

271 959 359 1024 XVI.
403 958 493 1020 Nulli
512 956 724 1020 sacerdotum
739 954 837 1016 liceat
852 953 1077 1018 fideiussorem
1096 978 1181 1029 esse;
1209 979 1335 1042 neque,

189 1043 344 1108 derelicti
372 1042 503 1128 proprii
527 1041 620 1124 lege,
651 1039 693 1101 ad
717 1037 877 1100 secularia
908 1039 1029 1102 iudicia
1056 1041 1213 1103 accedere
1235 1063 1336 1126 prae-

188 1137 301 1192 sumat

453 1207 502 1268 De
517 1207 717 1292 possessione
738 1205 871 1284 triginta
894 1227 1059 1268 annorum.

271 1317 376 1382 XVII.
419 1319 462 1380 Ut
479 1317 536 1400 qui
559 1313 793 1398 possessionem
808 1311 975 1374 Ecclesiae
989 1313 1043 1375 vel
1062 1315 1250 1396 parochiam
1271 1339 1337 1401 per

188 1402 321 1485 triginta
340 1423 442 1462 annos
461 1400 531 1461 sine
552 1397 690 1462 alicuius
713 1395 977 1478 interpellatione
996 1400 1151 1476 tenuerit,
1173 1401 1244 1461 inre
1260 1422 1338 1483 pen-

157 1545 162 1557 ,
188 1495 288 1570 petuo
310 1483 481 1567 possideat.
525 1482 558 1544 Si
587 1503 666 1544 vero
691 1479 766 1541 inde
790 1479 905 1542 crebro
927 1479 1104 1562 repetitum
1133 1484 1250 1560 fauerit,
1277 1484 1336 1544 fiat

189 1567 329 1650 diligens
347 1565 525 1650 inquisitio.
566 1565 652 1627 Etsi
671 1585 747 1626 eum
765 1563 821 1646 qui
838 1563 967 1646 repetit,
989 1563 1072 1630 iusti
1090 1587 1247 1648 quaerere
1270 1565 1346 1650 poss.

187 1651 308 1727 tuerit,
338 1649 492 1712 adhibitis
513 1648 683 1710 veracibus
703 1656 736 1710 et
754 1643 920 1708 nobilibus
939 1647 1074 1710 testibus
1101 1649 1192 1732 quod
1210 1651 1337 1735 repetit

189 1731 413 1797 confirmando
428 1731 584 1794 vindicet.
1199 1735 1203 1742 '

401 1839 443 1902 Ut
465 1861 555 1902 arma
575 1859 638 1901 non
653 1851 778 1919 gerant,
798 1859 855 1900 nec
879 1837 951 1900 lites
967 1853 1124 1902 moueant.

270 1949 390 2012 XVIII.
432 1947 534 2008 Nemo
553 1968 593 2009 ex
615 1945 828 2007 sacerdotum
849 1968 985 2009 numero
1006 1969 1094 2008 arma
1116 1949 1336 2032 pugnantium

190 2053 334 2118 unquam
348 2039 475 2116 portet,
502 2049 565 2092 nec
585 2029 678 2090 litem
702 2038 816 2090 contm
834 2031 1019 2112 proximari
1040 2031 1142 2092 ullam
1158 2034 1292 2097 excitet.

496 2137 539 2200 Ut
554 2137 700 2199 tabernas
718 2159 781 2200 non
798 2136 1028 2218 ingrediantur.

271 2248 359 2311 XIX.
400 2249 443 2310 Ut
463 2247 574 2316 nullus
592 2243 859 2332 Presbyterorum
877 2245 996 2308 edendi
1013 2257 1068 2310 aut
1084 2248 1219 2312 bibendi
1236 2253 1334 2313 causi

189 2331 396 2420 ingrediatur
422 2331 457 2392 in
483 2329 645 2394 tabernas.

525 2437 567 2502 Ut
588 2439 608 2499 la
625 2439 802 2500 iuramento
818 2438 1005 2500 obstineant.

270 2550 341 2612 XX.
383 2549 426 2612 Ut
453 2548 564 2610 nullus
584 2545 741 2609 Sacerdos
771 2543 947 2628 quicquam
969 2565 1044 2605 cum
1074 2543 1258 2606 iuramento
1281 2546 1335 2607 iu-

188 2641 250 2712 ret,
271 2633 329 2701 sed
346 2632 540 2718 simpliciter
553 2653 627 2693 cum
645 2628 785 2713 puritate
804 2637 836 2687 et
857 2628 993 2690 veritate
1009 2628 1124 2688 omnia
1141 2628 1237 2690 dicat.

233 2741 276 2804 Ut
289 2743 517 2824 poenitentiam
531 2736 755 2823 confitentibus
772 2746 803 2794 et
818 2735 970 2796 viaticum
984 2733 1124 2818 infirmis
1141 2735 1295 2796 tribuant.

271 2850 359 2911 XXI.
402 2849 446 2909 Ut
473 2845 585 2908 cuncti
616 2844 808 2906 Sacerdotes
832 2844 981 2906 omnibus
1009 2841 1075 2904 illis
1098 2841 1335 2906 confitentibus

188 2953 302 2996 eorum
327 2929 482 3008 crImina,
506 2929 638 3012 dignam
659 2927 893 3010 poenitentiam
916 2949 990 2988 cum
1010 2947 1134 2986 summa
1159 2926 1333 3008 vigilantia

187 3015 266 3099 ipsis
285 3014 447 3084 indicent;
469 3021 501 3076 et
519 3010 667 3072 omnibus
685 3010 820 3084 infirmis
838 3021 912 3072 ante
929 3010 1052 3071 exitum
1065 3009 1149 3069 vitae
1174 3011 1332 3074 viaticum

188 3109 222 3162 et
239 3097 500 3161 communionem
516 3093 670 3178 Corporis
689 3093 809 3155 Christi
823 3093 1076 3156 misericorditer
1091 3089 1246 3154 tribuant.

531 3203 580 3264 De
604 3203 750 3263 unctione
773 3203 984 3286 infirmorum.
1021 3231 1024 3238 ·

269 3311 374 3374 XXII.
416 3313 460 3374 Ut
477 3309 658 3374 secundiam
681 3308 909 3370 diffinitionem
926 3317 1112 3383 sauctorum
1126 3307 1330 3384 Putrum,.si

186 3396 262 3481 quis
281 3395 475 3473 infirmatur,
496 3395 515 3456 a
533 3390 761 3456 Sacerdotibus
780 3393 855 3455 oleo
871 3391 1069 3455 sanctificato
1084 3412 1160 3474 cunr
1174 3391 1331 3452 orationi-

184 3482 246 3543 bus
268 3477 445 3563 diligenter
464 3487 640 3562 unguatur.
677 3549 680 3557 .

361 3690 627 3754 CAPITULARE
660 3689 830 3753 PRIMUM
861 3688 962 3750 ANNI
993 3690 1149 3750 DCCCll.

210 3803 296 3878 Sive
330 3793 489 3898 capitula
514 3801 598 3872 data
622 3797 744 3870 Missis
760 3798 984 3892 'dominicis3
1011 3823 1107 3870 anno
1132 3799 1303 3892 Secundo

668 3899 832 3992 imperii.

523 4067 647 4108 INDEX
682 4067 993 4110 castrutouunt.

211 4190 235 4229 ¹·
256 4135 327 4247 De
363 4188 517 4267 legatione
552 4190 572 4248 ia
605 4189 730 4251 Damno
802 4207 831 4248 a.
853 4186 903 4246 De
915 4184 1082 4269 fidelitate
1107 4183 1329 4268 promittenda

269 4271 466 4354 imperatore
485 4270 621 4332 directa:
862 4270 987 4330 Damno
1008 4268 1209 4354 [reparatori.
1227 4297 1233 4344 ‚⁴
