2920 4972
115 289 116 296 Ν
216 261 267 337 82
446 269 483 327 a.
500 263 590 327 ceu.
687 262 953 328 conruerunt
1033 260 1117 333 vtta.

297 411 421 498 suscipi
434 410 477 474 ad
492 401 711 472 accusandum
725 407 857 490 dehere,
878 408 942 473 nisi
957 405 1048 496 prids
1065 429 1183 478 eornm
1192 412 1363 488 cristina.

301 500 347 562 tio
366 496 466 561 fuerit
482 493 637 558 discussa.

531 601 582 664 De
599 601 800 664 monaumiis
817 601 887 664 Dee
905 601 1032 666 dicatis.

659 710 918 773 Onustus

302 822 405 887 XXX.
446 819 530 881 Item
547 815 582 878 in
605 816 723 880 eodem
741 817 904 898 Concilio,
924 828 962 882 ut
978 817 1054 882 loca
1071 838 1155 902 quae
1169 815 1269 880 semel
1283 817 1362 882 Deo

176 933 179 952 ⁸
220 909 369 974 dedicata
394 909 472 965 sunt
484 909 522 961 nt
536 901 730 962 monasteria
743 899 819 979 sint,
838 911 990 964 maneant
1011 901 1171 987 perpetnb
1194 911 1361 965 monaste·-

220 993 280 1071 ria,
300 1011 361 1052 nec
384 984 509 1072 possint
524 983 611 1044 ultra
631 983 703 1044 lieri
715 983 875 1045 secularia
892 985 1086 1047 habitacula.

243 1099 345 1162 Cone.
364 1091 477 1156 Chalc.
494 1109 565 1150 can.
591 1089 641 1166 ²4·
683 1089 775 1168 Quae
793 1091 865 1152 Deo
885 1091 984 1156 semel
1004 1100 1124 1154 sacrata
1149 1100 1227 1154 snut
1243 1111 1360 1152 mona-

304 1175 402 1242 steria
420 1169 601 1234 secuudirm
619 1169 856 1256 Episcoporum
867 1195 1072 1254 consensum,
1089 1183 1216 1258 oportet
1235 1173 1270 1233 in
1285 1195 1362 1258 per·

303 1267 440 1346 petunm
457 1253 650 1316 monasteria
664 1253 861 1338 nuncupari,
881 1265 914 1320 et
942 1278 1057 1318 eornm
1083 1279 1135 1320 res
1154 1254 1360 1318 monasteriis

305 1338 484 1405 reservari:
507 1346 541 1399 et
560 1358 627 1398 nou
647 1356 739 1418 posse
756 1337 893 1401 ulteriirs
909 1339 1087 1402 coenacula
1106 1339 1264 1402 secularia
1276 1338 1360 1400 fieri.

306 1420 416 1567 Sibqui
439 1420 517 1484 verb
537 1419 620 1482 haec
647 1419 718 1482 lieri
742 1420 962 1505 permiserint,
986 1421 1153 1486 canonicis
1176 1420 1360 1485 interdictis

307 1529 342 1570 su
369 1513 503 1567 iaceant.
1230 1526 1240 1532 “

445 1611 494 1672 De
504 1607 582 1698 fide
598 1621 708 1670 sancto
730 1607 897 1672 Trinitatis
916 1609 1145 1699 praedicanda.

623 1717 926 1780 ΔΟκιιιιυε.

307 1831 425 1894 XXXl.
468 1829 507 1890 ln
531 1823 681 1888 Concilio
712 1823 960 1908 Carthaginensi
978 1834 1030 1904 y).
1071 1824 1181 1887 Primo
1211 1821 1362 1886 omniunt

226 1935 358 1977 necesse
378 1922 428 1975 est
445 1919 481 1971 nt
497 1909 576 1970 fides
591 1917 718 1970 sanctae
742 1907 913 1969 Trinitatis
930 1918 963 1970 et
982 1907 1214 1970 incarnationis
1227 1907 1361 1986 Christi,

224 1997 394 2081 passionis,
418 1990 677 2070 resurrectionis,
704 2000 738 2053 et
760 1990 957 2054 ascensionis
970 1991 1006 2052 in
1035 1992 1156 2071 coelos,
1185 1990 1363 2074 diligenter

225 2081 375 2142 omnibus
396 2075 612 2162 praedicetur.

245 2187 347 2250 Conc.
365 2181 474 2246 Carth.
492 2182 527 2244 in
546 2175 748 2264 professione
767 2179 854 2244 lidei.
874 2180 971 2242 Anno
985 2177 1363 2259 nbhlexandrouxxxvs,

308 2288 418 2330 mense
440 2264 549 2344 lunio,
569 2286 631 2326 xiv.
648 2263 811 2325 Kalendas
829 2262 922 2341 Iulii,
939 2263 1084 2346 dmagna
1100 2263 1224 2347 synodo
1237 2263 1362 2326 dictum

307 2360 365 2414 est.
404 2347 576 2410 Credimus
609 2345 643 2406 in
673 2368 776 2408 unum
798 2348 916 2423 Deum,
939 2347 1069 2408 Patrem
1093 2345 1358 2430 omnipotentem,

307 2432 454 2497 omnium
474 2427 650 2491 visibilium
669 2438 701 2490 et
718 2427 934 2492 invisibilium
956 2429 1120 2490 factorem.
1148 2429 1191 2489 Et
1203 2429 1236 2488 in
1256 2451 1360 2490 unum

307 2516 484 2578 Dominum
504 2522 649 2574 nostrum
666 2513 773 2576 lesum
791 2511 955 2573 Christum
976 2513 1081 2574 lilium
1093 2509 1168 2589 Dei,
1189 2521 1300 2572 natum
1317 2511 1359 2573 de

305 2607 397 2683 patre
411 2596 629 2680 unigenitum,
646 2592 709 2656 hoc
734 2604 793 2673 est,
827 2593 868 2654 de
896 2595 1073 2656 substantia
1102 2595 1212 2679 patris.
1253 2598 1361 2657 Deum
1456 2661 1457 2666 η

306 2703 348 2744 ex
365 2682 450 2757 Deo,
477 2681 588 2740 lumen
613 2698 654 2739 ex
682 2677 816 2756 lumine,
837 2677 945 2738 Deum
969 2699 1085 2740 verum
1111 2699 1153 2740 ex
1178 2678 1249 2738 Deo
1271 2698 1360 2740 vero.

305 2764 434 2841 Natum,
449 2783 515 2823 non
542 2769 699 2839 creatum,
722 2759 907 2823 homousion
925 2760 1020 2844 patri,
1042 2759 1106 2824 hoc
1128 2769 1187 2840 est,
1214 2759 1361 2822 eiusdem

307 2868 382 2908 curn
393 2853 483 2928 patre
496 2841 701 2904 substantiae.
720 2843 785 2906 Per
797 2862 897 2925 quem
912 2843 1020 2904 omnia
1032 2843 1116 2907 facta
1133 2851 1312 2926 sunt,quae
1324 2842 1359 2902 in

307 2928 401 2991 coelo
418 2936 450 2988 et
465 2947 548 3071 :puae
561 2925 595 2986 in
609 2925 712 2987 terris.
726 2925 792 3004 Qui
808 2934 941 3010 propter
955 2949 1013 2989 nos
1025 2935 1058 2988 et
1071 2935 1206 3012 propter
1219 2935 1361 2988 nostram

306 3012 444 3075 salutem
489 3008 644 3086 escendit,
661 3017 694 3070 et
714 3008 899 3070 incarnatus
920 3019 968 3072 est
982 3009 1080 3072 homo
1102 3011 1222 3088 lactus,
1250 3023 1360 3094 passus

288 3103 366 3172 est,
387 3090 805 3170 etresurrexittcrtitdie,
834 3099 867 3152 et
887 3092 1034 3154 ascendit
1060 3093 1095 3154 in
1119 3091 1237 3170 coelos.
1278 3091 1360 3152 Inde
1454 3117 1455 3126 ¹

306 3181 465 3238 venturus
484 3183 532 3236 est
552 3171 697 3235 iudicare
713 3173 807 3236 vivos
829 3181 862 3234 et
883 3183 1034 3237 mortuos.
1075 3177 1119 3237 Et
1143 3175 1176 3234 in
1200 3173 1362 3256 Spiritum

305 3267 462 3320 sanctum.
503 3257 567 3318 Eos
588 3266 696 3317 autem
716 3256 774 3338 qui
795 3255 927 3318 dicunt:
940 3257 1021 3318 Erat
1037 3255 1211 3340 aliquando
1231 3256 1361 3340 quondo

305 3361 376 3402 non
391 3351 473 3412 orat,
491 3353 522 3400 et
538 3351 702 3420 coaequam
714 3351 900 3400 nasceretur·
914 3361 978 3434 npn
992 3352 1073 3414 crat,
1091 3353 1121 3400 et
1140 3340 1215 3420 quio
1227 3359 1273 3398 ex
1288 3337 1363 3397 nul-

305 3422 347 3482 lis
364 3421 546 3504 extantibus
556 3419 667 3502 factus
680 3433 740 3493 cst,
763 3430 820 3481 aut
839 3443 879 3482 ex
902 3421 964 3482 alra
985 3419 1193 3484 subsistentia
1216 3419 1269 3482 vel
1289 3418 1364 3480 sub-

305 3499 423 3566 stantia
442 3499 558 3564 dicunt
575 3523 654 3580 esse,
678 3513 734 3564 aut
752 3503 1001 3566 convertibilem
1018 3503 1123 3566 lilium
1137 3501 1213 3581 Dei,
1231 3500 1364 3564 anathe-

307 3588 437 3649 matizat
454 3581 613 3648 catholica
634 3593 667 3646 et
685 3586 860 3669 apostoliea
876 3583 1033 3649 Ecclesia.

679 3691 728 3752 Dc
753 3693 888 3754 comita,

617 3798 941 3862 Ouarnus

305 3906 440 3970 XXXll.
482 3905 563 3966 ltem
577 3903 610 3964 in
630 3905 757 3982 eodem,
780 3905 820 3968 de
835 3906 1038 3988 prohibenda
1057 3907 1202 3989 avaritia,
1228 3915 1265 3966 ut
1284 3905 1364 3971 nul-

224 3990 276 4054 lus
294 3989 418 4052 alienos
436 3985 517 4048 fi'ncs
538 3997 685 4070 usurpet,
702 3989 756 4052 rel
777 3989 932 4054 terminos
951 3999 1079 4076 patrum
1092 3987 1307 4055 transcendat.

236 4133 473 4154 m*

261 4207 293 4274 7)
312 4204 346 4256 al.
364 4220 410 4256 ms.
433 4199 613 4257 (terdonensi.
