2928 4986
258 335 400 397 noun
462 315 907 394 neuun-rusuconuu
991 321 1067 397 'ue
1151 313 1245 426 ,341

64 477 73 512 ’·
108 479 218 558 xerit,
240 479 383 562 primum
404 476 540 561 quidem
562 478 634 539 iIIas
659 501 732 539 cnm
754 478 826 560 Iege
850 500 907 538 sua
927 475 1093 552 restituat,
1116 475 1250 557 insuper

106 571 145 622 et
166 563 310 623 bannum
324 574 472 624 nostrum
486 563 588 624 solvat
598 586 605 631 ;
634 569 672 621 ut
691 562 734 622 ita
757 560 927 644 castigatus
942 569 1050 622 caveat
1068 581 1108 620 ne
1123 559 1249 642 saepius

102 644 258 708 iterando
273 645 471 708 beneficium
490 645 623 705 amittat.
1063 659 1065 668 ’

234 754 291 815 De
308 753 474 832 mancipiis
495 753 530 810 in
552 749 648 809 villas
666 749 843 810 dominicos
863 749 1124 831 confugientibus.
1155 782 1157 786 ·

190 861 247 924 VI.
291 861 325 922 si
339 860 515 922 cuiuslibet
528 857 687 938 mancipia
702 857 735 916 in
752 858 861 917 villam
875 868 1015 920 nostram
1029 855 1247 938 confugerint,

102 953 199 1004 actor
210 943 355 1004 eiusdem
372 943 469 1003 villae
485 941 655 1026 quaerenti
670 940 801 1000 domino
817 962 854 1001 ea
872 962 937 1000 non
957 938 1174 1016 contradicat,
1192 939 1249 1003 sed

101 1026 217 1088 statim
245 1048 282 1086 ea
307 1027 394 1088 fortis
424 1027 463 1086 de
492 1025 604 1085 eadem
627 1023 706 1084 villa
732 1023 840 1084 eiciat¹
881 1025 924 1084 Et
941 1025 967 1084 si
988 1043 1021 1082 se
1037 1031 1129 1103 putat
1151 1022 1191 1082 ad
1212 1044 1250 1083 ea

102 1108 288 1190 repetenda
313 1109 468 1170 iustitiam
493 1107 632 1182 habere,
656 1114 782 1187 repetat
803 1106 860 1166 illa
886 1115 919 1167 et
940 1104 1120 1166 secundum
1143 1105 1249 1186 Iegem

103 1191 269 1270 adquirat.
315 1193 443 1252 sivero
466 1201 611 1273 tempore
628 1187 761 1249 Domini
781 1189 895 1249 Karoli
917 1186 1070 1270 genitoris
1091 1189 1191 1250 nostri
1214 1189 1248 1246 in

104 1273 223 1336 villam
235 1274 326 1333 illam
348 1274 576 1356 confugerint,
593 1282 625 1332 et
640 1271 790 1332 dominus
805 1292 841 1330 ea
851 1271 989 1354 quaerit,
1004 1278 1092 1330 actor
1105 1269 1250 1331 eiusdem

30 1381 31 1412 ;
103 1355 207 1417 villae
229 1366 285 1415 aut
302 1379 338 1415 ea
368 1357 512 1438 legitime
533 1355 728 1429 contendat,
755 1361 811 1412 aut
831 1353 1001 1434 quaerenti
1021 1353 1249 1416 domino'red-

109 1438 177 1499 dat.
206 1439 248 1497 Et
262 1449 352 1500 actor
370 1447 505 1520 propter
518 1438 705 1498 vestituram
717 1436 836 1496 Domni
849 1436 966 1497 Karoli·
976 1434 1130 1518 genitoris
1146 1436 1248 1495 nostri

28 1557 29 1568 2
109 1519 226 1580 eadem
244 1521 405 1604 mancipia
424 1520 646 1582 contradicere
664 1541 730 1579 non
744 1519 877 1598 audeat,
891 1518 918 1584 si
932 1518 1023 1580 illius
1037 1515 1167 1601 propria
1182 1539 1248 1580 esse

107 1612 301 1664 noscuntur.
1265 1621 1266 1624 ¹

388 1711 445 1773 De
454 1708 633 1791 forestibus
655 1711 784 1770 nouiter
807 1710 968 1769 institutis.
992 1753 996 1760 s

40 1881 46 1888 ,
193 1814 269 1876 VII.
311 1819 353 1876 Ut
363 1816 550 1898 quicunque
564 1816 635 1876 illas
650 1815 764 1891 habet,
781 1815 937 1892 dimittat,
951 1815 1012 1878 nIsi
1027 1817 1109 1878 font
1126 1817 1247 1879 indicio

41 1967 46 1972 ¹
107 1899 217 1957 veraci
237 1900 408 1960 ostendere
426 1899 526 1982 possit
542 1898 631 1980 quod
646 1921 706 1979 per
727 1898 904 1958 iussionem
922 1897 988 1958 sive
1003 1898 1249 1981 permissionem

109 1981 231 2040 Domni
257 1982 369 2043 Karnli
395 1981 550 2064 genitoris
577 1981 680 2041 nostri
707 2003 759 2042 eas
790 1979 998 2052 instituisset;
1023 1993 1156 2076 praeter
1176 1985 1248 2046 illas

110 2083 196 2144 quae
212 2066 252 2125 ad
269 2074 416 2125 nostrum
432 2087 512 2147 opus
526 2063 712 2146 pertinent,
729 2063 817 2126 unde
831 2085 890 2125 nos
903 2063 1079 2128 decernere
1097 2068 1249 2130 volumus

109 2145 270 2229 quicquid
293 2148 386 2210 nohis
411 2146 581 2230 placuerit.

285 2259 341 2318 De
362 2256 513 2339 pontibus
532 2275 594 2338 per
618 2253 748 2314 diuerso
767 2254 838 2314 Ioco
859 2253 1078 2316 emendamus.

192 2364 279 2423 VIII.
322 2364 481 2425 Volumus
499 2373 535 2422 ut
548 2362 637 2425 Missi
656 2363 757 2424 nostri
774 2364 985 2446 persingulas
1004 2363 1166 2439 civitates,
1183 2367 1247 2424 unat

110 2465 186 2504 eum
202 2445 363 2528 Episcopo
382 2457 415 2506 et
433 2446 578 2522 comite,
600 2445 712 2507 Missos
734 2447 789 2507 vei
809 2457 933 2508 nostros
955 2445 1103 2507 homines
1126 2447 1248 2508 ibidem

27 2529 29 2534 ’
110 2539 349 2590 commanentes
372 2529 512 2612 eligant,
538 2551 677 2610 quorum
705 2551 801 2589 curae
829 2531 871 2590 sit
897 2539 1010 2610 pontes
1039 2550 1104 2610 per
1120 2530 1247 2592 diversa

27 2613 28 2644 ³
109 2607 182 2668 Ioca
201 2613 391 2688 emendare,
423 2621 455 2672 et
474 2633 529 2672 eos
556 2612 613 2694 qui
636 2612 710 2672 iIIos
736 2613 906 2673 recordare
935 2612 1053 2676 debent
1072 2633 1112 2672 ex
1136 2609 1246 2673 nostra

27 2725 28 2728 =
110 2690 254 2774 iussione
276 2695 470 2772 admonere,
495 2704 531 2754 ut
548 2694 773 2776 unusquisque
794 2695 884 2756 iuxta
899 2695 988 2756 suam
1004 2695 1249 2778 possibilitatem

111 2783 144 2859 et
160 2776 372 2856 quantitatem
394 2798 448 2838 eos
471 2779 643 2840 emendare
663 2779 799 2839 studeat.

256 2963 521 3027 CAPITULARE
546 2968 744 3045 QUINTUM
769 2967 868 3030 ANNI
891 2969 1099 3047 necem,

253 3096 339 3167 Sive
366 3097 533 3190 Capitula
560 3102 605 3170 de
628 3103 869 3172 instructione
895 3104 1099 3172 missorum.

110 3227 220 3298 Haec
251 3227 427 3321 Capitale
457 3234 669 3328 praecipue
705 3236 760 3304 od
792 3235 1015 3326 legationem·
1037 3235 1244 3306 Missorum

122 3395 125 3401 ,
158 3339 370 3397 nostrorum
407 3329 452 3398 oo
491 3335 694 3402 memoriae
729 3357 886 3404 causum
913 3336 1142 3432 pertinentia
1151 3387 1162 3427 ,
1199 3337 1245 3405 do

270 3428 401 3520 quibus
426 3431 598 3501 videlicet
623 3433 749 3502 causis
774 3458 886 3526 agere
911 3431 1076 3504 debeant.

419 3559 548 3620 quux
591 3563 928 3623 Carirunonuu.

135 3683 159 3720 ¹·
181 3639 234 3736 D
235 3715 251 3752 e
265 3695 566 3772 legationeomnium
575 3703 653 3760 Mis-
721 3702 751 3776 4.
774 3702 823 3762 De
831 3705 956 3763 iniustis
968 3707 1243 3770 consuetudinibus

191 3796 297 3834 sorum
312 3776 553 3841 dominicorum.
784 3788 912 3846 noviter
927 3789 1089 3847 institutis.

131 3875 158 3915 2.
181 3855 230 3916 De
245 3858 310 3916 illis
332 3861 529 3924 libertatibus
552 3878 582 3924 et
598 3888 650 3926 re·
722 3865 750 3927 5.
773 3867 821 3926 De
837 3870 956 3928 honore
970 3869 1195 3931 Ecclesiarum.

191 3940 247 3999 bus
268 3940 442 4002 reddendis
456 3966 535 4026 patae
548 3948 581 4004 in
595 3949 652 4009 d'o-
720 3947 750 4008 6.
774 3949 821 4008 De
841 3955 934 4010 nonis
954 3951 1147 4013 ct'decimis.

189 4023 305 4081 minicu
314 4027 471 4084 vestitura
480 4041 564 4099 sicut,
577 4051 651 4113 quo·
721 4053 749 4112 7.
772 4032 820 4090 De
831 4034 909 4092 locis
924 4033 1089 4095 dondisab
1105 4037 1244 4095 claustro

190 4103 266 4163 liter
279 4105 491 4188 inquirantur.
784 4112 1013 4176 Cononicorum
1021 4115 1187 4196 socienda.

132 4184 159 4245 5.
181 4185 229 4244 De
245 4190 447 4268 oppressione
462 4213 648 4275 pauperum,
721 4197 749 4259 8.
774 4197 820 4256 De
848 4197 1069 4260 obseruatione
1088 4213 1243 4286 praecep-

190 4267 378 4350 viduarum,
402 4285 432 4332 et
444 4275 651 4359 pupillorum.
783 4290 889 4341 torum
905 4279 1149 4344 dominicorum.
