2952 4988
283 345 419 405 acan
524 344 664 406 unoou
689 343 930 406 raanconuu
1013 345 1098 406 aaa.
1205 329 1279 404 21³

174 488 231 554 lV.
240 489 289 551 De
301 486 559 551 iustitiisDornni
569 483 786 568 Imperatoris,
797 493 835 546 nt
847 483 990 568 pleniter
1000 484 1081 547 liant
1097 487 1282 572 inquisitae.

188 573 230 634 V.
272 572 322 633 De
349 571 413 632 boc
439 570 466 631 si
491 571 641 632 evenerit
666 569 786 646 fames,
814 568 935 645 clades,
960 569 1163 651 pestilentia,
1189 572 1282 636 inae·

131 654 276 738 qualitas
297 653 396 731 aeris,
425 653 480 716 rel
501 653 565 713 alia
585 651 824 735 qualiscunque
849 651 1033 729 tribulatio,
1066 663 1102 712 ut
1132 674 1200 720 non
1222 677 1282 716 er-

130 746 286 822 pectetnr
304 735 448 796 edictum
470 745 626 814 nostrum,
654 734 711 796 sed
734 734 841 795 statim
866 734 1061 818 deprecetur
1076 737 1138 796 Dei
1160 737 1284 798 miscri-

129 819 255 881 cordia.
296 818 340 879 Et
353 819 567 902 inpraesenti
589 839 676 878 anno
697 817 738 878 de
755 817 848 878 famis
863 817 985 901 inopia,
1003 825 1040 877 ut
1055 839 1128 880 suos
1148 820 1283 882 adiuvet

132 909 235 986 prout
255 909 373 984 potest,
402 911 436 964 et
450 921 542 962 suam
557 921 718 962 annonam
734 921 799 961 non
823 899 918 961 nimis
934 921 1006 962 care
1023 901 1153 964 vendat.
1182 903 1224 965 Et
1240 923 1281 964 ne

131 985 220 1046 foras
242 983 415 1067 imperium
436 985 597 1056 vendatur
616 982 741 1063 aliquid
764 977 947 1045 alimoniae.

218 1066 275 1128 VI.
299 1068 366 1127 .De
386 1065 482 1128 armis
503 1067 588 1128 infru
615 1065 717 1148 patria
742 1087 808 1126 non
833 1065 1013 1148 portandis,
1034 1063 1068 1129 id
1089 1076 1148 1144 est,
1171 1067 1282 1145 scutis,

136 1157 172 1212 et
190 1147 325 1226 lanceis,
348 1157 380 1210 et
393 1149 515 1211 loricis.
556 1150 600 1212 Et
620 1148 647 1210 si
670 1148 815 1210 faidosus
837 1148 889 1224 sit,
909 1149 1103 1211 discutiatur
1117 1159 1194 1211 tunc
1209 1151 1282 1234 quis

136 1230 156 1293 ὲ
180 1231 308 1294 duobus
326 1233 508 1293 contrarius
521 1231 565 1294 sit
585 1241 621 1294 ut
639 1231 743 1314 pacati
759 1232 836 1308 sint,
857 1240 890 1292 et
904 1231 1140 1314 'distringantur
1161 1233 1201 1294 ad
1247 1256 1282 1296 u-

134 1335 220 1390 cem,
237 1313 364 1375 etiamsi
383 1314 564 1376 noluerint.
604 1310 648 1375 Et
666 1315 692 1376 si
716 1314 812 1375 aliter
832 1313 1003 1396 pacificare
1033 1314 1160 1390 nolunt,
1177 1255 1282 1378 addu-

133 1403 252 1458 cantur
270 1395 305 1456 in
329 1406 469 1457 nostram
483 1397 707 1480 praesentiam.
748 1397 831 1458 Etsi
848 1396 967 1479 aliquis
982 1405 1054 1478 post
1082 1397 1283 1480 pacificatio-

133 1499 211 1540 nem
228 1477 367 1538 alterum
384 1479 553 1558 occiderit,
570 1489 742 1562 componat
759 1480 864 1556 illum,
889 1490 922 1540 et
938 1499 1069 1540 manum
1087 1502 1185 1564 quam
1204 1501 1282 1564 per-

135 1559 258 1622 inravit
276 1562 401 1640 perdat,
424 1571 457 1623 et
470 1562 605 1646 insuper
621 1562 767 1623 bannum
783 1562 992 1624 dominicum.

177 1641 250 1705 VII.
271 1645 321 1704 De
334 1651 494 1705 armatura
507 1645 541 1705 in
554 1646 713 1722 exercitu,
730 1645 813 1706 sicut
830 1645 893 1704 iam
907 1645 1000 1706 anteri
1020 1644 1052 1704 in
1068 1645 1131 1706 alio
1144 1643 1282 1728 Capitu-

133 1725 203 1785 lare
221 1726 517 1790 commendavimus
534 1727 578 1788 ita
595 1739 751 1789 servetur.
765 1728 952 1810 Etinsuper
966 1728 1070 1788 omnis
1084 1728 1182 1790 homo
1199 1729 1284 1790 duo-

134 1805 243 1868 decim
255 1809 372 1870 mansis
383 1809 533 1870 bruniam
543 1810 669 1872 habeat.
679 1812 746 1888 Qui
757 1833 835 1873 vero
851 1811 1001 1871 bruniam
1017 1810 1152 1888 liabens,
1170 1820 1204 1872 et
1212 1831 1284 1870 eam

134 1910 247 1950 secum
265 1911 330 1950 non
345 1891 459 1952 tulerit
477 1915 571 1953 omne
586 1893 785 1966 beneficium
800 1917 875 1956 cum
886 1893 1004 1954 brunia
1022 1893 1143 1974 pariter
1157 1893 1283 1976 perdat.

181 1973 269 2034 Vltt.
293 1975 361 2059 .D⁰
385 1975 612 2037 clamatoribus
636 1977 689 2041 vcl
715 1977 894 2039 causedicis
923 1976 981 2058 qui
1017 1975 1177 2038 iudicium
1210 1975 1285 2037 Sca-

134 2051 303 2116 biniorum
316 2055 536 2137 adquiescere,
548 2081 609 2120 nec
622 2059 843 2142 blasphemare
861 2060 988 2136 volunt,
1002 2059 1134 2140 antiqua
1148 2078 1285 2120 consuc-

135 2135 215 2196 tudo
232 2143 390 2215 servetur,
413 2141 444 2201 id
460 2150 517 2218 est,
531 2147 569 2202 'ut
583 2143 616 2202 in
636 2143 781 2203 custodia
793 2143 1006 2205 recludantur
1027 2142 1131 2202 donec
1146 2163 1248 2201 unum
1264 2137 1283 2201 ὸ

134 2217 261 2280 dnobus
279 2221 409 2281 faciant.
430 2224 508 2284 Etsi
524 2225 563 2286 ad
579 2225 734 2308 palatium
745 2249 804 2308 pro
817 2225 878 2288 hac
902 2247 937 2286 re
958 2233 1068 2307 postea
1082 2224 1282 2286 reclamave-

132 2300 212 2378 rint,
228 2302 392 2364 et'litteris
407 2305 599 2385 detulerint,
614 2318 783 2390 nunquam
802 2308 848 2370 eis
866 2307 1029 2383 credatur,
1045 2329 1106 2370 nec
1124 2305 1280 2368 tamenin

133 2403 265 2445 earcere
279 2397 489 2466 reponantur,
504 2390 561 2451 sed
574 2411 650 2452 uum
661 2392 810 2452 custodia
822 2401 854 2452 et
867 2413 941 2468 eum
956 2389 1031 2473 ipsis
1046 2389 1163 2451 litteris
1174 2389 1215 2451 ad
1227 2409 1282 2472 pa-

133 2464 253 2526 latium
266 2477 413 2529 nostrum
432 2471 649 2553 remittantur,
666 2483 701 2536 ut
726 2474 771 2535 ibi
798 2473 1024 2552 discutiantur,
1046 2472 1131 2534 sicut
1147 2471 1282 2556 dignum

134 2557 195 2610 est.
313 2603 317 2612 .
630 2581 633 2588 ·
852 2587 855 2598 ·
1088 2605 1091 2614 ,

219 2631 275 2692 ΙΧ.
317 2633 367 2694 De
387 2633 580 2714 iuramento,
601 2648 638 2698 ut
653 2639 737 2700 nulli
753 2639 849 2702 alteri
870 2661 931 2723 per
949 2647 1186 2701 sacramentum
1204 2637 1283 2699 fide·

132 2711 209 2774 litas
224 2715 440 2796 promittatur,
460 2718 522 2780 nisi
546 2721 638 2783 nobis
663 2731 696 2782 et
728 2723 907 2804 unicuique
932 2721 1064 2805 proprio
1085 2719 1214 2782 Seniori
1241 2721 1283 2782 ad

134 2803 278 2856 nostram
295 2799 470 2861 utilitatem
483 2810 515 2862 et
543 2805 592 2864 sui
623 2805 776 2867 Senioris.
819 2807 966 2887 Excepto
991 2805 1042 2864 bis
1073 2802 1281 2865 sacramentis

133 2899 219 2962 qnae
241 2880 325 2942 iuste
346 2883 528 2944 secundnm
546 2887 653 2969 legem
668 2889 763 2949 'alteri
787 2889 825 2949 ab
843 2889 946 2948 altero
962 2888 1136 2950 (labentur.

218 2963 258 3024 X.
298 2965 349 3025 De
372 2966 665 3048 conspirationibus
681 2993 771 3048 vero,
792 2970 982 3053 quicunque
999 2992 1051 3030 eas
1070 2969 1178 3030 lacere
1191 2989 1283 3050 prae·

134 3045 344 3128 sumpserint,
369 3057 402 3108 et
426 3062 626 3114 sacramento
649 3075 846 3136 quacunque
870 3052 1111 3135 conspiratione
1133 3050 1282 3110 firmave-

131 3127 211 3204 rint,
237 3137 274 3188 ut
291 3129 555 3212 triplici'ratione
574 3135 771 3197 iudicentur.
800 3136 922 3214 Primo,
942 3131 1132 3215 ubicunque
1150 3131 1284 3214 aliquod

132 3211 255 3270 malum
278 3223 500 3296 perpetratum
521 3217 634 3296 suerit,
652 3229 798 3280 auctores
814 3217 891 3280 facti
910 3217 1159 3279 interficiantur.
1181 3215 1285 3276 Adiu-

130 3300 218 3353 tores
236 3315 315 3355 vero
337 3317 451 3357 eorum
473 3299 593 3382 singuli
609 3287 703 3363 alteri
718 3302 758 3362 ab
775 3302 878 3362 altero
894 3299 1113 3382 flagellentur,
1133 3305 1166 3359 et
1188 3318 1282 3357 nares

131 3374 196 3436 sibi
211 3375 354 3438 invicem
373 3381 573 3463 praecidant.
616 3384 679 3444 Ubi
699 3381 777 3446 vero
800 3383 884 3444 nihil
913 3383 1035 3444 malurn
1061 3385 1284 3464 perpetratum

132 3466 197 3536 est,
222 3459 374 3521 similiter
396 3463 483 3525 inter
498 3486 531 3526 sc
554 3465 773 3550 flagellentur,
801 3477 834 3528 et
859 3467 942 3550 pilos
962 3465 1028 3542 sibi
1053 3463 1199 3525 vicissim
1224 3463 1283 3523 de-

103 3599 106 3609 ,
130 3539 281 3601 tundant.
293 3543 328 3603 Si
349 3566 428 3606 vero
447 3567 508 3628 per
523 3547 671 3610 dexteras
685 3549 792 3632 aliqua
812 3547 1009 3631 conspiratio
1027 3547 1152 3607 firmata
1170 3543 1283 3621 fuerit,
1325 3617 1328 3626 Ι

133 3621 161 3681 si
177 3619 273 3683 liberi
288 3635 375 3703 sunt,
390 3637 446 3689 aut
468 3629 579 3691 iurent
593 3653 666 3692 curn
681 3631 807 3694 idoneis
829 3629 1026 3693 iuratoribus
1044 3631 1106 3689 hoc
1120 3645 1180 3710 pro
1197 3627 1282 3686 malo
1341 3694 1350 3706 ι

57 3719 61 3734 ·
132 3724 200 3762 non
223 3706 355 3778 l'ecisse;
379 3720 435 3770 aut
447 3711 474 3772 si
489 3713 596 3776 facere
615 3735 681 3772 non
700 3716 879 3796 potuerint,
897 3737 985 3789 suam
1013 3715 1119 3796 legem
1150 3727 1283 3792 compu-

133 3795 224 3845 nunt.
268 3789 302 3848 si
320 3807 399 3852 vcro
413 3793 501 3853 servi
520 3806 607 3874 sunt,
627 3794 847 3876 flagellentur.
888 3799 932 3859 Et
957 3796 1056 3856 atde
1089 3802 1219 3854 caetero
1248 3792 1281 3852 in

131 3866 271 3952 imperio
288 3881 397 3933 nostro
416 3875 509 3936 nulla
528 3877 714 3940 huiusmodi
731 3881 928 3964 conspiratio
944 3880 1008 3957 fiat,
1022 3899 1083 3941 nec
1101 3897 1161 3958 per
1177 3893 1279 3936 sacra·

130 3960 291 4030 mentum,
304 3975 366 4014 nec
384 3955 455 4016 sine
474 3969 682 4023 sacramento.
710 4002 712 4008 ι
1289 4020 1293 4028 Χ

214 4035 269 4094 ΧΙ.
311 4039 361 4096 De
380 4039 543 4121 periuriis,
558 4056 595 4107 ut
611 4055 800 4119 caveantur,
818 4054 852 4106 et
885 4063 949 4106 non
985 4043 1197 4104 admittantur
1217 4048 1284 4102 tes-

129 4125 179 4176 tes
195 4115 235 4176 ud
257 4117 476 4182 iuramentum
491 4136 665 4211 antequam
683 4128 908 4190 discutiantur.
937 4128 980 4188 Et
998 4121 1278 4186 sialitertdiscuti
1355 4157 1358 4166 ·

132 4219 200 4258 non
221 4199 357 4282 possint,
378 4217 569 4284 separentur
590 4210 631 4270 ab
647 4210 803 4286 invicem,
827 4219 860 4271 et
875 4209 1087 4289 singulariter
1102 4204 1284 4285 inquirun-

128 4290 191 4344 tur.
234 4283 277 4346 Et
293 4305 359 4347 non
377 4287 484 4352 solum
503 4294 682 4358 accusatori
699 4293 778 4356 licet
792 4302 889 4358 testes
907 4292 1047 4378 eligere,
1064 4291 1199 4354 absente
1228 4310 1286 4358 suo
