2958 4986
138 261 140 266 ’
204 273 278 350 194
428 296 464 356 s.
486 293 577 354 cua.
657 277 947 354 'carrrussius
1052 298 1136 360 su.·

200 460 274 506 rum
291 438 463 504 Canopum
482 436 613 500 decreto
629 435 836 514 custodiunt,
884 439 960 500 uam
976 437 1027 500 illi
1049 447 1105 500 sut
1122 439 1217 510 nohis
1242 441 1286 502 im
1316 465 1356 506 e·

199 522 347 586 rantibus
364 531 419 582 ant
437 517 717 584 consentientibus
732 529 846 582 eontra
860 459 945 584 laec
966 521 1108 601 faciant,
1126 532 1182 584 aut
1193 464 1356 606 gradiHus

199 613 349 684 careant,
379 612 436 666 aut
456 610 611 687 pareant,
636 612 669 664 et·
692 623 751 664 nos
776 603 894 682 simul,
914 603 1006 702 quod
1024 604 1124 682 absit,
1146 627 1224 668 cum
1242 607 1292 670 eis
1319 619 1355 672 et

198 687 334 752 victoria
353 707 518 750 careamus
534 685 584 748 rel
602 706 781 768 pereamus.
823 692 1011 766 Quoniam,
1031 687 1173 772 pcccatis
1186 689 1352 773 exigenti-

196 771 277 852 bus,
307 770 475 848 timemus,
507 767 534 830 si
562 768 640 830 talia
669 777 702 830 et
729 777 796 831 taur
823 771 951 832 inlicita
981 771 1265 869 aut‘imperemus
1291 783 1351 835 aut

197 876 291 938 agere
311 853 566 936 eonpeutiamus,
583 860 619 911 ut
635 851 701 911 uni
715 872 790 912 cum
806 853 853 914 eis
867 874 1052 934 pereamus;
1067 875 1223 936 quianon
1237 857 1351 920 solslm

195 937 253 1020 qui
274 937 416 1014 faciunt,
434 935 491 1001 sed
504 945 537 996 et
553 933 611 1014 qui
629 933 843 996 consentiunt
861 935 1076 1024 facientibus,
1093 957 1199 1020 aequo
1212 939 1348 1021 piaculo

92 1043 95 1056 ·
195 1022 244 1084 rei
267 1029 345 1082 sunt
368 1020 402 1080 in
425 1025 603 1101 conspeetu
628 1016 692 1078 Dei
714 1025 748 1078 et
768 1017 966 1080 Sanctorum
991 1019 1071 1082 eius.
1115 1020 1151 1086 si
1183 1021 1263 1084 verb
1287 1025 1350 1086 ista

195 1103 356 1166 veraciter
382 1124 422 1164 ex
450 1111 588 1184 utraque
608 1108 698 1184 parte
721 1100 847 1162 luerint
873 1101 1051 1179 custodita,
1081 1103 1246 1165 credimus
1268 1107 1350 1190 quia

195 1195 352 1250 corruent
372 1195 446 1246 ante
468 1205 527 1246 nos
550 1203 662 1244 omnes
679 1203 821 1264 paganae
839 1193 971 1267 gentes,
1005 1195 1039 1248 et
1053 1185 1174 1248 erimus
1192 1187 1347 1272 victores,

194 1269 330 1352 insuper
347 1267 475 1330 etbene
497 1274 652 1348 agentes,
671 1265 812 1328 Domino
831 1267 1029 1347 auxiliante,
1051 1267 1152 1332 vitum
1168 1271 1349 1354 possidebi-

196 1375 268 1416 mus
288 1349 526 1432 sempiternam.

196 1483 246 1546 De
266 1483 314 1544 lais
328 1483 383 1567 qai
395 1491 589 1563 pataverunt
611 1477 734 1541 idcireo
749 1479 1066 1564 praeceptumsas'sse
1082 1503 1147 1545 non
1161 1487 1210 1546 ire
1226 1483 1273 1547 ad
1284 1507 1347 1572 pa-

380 1585 473 1644 gaam
487 1561 690 1637 Sacerdotes,
712 1575 747 1622 at
768 1564 871 1624 honor
882 1563 933 1622 'eis
949 1566 1154 1628 minueretur.

281 1681 367 1759 Quia
394 1679 568 1762 instigante
596 1678 731 1762 antiquo
757 1679 851 1741 hoste
884 1679 1068 1743 audirimus
1093 1683 1253 1766 quosdam
1282 1707 1345 1750 nos

192 1775 358 1848 suspectos
380 1763 521 1840 habere,
550 1763 724 1845 propterea
752 1761 842 1844 quotl
873 1765 1092 1826 concessimus
1111 1767 1282 1850 Episcopis
1309 1779 1346 1832 et
1456 1789 1458 1791 ·

192 1847 439 1925 sacerdotibus,
469 1868 506 1908 ac
528 1845 667 1928 reliquis
688 1843 751 1906 Dei
779 1844 900 1925 serris,
930 1847 1018 1908 utin
1039 1847 1166 1928 hostes,
1194 1849 1257 1912 nisi
1274 1851 1345 1914 duo

193 1942 248 1994 aut
263 1942 327 1992 tres
347 1933 364 1993 sl
381 1929 517 1994 caeteris
538 1929 653 2005 electi,
685 1935 718 1988 et
733 1927 925 1990 Sacerdotes
952 1927 1104 1992 similiter
1125 1935 1281 2016 perpauci
1300 1935 1344 1996 ab

193 2016 239 2078 eis
258 2015 367 2090 electi,
389 2035 454 2075 nou
475 2011 573 2087 irent,
594 2011 679 2072 sicut
696 2010 730 2070 in
751 2011 915 2094 prioribus
936 2013 1052 2075 nostris
1070 2015 1260 2078 continetur
1274 2021 1341 2080 Ca·-

190 2099 405 2182 pitularihus,
436 2117 498 2156 nec
522 2095 728 2176 adPugnnm
746 2105 981 2178 properarent,
1012 2118 1073 2160 nec
1096 2119 1183 2158 arma
1199 2101 1340 2178 ferrent,

191 2203 254 2242 aec
275 2180 423 2254 homines
458 2187 523 2238 tam
542 2176 742 2238 Christianos
770 2177 869 2258 quam
896 2179 1043 2260 Paganos
1070 2191 1243 2260 necarent,
1276 2205 1340 2246 nec
1367 2204 1369 2208 ·

191 2265 362 2345 agitatores
382 2261 576 2326 sancuiuum
599 2259 735 2332 fierent,
769 2261 820 2322 vel
842 2259 1020 2342 quicquam
1048 2274 1160 2325 contra
1187 2267 1339 2328 Cannues

189 2342 349 2422 facerent,
364 2307 459 2427 qual
469 2343 610 2404 honores
629 2341 839 2404 sacerdotum
856 2353 889 2403 et
905 2365 956 2404 res
970 2345 1193 2408 Ecclesiarum
1207 2350 1338 2414 auferre

122 2460 124 2464 ·
190 2431 244 2492 vel
269 2431 418 2496 minuere
442 2426 488 2488 eis
511 2425 743 2488 voluissemus:
778 2425 866 2508 quod
893 2427 1083 2490 nullatenus
1104 2432 1212 2492 lacere
1238 2432 1338 2508 velle,

191 2514 244 2576 vel
262 2517 368 2575 faeere
392 2509 579 2572 volentibus
597 2507 801 2586 consentire,
830 2530 942 2570 omnes
965 2511 1047 2572 seire
1070 2512 1229 2596 cupimus.
1272 2515 1340 2578 Setl

191 2605 314 2680 quanto
337 2591 412 2678 quis
433 2614 546 2654 eorum
564 2591 702 2673 ampliiss
723 2613 812 2652 suam
833 2613 979 2655 normam
1000 2595 1179 2660 servaverit
1207 2606 1240 2660 et
1265 2599 1337 2659 Deo

190 2671 359 2754 servierit,
390 2685 481 2738 tanto
506 2697 582 2736 eum
598 2675 671 2756 plus
690 2672 850 2736 honorare
873 2685 906 2736 et
923 2675 1082 2740 cariorem
1100 2678 1219 2740 habere
1239 2681 1336 2743 volu-

190 2787 273 2827 mus.
322 2757 366 2823 Et
390 2770 428 2820 ut
451 2758 531 2818 haec
555 2756 677 2818 eertiirs
704 2757 897 2835 credantur,
927 2769 961 2820 et
980 2781 1039 2840 per
1060 2761 1173 2822 futura
1190 2771 1337 2846 tempora

187 2855 440 2920 conserventur,
461 2839 678 2922 praecipimus
698 2847 736 2900 ut
759 2839 869 2902 nullus
888 2861 940 2902 res
955 2841 1121 2905 Ecclesiae
1141 2844 1203 2906 nisi
1219 2867 1336 2928 preca-

183 2930 239 2997 rio
258 2926 430 3010 possideat,
453 2932 675 3004 etpostqaarn
696 2923 783 3005 ipsae
804 2925 970 3004 precariae
992 2925 1103 2988 finitae
1125 2927 1260 3008 fuerint,
1283 2931 1335 2990 fa-

185 3012 278 3072 ciant
297 3007 489 3093 potestative
507 3005 726 3089 speculatores
745 3005 912 3067 Ecclesiae
931 3008 1043 3068 utrum
1063 3009 1245 3091 elegerint,
1278 3021 1337 3073 aut

144 3129 146 3135 =
190 3103 227 3154 ut
248 3095 331 3176 ipsas
351 3092 529 3172 recipiant,
559 3098 617 3153 aut
638 3087 774 3172 posteris
794 3109 908 3154 eurum
932 3090 991 3152 sub
1010 3093 1159 3174 precario
1182 3099 1215 3154 et
1231 3117 1335 3158 censu

171 3169 308 3248 'habere
335 3175 528 3258 permittant.
568 3169 624 3232 'lta
649 3179 758 3232 tamen
791 3180 828 3230 ut
852 3169 913 3252 ipsi
934 3173 1081 3255 proprias
1103 3183 1136 3236 et
1160 3177 1258 3240 utiles
1281 3199 1334 3239 res
1417 3183 1420 3189 '

188 3260 310 3321 eisdem
330 3259 498 3334 Ecclesiis,
513 3254 561 3316 'de
580 3275 718 3335 quarum
732 3253 803 3314 iure
825 3275 894 3316 esse
915 3255 1082 3335 ridentur,
1102 3253 1252 3340 legaliter
1270 3269 1334 3320 tra·

116 3386 119 3395 2
188 3343 278 3421 dant,
302 3342 397 3404 etsie
414 3342 432 3401 sl
451 3337 643 3401 Rectnrilsus
668 3336 855 3398 earumdem
870 3337 1090 3408 Ecclesiarum
1104 3343 1282 3424 precariae,
1304 3342 1334 3408 si

181 3425 393 3506 ‚renovandae
414 3421 501 3501 sunt,
529 3419 686 3482 canonice
703 3429 914 3482 renoventur.
958 3423 1113 3486 Novimus
1134 3446 1211 3507 ergo
1229 3425 1333 3486 multa

184 3531 285 3591 regna
305 3520 338 3570 et
356 3510 459 3588 Reges
474 3526 588 3566 eorum
601 3503 772 3586 propterea
793 3503 961 3583 cecidisse,
983 3507 1060 3586 quia
1075 3508 1237 3570 Ecclesiae
1253 3530 1332 3592 spo·

161 3588 361 3666 liuverunt,
383 3610 501 3670 resque
523 3607 635 3648 earum
652 3595 878 3662 vastaverunt,
911 3588 1131 3665 abstulerunt,
1163 3591 1332 3652 alienave-

183 3685 280 3751 runt,
304 3675 357 3736 rel
382 3673 590 3752 diripuerunt
627 3667 861 3750 Episcopisque
893 3680 925 3730 et
946 3673 1193 3752 Sacerdotibus,
1217 3683 1249 3733 nt
1275 3696 1330 3752 ue,

182 3758 273 3836 quot
294 3757 394 3838 magis
416 3763 479 3830 est,
501 3750 658 3814 Ecclesiis
680 3770 793 3812 eorum
812 3751 1034 3831 abstulerunt,
1057 3765 1088 3816 et
1108 3757 1266 3838 pugnanti
1292 3779 1331 3819 us

183 3839 368 3909 dederant..
399 3841 608 3918 Quapropter
628 3855 689 3894 nec
714 3835 814 3894 fortes
840 3833 982 3897 inbelle
1004 3857 1066 3899 nee
1085 3837 1119 3898 in
1146 3839 1209 3901 fide
1228 3841 1330 3901 stabi-

175 3920 230 3990 ,las
246 3924 400 3996 fuerant,
425 3941 486 3980 nee
508 3919 652 3990 victores,
668 3916 865 3988 extiterunt,
895 3919 953 3980 sed
968 3927 1059 4002 terga
1087 3918 1182 3982 multi
1206 3923 1330 3984 vulne-

175 4005 240 4076 pati
260 4015 291 4070 et
310 4006 421 4086 plures
440 3999 808 4078 interiectiverterunt,
841 4021 1007 4082 regnaque
1031 4013 1063 4064 et
1083 4005 1251 4086 regiones,
1282 4015 1328 4081 et,

174 4088 469 4168 qaorljpeiasest,
500 4082 774 4164 regnacoelestia
793 4082 1031 4165 perdiderunt,
1061 4097 1158 4168 atque
1186 4087 1329 4170 propriis

171 4169 616 4241 laecealitatibnaearuerunt
634 4173 667 4226 et
689 4163 989 4227 hactenisseareut.
1032 4171 1125 4246 Quae
1152 4169 1261 4230 omnia
1281 4170 1330 4230 vi-
1390 4183 1393 4192 “

171 4241 492 4336 teatespnecstalia
514 4249 643 4328 sacac,
669 4267 730 4310 uec
754 4249 957 4329 consentire,
984 4271 1045 4319 nec
1068 4250 1249 4318 infantibus
1268 4260 1329 4316 aut
