2920 4972
205 299 257 376 88
422 318 478 400 a.
497 321 585 384 cas.
687 323 944 384 carnotena
1046 323 1107 387 rar.

232 489 235 496 ·
286 461 368 540 brat,
389 463 553 546 putaverit
565 461 780 544 dissolvenda,
799 467 975 551 perfectam
988 463 1237 530 scientiam'esse
1256 463 1347 548 apud

289 565 324 608 se
344 545 503 624 iudicans,
525 547 696 609 anathema
712 549 762 611 sit.
1433 557 1434 568 ¹

454 655 504 716 De
528 656 649 739 hirqui
669 668 780 718 contra
800 669 944 718 naturam
958 668 1100 741 peccant.

583 761 966 826 Sacranorrsua

286 865 433 930 XLVIII.
471 867 507 927 ln
532 867 683 930 Concilio
710 867 935 952 Ancyronensi
962 867 1130 929 invectum
1150 873 1197 928 est
1223 865 1257 926 in
1286 886 1343 927 eos

168 990 172 995 -
223 945 258 1008 ui
281 970 356 1010 cum
375 950 641 1032 quadrupedibus
657 951 710 1012 vel
728 951 879 1012 masculis
895 960 1008 1011 contra
1027 958 1175 1009 naturam
1191 959 1342 1032 peccant,

198 967 281 1092 dard
293 1041 325 1094 et
345 1031 489 1093 districti
507 1034 719 1115 poenitentia.
737 1048 748 1073 ¹
761 1036 969 1118 Quapropter
982 1031 1135 1114 Episcopi
1157 1040 1190 1091 et
1204 1032 1344 1113 Presby-

198 1113 282 1192 teri,
308 1115 326 1174 d
350 1114 471 1195 quibus
500 1115 660 1176 iudicium
687 1117 909 1200 poenitentiae
943 1115 1037 1176 iniun
1063 1115 1146 1192 itur,
1176 1123 1341 1175 conentur

198 1197 395 1259 omnimodis
424 1197 486 1260 hoc
514 1199 635 1260 malum
663 1200 682 1260 d
712 1199 950 1262 consuetudine
984 1136 1160 1282 probibere
1198 1197 1251 1258 vel
1287 1197 1340 1256 ab·

198 1278 359 1342 scindere.

215 1361 319 1424 Cone.
346 1363 464 1446 Ancyr.
489 1384 560 1425 cau.
592 1361 637 1426 15.
679 1363 716 1422 In
740 1361 836 1424 titulo
858 1365 981 1424 Graeca
1005 1363 1106 1426 rerba
1132 1364 1212 1425 haec
1241 1371 1337 1426 sunt:

206 1475 211 1479 ·
277 1445 360 1531 Περὶ
384 1452 452 1510 τῶν
469 1442 750 1527 ἀλογευσαμένων,
775 1445 794 1519 ἢ
820 1445 855 1506 dl
880 1446 1141 1529 o’toyevoplvov5
1169 1468 1254 1528 quae
1278 1465 1338 1505 nos

277 1528 392 1593 Latine
411 1541 580 1613 possumus
599 1528 724 1592 dicere:
753 1529 802 1589 De
829 1531 878 1589 tis
897 1531 953 1614 qrai
973 1531 1242 1592 irrationabiliter
1258 1549 1335 1589 ver·
1433 1533 1434 1536 ’

276 1613 340 1672 sati
357 1627 449 1684 tuot,
480 1614 548 1674 sive
571 1624 748 1673 versantur.
791 1613 912 1674 Sensus
934 1622 1042 1673 autem
1060 1613 1094 1672 in
1117 1613 1178 1674 hac
1201 1620 1337 1674 senten-

275 1693 323 1754 tia
341 1696 459 1777 triplex
478 1717 545 1757 esse
567 1704 682 1779 potest,
706 1693 763 1776 qui
781 1716 821 1755 ex
841 1695 993 1756 subiectis
1011 1695 1197 1772 coniicitur,
1218 1704 1274 1755 aut
1295 1692 1336 1752 de

274 1773 326 1838 his
343 1779 400 1860 qni
424 1799 497 1839 cum
513 1778 684 1862 pecoribus
705 1777 793 1838 coitu
815 1779 907 1838 misti
927 1788 1019 1856 sunt,
1053 1788 1109 1839 aut
1126 1799 1215 1840 more
1231 1797 1336 1859 pecu-

278 1859 357 1922 dum
381 1861 504 1922 incesta
528 1883 603 1923 cum
627 1859 876 1942 consanguineis
900 1861 1149 1939 commiserunt,
1177 1869 1233 1920 aut
1259 1877 1337 1920 cum

273 1944 423 2007 masculis
439 1945 696 2007 concubuerunt.
740 1945 909 2025 Quotquot
929 1941 1028 2026 igitur
1051 1953 1126 2004 ante
1143 1942 1342 2006 vicesimum,
1433 1979 1434 1988 .

275 2025 387 2087 aetatis
408 2050 484 2088 suae
510 2049 634 2087 annum
654 2027 718 2086 tale
745 2027 868 2087 crimen
891 2028 1109 2103 admiserunt,
1142 2025 1334 2108 quindecim

274 2109 369 2170 annis
391 2110 425 2170 in
448 2110 651 2207 poenitentia
682 2111 819 2187 exactis,
854 2109 993 2171 orationi
1021 2110 1147 2170 tantiam
1174 2108 1335 2192 incipiant

272 2191 477 2275 participar1;
507 2202 538 2253 et
563 2193 792 2275 quinquennio
815 2192 917 2253 altero
941 2193 976 2253 in
1002 2192 1230 2252 communione
1254 2191 1333 2252 sim-

273 2273 353 2358 plici
369 2276 594 2361 perdurantes,
617 2284 690 2358 post
708 2274 897 2336 vicesimum
915 2298 990 2337 cum
1009 2275 1172 2336 oblatione
1189 2273 1229 2333 ad
1242 2294 1333 2334 com-

271 2357 462 2419 munionem
481 2357 711 2442 suscipiantur.
752 2358 953 2419 Discutiatur
966 2367 1074 2420 autom
1091 2365 1124 2418 et
1138 2356 1204 2418 'rita
1219 2377 1333 2416 eorum

250 2447 359 2520 -quae
376 2441 477 2501 faerit
498 2452 642 2525 tempore
663 2439 903 2522 poenitentiae,
927 2451 959 2502 et
983 2442 1026 2501 ita
1049 2441 1134 2500 hanc
1152 2439 1334 2500 humanita-

274 2530 340 2582 tem
353 2535 604 2605 consequantur.
647 2523 745 2600 Qudd
759 2523 785 2583 si
804 2523 861 2604 qui
875 2521 1135 2606 perseverantibs
1152 2521 1241 2582 abusi
1255 2529 1334 2581 sunt

277 2603 340 2664 hoc
376 2607 537 2684 crimine,
578 2607 738 2690 prolixius
771 2614 897 2688 tempus
929 2607 1070 2667 habeant
1110 2603 1331 2669 submissioni.

276 2690 445 2770 Quotquot
462 2712 540 2751 vero
562 2691 672 2752 exactat
687 2688 804 2770 viginti
824 2710 984 2751 annorum
1004 2697 1124 2765 aetate,
1159 2697 1190 2748 et
1212 2707 1332 2747 uxores

274 2769 443 2848 habentes,
467 2771 500 2831 in
519 2775 582 2834 hoc
603 2772 726 2832 crimen
747 2771 943 2850 inciderunt,
968 2771 1085 2854 viginti
1109 2770 1256 2852 quinque
1277 2790 1334 2828 an·

276 2853 327 2916 nis
343 2855 545 2935 poenitentia
565 2855 644 2931 acte,
662 2853 701 2914 ad
723 2853 985 2916 communionem
1004 2853 1187 2915 orationum
1206 2851 1333 2912 tantdm

274 2935 501 2998 admittantur:
536 2939 569 2998 in
594 2959 658 3020 qua
684 2937 911 2998 communione
933 2936 1089 2998 orationis
1114 2937 1217 2997 altero
1236 2933 1334 3016 quin-

271 3019 417 3102 quennio
430 3022 653 3102 perdurantes,
663 3020 792 3101 plenam
809 3021 1070 3082 communionem
1081 3039 1156 3080 cum
1168 3017 1332 3079 oblatione

275 3101 445 3182 recipiant.
495 3107 592 3182 Quod
615 3103 641 3164 si
661 3101 764 3182 aliqui
786 3111 818 3162 et
840 3123 957 3164 uxores
978 3102 1156 3178 habentes,
1185 3109 1217 3161 et
1238 3120 1333 3161 exce·

274 3183 388 3244 dentes
406 3185 712 3270 quinquagesimum
728 3185 839 3244 aetatis
859 3206 934 3246 suae
957 3206 1090 3260 annum,
1117 3183 1150 3242 in
1172 3182 1235 3243 hoc
1256 3189 1348 3266 pro-⁴
1433 3215 1434 3224 κ

275 3265 356 3348 lapsi
382 3277 475 3345 sunt,
506 3268 691 3332 aderitum
717 3266 800 3329 vitae
825 3267 950 3328 tantiam
974 3265 1238 3329 communionem
1260 3287 1332 3326 me-

275 3357 419 3410 reantur.

392 3456 442 3548 De
456 3455 669 3534 Presbyteris‚
691 3477 752 3541 quo
772 3470 912 3542 tempore
935 3455 1133 3519 ordinentur.

593 3563 932 3625 Errscorrs

274 3667 385 3728 XLIX.
416 3667 453 3728 In
473 3668 622 3753 Concilio
643 3667 916 3746 Neocaesariensi,
939 3677 975 3729 ut
990 3665 1180 3730 nullatends
1196 3667 1333 3750 Presby-

189 3757 241 3810 ter
261 3749 442 3811 ordinetur¹
458 3761 533 3812 unte
551 3750 749 3812 tricesimum
771 3751 881 3812 aetatis
900 3772 975 3830 suae
998 3772 1139 3827 annum,
1164 3748 1242 3830 quia
1261 3752 1332 3810 Do-

190 3833 297 3893 minus
320 3840 430 3894 noster
447 3837 540 3896 lesus
557 3833 704 3897 ChrIstus
727 3855 793 3895 non
813 3833 1015 3917 praedicarit
1036 3843 1109 3894 ante
1132 3831 1332 3897 tricesimum

192 3931 324 3976 annum.
531 3991 535 3998 Ι
1015 3928 1030 3942 ··
1057 3927 1061 3938 “

209 3999 311 4060 Cone.
324 3999 558 4060 Neocaescan.
579 4019 623 4057 rr.
648 3997 821 4083 Presbyter
843 4007 917 4060 ante
941 3997 1073 4081 triginta
1090 4017 1254 4059 annorum
1275 4015 1342 4057 ae-·

272 4091 380 4158 tatem,
402 4080 550 4162 quamvis
576 4079 618 4141 sit
636 4081 771 4164 dignus,
801 4103 866 4154 non
893 4082 1076 4158 ordinetur,
1101 4079 1332 4149 sedobserret

272 4183 374 4244 usque
401 4163 442 4224 ad
467 4161 675 4246 praefinitum
696 4174 837 4246 tempus:
866 4164 1025 4225 Dominus
1038 4164 1138 4228 enirn
1166 4160 1331 4226 tricesimo

272 4267 358 4306 anno
374 4245 554 4331 baptizatas
572 4255 636 4328 est,
657 4257 690 4310 et
711 4257 797 4313 tune·
809 4246 1017 4333 praedicavit.
