2958 4986
230 325 302 402 100
498 345 534 404 s.
553 345 642 404 car.
747 343 1005 404 carnuntum
1113 345 1180 409 rsa.
1270 355 1274 364 ·

224 490 375 574 promitto
390 507 446 569 ego
470 487 525 548 ille
538 486 685 570 partibus
703 483 822 548 Domui
835 488 896 548 mei
910 487 1023 550 Karoli
1038 486 1143 570 Regis,
1169 499 1200 550 et
1207 489 1360 574 filioram

223 578 303 644 rius,
320 569 520 654 qur'afidelis
540 591 609 631 sum
631 583 661 632 et
692 589 745 630 ero
773 567 884 631 diebus
910 571 996 632 vitoe
1023 592 1123 645 meae,
1146 575 1214 635 sine
1232 573 1357 656 frande

221 658 276 718 vel
290 655 375 715 molo
392 655 528 734 r'ugenie.
1055 684 1063 716 r

303 737 361 798 Ill.
401 740 450 798 Dc
468 733 669 797 monasteriis
691 734 836 812 minutis,
863 738 918 798 ubi
936 738 1112 798 Nonnanes
1146 737 1217 800 sine
1242 741 1357 824 regula

220 819 347 896 sedent,
368 821 519 884 volumus
545 828 581 880 ut
594 819 627 878 in
656 841 723 880 uno
747 818 820 880 loco
837 820 1042 904 congregatio
1062 819 1117 880 fiat
1131 823 1300 904 regularis,
1325 834 1358 886 et

220 903 371 987 Episcopi
386 902 600 984 praevideant
625 900 682 962 ubi
708 902 777 964 fieri
804 904 915 984 possit,
948 913 980 964 et
1007 913 1044 964 ut
1068 903 1161 964 nulla
1189 905 1354 970 Abbatissa

220 987 305 1047 fords
321 985 515 1048 monasterio
541 985 629 1048 exire
658 995 840 1068 praesumat
852 986 922 1048 sine
939 997 1047 1048 nostra
1062 985 1215 1065 iussione,
1232 1013 1293 1052 nec
1310 992 1353 1052 si·

217 1069 252 1130 bi
272 1069 415 1130 subditas
433 1070 538 1130 lacere
554 1068 734 1151 permittat;
758 1077 918 1130 eteorum
938 1071 1077 1130 claustra
1100 1069 1166 1130 sint
1190 1071 1275 1136 benc
1303 1075 1355 1134 fir-

217 1162 312 1230 mata,
332 1163 365 1214 et
386 1151 573 1214 nullatenus
588 1151 632 1211 ibi
655 1150 860 1214 vuinileodes
881 1151 1020 1214 scrihere
1038 1153 1091 1214 vel
1109 1155 1236 1216 mittere
1258 1179 1353 1240 prae-

217 1246 365 1306 sumant;
388 1234 470 1297 etde
482 1235 605 1318 pallore
619 1256 729 1296 earum
742 1244 875 1316 propter
884 1236 1051 1318 sanguinis
1066 1235 1309 1300 minuationem.
1321 1246 1351 1316 c)

302 1321 358 1382 IV.
399 1323 448 1381 De
464 1318 583 1379 tabulis
600 1319 652 1380 vel
674 1317 841 1379 codicibus
856 1319 1073 1400 requirendis.
1115 1321 1159 1380 Et
1184 1331 1222 1382 ut
1241 1324 1352 1384 nullus

219 1401 254 1462 in
277 1403 430 1486 psalterio
450 1403 504 1462 vel
526 1401 560 1462 in
579 1401 760 1484 evangelio,
775 1400 829 1462 vel
845 1401 877 1460 in
894 1401 966 1464 aliis
982 1403 1090 1482 rebus,
1116 1404 1231 1468 sortire
1258 1427 1354 1490 prae·-

218 1484 1000 1566 wmmnoedmmfflwmmmmsmoemme

303 1571 341 1632 V.
385 1571 428 1630 Ut
446 1569 555 1630 nullus
573 1567 730 1650 glorietur
748 1587 808 1650 per
830 1567 982 1628 iniustam
1006 1567 1168 1630 rationem
1193 1579 1249 1630 aut
1272 1591 1352 1632 con·

220 1651 351 1740 quirerc
367 1652 491 1733 aliquid
509 1661 563 1712 aut
585 1650 764 1711 continere.

305 1739 361 1800 VI.
403 1735 446 1797 Ut
462 1731 537 1796 illac
559 1732 746 1816 disciplinae
765 1753 847 1813 quae
868 1743 1001 1816 propter
1022 1733 1127 1815 legem
1159 1755 1352 1798 conservan-

219 1823 291 1884 dam
317 1830 392 1882 sunt
409 1819 613 1894 constitutae,
635 1825 767 1898 propter
790 1816 968 1897 praemium
994 1837 1058 1876 non
1078 1817 1290 1879 dimittantur.

300 1905 371 1967 Vll.
414 1905 457 1964 Ut
479 1901 613 1962 audiant
640 1898 792 1982 Episcopi
822 1899 1045 1980 baptisterium
1071 1899 1349 1982 Presbyterorum,

219 1997 256 2050 ut
272 1986 451 2054 secundirm
470 2005 592 2046 morem
605 1985 786 2043 Romanum
798 1981 970 2063 baptizent.
1020 2023 1025 2032 -

302 2071 391 2136 Vlll.
432 2071 480 2129 De
507 2066 731 2129 calceamentis
746 2064 924 2126 secundum
949 2067 1129 2126 Romanum
1144 2088 1247 2129 usum.

300 2156 355 2216 IX.
398 2155 440 2212 Ut
459 2152 492 2210 in
513 2150 626 2213 diebus
643 2149 733 2210 festis
756 2148 807 2208 rel
828 2147 999 2210 dominicis
1018 2169 1130 2209 omnes
1151 2151 1192 2212 ad
1208 2148 1350 2212 Ecclesi-

218 2261 268 2298 am
283 2237 434 2306 veniant3
458 2243 490 2296 et
517 2255 584 2295 non
612 2232 752 2293 invitent
778 2227 983 2313 Presbyteros
1004 2231 1045 2292 ad
1074 2231 1186 2316 domos
1209 2255 1281 2295 suas
1306 2232 1348 2294 ad

218 2323 330 2384 Missas
345 2317 519 2380 iaciendas.

249 2443 251 2451 =
299 2401 342 2465 X.
385 2399 529 2461 Omninb
543 2389 780 2482 prohibendum
798 2402 845 2454 est
862 2396 1012 2458 omnibus
1034 2395 1195 2460 ebrietatis
1217 2399 1347 2460 malum.

216 2489 260 2549 Et
273 2486 348 2548 istas
372 2481 612 2546 coniurationes
642 2501 720 2563 quas
745 2476 871 2540 faciunt
885 2503 944 2562 per
963 2489 1109 2542 sanctum
1137 2483 1347 2565 Stephanum,

217 2580 274 2630 aut
292 2588 351 2652 per
374 2588 442 2640 nos,
460 2573 515 2624 aut
532 2587 591 2647 per
606 2566 689 2624 lilios
711 2567 846 2635 nostros,
864 2563 1081 2645 probibemus.
1123 2565 1165 2624 Et
1187 2565 1349 2647 praecipi-

217 2675 288 2714 mus
305 2660 341 2710 ut
361 2647 513 2730 Episcopi
532 2649 584 2708 vcl
605 2647 742 2708 Abbatcs
758 2663 823 2700 non
843 2648 962 2707 vadant
979 2669 1037 2729 per
1054 2668 1158 2707 oasam
1173 2647 1348 2710 miscendo.

300 2731 356 2794 xl.
397 2733 500 2792 Deeo
519 2731 607 2811 quod
624 2729 713 2791 Missi
740 2725 840 2784 nostri
858 2729 1030 2810 providere
1049 2727 1169 2790 debent
1197 2753 1238 2791 ne
1266 2730 1349 2791 forte

218 2817 336 2900 aliquis
355 2815 477 2876 clamor
497 2835 595 2897 super
614 2813 809 2896 Episcopum
827 2813 881 2875 vel
899 2809 1054 2873 Abbotem
1074 2813 1127 2872 vel
1141 2811 1348 2890 abbatissam,
1449 2819 1450 2826 ’

215 2903 270 2964 vel
294 2899 463 2974 Comitem,
478 2918 536 2957 scu
551 2916 649 2978 super
671 2896 941 2978 qualemcumque
969 2895 1103 2978 gradum
1122 2895 1176 2974 sit,
1194 2905 1227 2958 ct
1255 2896 1348 2960 nbbis

218 2982 419 3047 renunbara

299 3065 371 3126 XII.
415 3067 463 3124 De
485 3061 611 3124 iniustis
631 3060 776 3124 teloneis.

299 3148 388 3210 Xlll.
428 3149 476 3206 Dc
501 3167 599 3214 mann
620 3143 748 3226 leprosi.

298 3231 385 3290 XlV.
428 3232 471 3288 Ut
484 3228 647 3303 Monachi,
666 3237 700 3288 et
719 3226 776 3309 qui
797 3227 830 3286 in
850 3225 951 3308 gradu
969 3221 1161 3288 sacerdotali
1178 3221 1349 3288 constituti

214 3325 302 3391 sunt,
320 3311 359 3370 ad
377 3312 534 3372 secularia
551 3311 679 3394 negotia
700 3329 765 3370 non
787 3319 960 3370 transeant.
1002 3312 1052 3370 De
1077 3308 1214 3392 reliquis
1235 3319 1348 3372 tonso*

215 3398 293 3458 ratis
313 3395 407 3454 detur
421 3394 559 3474 spatium
578 3391 728 3476 usquein
743 3392 901 3474 synodum
919 3400 1066 3452 nostram.

298 3477 370 3541 XV.
412 3479 454 3536 Ut
477 3475 629 3559 Episcopi
655 3483 688 3535 et
705 3475 842 3536 Abbates
862 3484 894 3534 et
915 3473 1101 3537 Abbatissae
1128 3474 1260 3557 cupplas
1293 3495 1347 3534 ca*

217 3581 294 3624 nam
308 3581 374 3622 non
391 3555 540 3636 habeant,
556 3579 616 3620 nec
630 3558 784 3634 falcones,
800 3577 860 3618 nec
874 3557 1054 3640 accipitres,
1069 3578 1129 3617 nec
1144 3556 1346 3618 ioculatores.

267 3647 354 3709 XVI.
375 3645 424 3703 De
444 3643 639 3726 pauperibus
655 3642 687 3700 in
708 3641 823 3722 plateis
846 3640 898 3701 rel
911 3639 944 3698 in
960 3639 1147 3721 quadruviis
1157 3639 1346 3717 iacentibus,

215 3738 253 3790 nt
268 3730 307 3789 ad
321 3727 500 3787 Ecclesiam
519 3725 662 3800 veniant,
682 3732 714 3784 et
738 3723 869 3783 illorum
892 3721 1110 3788 contessiones
1125 3722 1298 3784 donentur.

296 3807 401 3872 XVII.
444 3811 485 3870 Ut
502 3805 724 3888 superaltaria
741 3805 866 3888 teguria
882 3803 958 3864 fiant
975 3805 1030 3867 vel
1055 3801 1228 3884 laquearia.
1331 3807 1332 3812 ’

295 3891 416 3955 XVIII.
460 3891 502 3952 Ut
521 3893 624 3951 clocas
646 3911 712 3949 non
738 3888 915 3970 baptizent,
937 3909 998 3950 nec
1023 3882 1148 3948 chartas
1168 3909 1229 3971 per
1245 3889 1348 3972 perti·

213 4000 265 4042 cas
279 3973 464 4056 appendant
476 3983 609 4056 propter
625 3971 824 4052 grandinem.

295 4054 380 4120 XIX·
410 4059 468 4134 ,Ua
489 4055 576 4136 Missi
599 4055 698 4115 nostri
718 4053 911 4136 provideant
930 4047 1089 4118 beneficia
1104 4055 1267 4138 quomodb
1282 4057 1348 4118 sint

213 4143 410 4214 condirecta,
428 4149 461 4198 et
481 4137 573 4199 nobis
589 4137 777 4198 renuntiare
797 4135 937 4222 faciant..

213 4259 442 4278 W

157 4357 159 4364 ,
250 4321 279 4379 a)
298 4315 331 4366 al.
351 4331 409 4366 mss.
428 4309 590 4384 sauguinem
608 4313 793 4368 novationem.
