2928 4986
197 279 272 358 348
431 297 466 354 a
487 295 576 382 cen.
684 293 942 353 ermannus
1048 289 1116 346 san

197 466 255 506 cus
272 441 383 518 inerit,
407 440 486 504 sciat
501 461 535 502 se
558 439 752 500 canonicum
768 436 936 499 subiacere
965 431 1161 500 servitium
1190 437 1231 492 et
1259 428 1305 492 εἰ
1320 431 1388 490 lai-

197 549 267 607 cus,
291 523 507 588 Dominarum
526 531 710 668 nostrorlgm
729 521 851 583 iudicio
879 528 912 582 et
941 519 1010 580 eius
1028 514 1248 602 proceribus
1275 515 1387 578 susti-

199 629 290 672 nere.
680 625 858 666 xrrrcrr.

460 753 731 818 murmane
763 751 865 814 ΔΝΜ
892 753 1089 830 noccxx,

256 843 342 918 sive
369 841 541 934 Capitula
568 843 652 912 data
672 840 769 934 apud
787 837 1001 909 Theodonis
1022 839 1171 926 villam,
1209 861 1342 910 anno

333 939 566 1029 DCCOXX,
594 942 634 1010 in
660 938 823 1034 generali
842 938 978 1032 Populi
1003 951 1217 1012 conventu.

373 1059 437 1124 Ubi
456 1059 580 1122 telam
603 1059 692 1142 exigi
710 1071 745 1121 er
764 1059 819 1120 uti
840 1079 904 1120 non
925 1060 1014 1140 exigi
1031 1058 1184 1122 debeant.

280 1201 308 1267 l·
349 1167 528 1288 Volumus
550 1223 685 1287 firmiter
705 1222 854 1286 omnibus
872 1223 906 1284 in
923 1225 1060 1310 imperio
1083 1236 1207 1288 nostro
1220 1223 1374 1290 'nobisi

199 1315 274 1375 Deo
293 1309 465 1374 commisso
479 1317 592 1370 notum
608 1307 689 1386 lieri,
707 1317 744 1368 ut
766 1309 879 1370 nullus
897 1309 1065 1372 teloneum
1083 1311 1214 1395 exigat,
1241 1311 1318 1371 nisi
1340 1311 1370 1372 in

199 1393 394 1456 mercatibus
414 1391 471 1452 nbi
489 1391 672 1454 communia
687 1390 881 1454 commercia
894 1401 1048 1454 emuntur
1079 1415 1117 1454 ac
1144 1399 1370 1459 venundan-
1424 1455 1425 1460 ,

199 1487 273 1550 tur,
297 1495 405 1558 neque
425 1474 459 1535 in
479 1475 644 1558 pontibus,
660 1474 724 1536 nisi
745 1475 801 1535 ubi
820 1475 1000 1558 antiquitus
1021 1477 1157 1538 telonea
1176 1479 1373 1563 exigeban-

200 1569 274 1630 tnr;
298 1577 406 1653 neque
423 1557 456 1617 in
477 1555 557 1640 ripis
573 1555 741 1640 aquarum,
763 1558 819 1620 ubi
837 1567 963 1620 tantum
982 1580 1082 1620 naves
1101 1559 1223 1622 solent
1239 1563 1369 1646 aliqni'-
1424 1590 1426 1629 ι

200 1643 262 1706 bus
279 1639 428 1703 noctibus
442 1660 591 1712 manere;
615 1661 721 1723 neque
745 1641 778 1700 in
800 1640 911 1724 sylvis,
925 1663 1033 1726 neque
1055 1641 1237 1724 instratis,
1254 1667 1367 1727 neque
1423 1633 1426 1705 ¹}

203 1727 238 1786 in
258 1723 390 1806 campis,
414 1743 522 1803 neque
539 1722 650 1784 subtus
681 1731 814 1806 pontem
841 1725 1095 1804 transeuntibus,
1123 1747 1189 1787 nec
1218 1729 1366 1798 alicubi,
1425 1784 1426 1819 ,

204 1806 268 1870 uisi
289 1815 414 1868 tantum
431 1804 488 1865 ubi
519 1805 645 1886 aliquid
671 1805 797 1868 emitur
816 1816 871 1867 aut
901 1807 1056 1870 venditur
1082 1810 1244 1891 qualibet
1268 1812 1369 1874 causi
1424 1834 1426 1877 ε

204 1909 257 1952 res
274 1889 314 1950 ad
331 1909 535 1950 communem
555 1909 650 1950 usum
671 1889 851 1974 pertinens,
871 1893 917 1968 (et
941 1891 998 1953 nbi
1019 1902 1147 1975 emptor
1170 1894 1363 1956 cuiuslibet

205 1969 423 2034 utitnrherbl
437 1975 474 2046 x)
490 1979 545 2032 aut
565 1969 662 2068 lignis
678 1980 733 2032 aut
752 1971 825 2034 aliis
846 1973 997 2036 villaticis
1013 1975 1205 2055 commodis,
1223 2000 1312 2038 cum
1327 1998 1368 2036 eo

206 2054 301 2118 cuius
318 2062 394 2116 sunt
416 2053 534 2136 qtrilrus
560 2061 674 2130 utitur,
703 2063 775 2138 agat
802 2054 891 2118 iuxta
918 2057 1175 2118 aestimationem
1201 2061 1302 2136 ustis,
1333 2068 1362 2119 et

207 2138 297 2222 qnod
326 2137 446 2200 iustum
476 2144 525 2198 est
546 2135 586 2198 de
609 2137 668 2200 tali
690 2159 738 2216 re,
762 2137 812 2200 illi
837 2139 1011 2220 persolvat.
1054 2141 1157 2218 Quod
1179 2142 1217 2202 si
1236 2141 1361 2225 aliquis

208 2221 381 2283 constituta
396 2227 536 2280 mercata
564 2219 704 2300 lugiens.
730 2241 772 2282 ne
798 2223 966 2283 teloneum
989 2223 1116 2284 solvere
1140 2235 1301 2307 cogatur,
1331 2235 1361 2284 et

208 2311 300 2366 extra
315 2301 479 2386 praedicta
499 2301 571 2362 loca
590 2303 716 2384 aliquid
738 2324 846 2366 emere
866 2303 1019 2382 voluerit,
1038 2315 1071 2366 et
1088 2304 1290 2369 huiusmodi
1314 2309 1360 2366 in-

206 2395 329 2449 ventus
337 2384 448 2461 luerit,
461 2384 703 2468 constringatur
715 2395 747 2448 et
762 2385 907 2448 debitum
919 2387 1251 2470 tel‘onei'persolvere
1268 2412 1362 2472 coga-

207 2478 271 2530 tur.
286 2469 328 2530 Et
345 2465 493 2550 quisquis
512 2465 699 2530 huiusmodi
724 2469 808 2530 iusta
828 2470 961 2530 telonea·
976 2472 1104 2532 solvere
1127 2471 1359 2534 declinantem

206 2551 385 2634 susceperit
410 2549 477 2622 sive
501 2551 666 2628 celaverit,
681 2551 716 2614 id
734 2553 916 2614 secundnm
932 2576 1021 2614 snam
1040 2553 1147 2634 legem
1176 2557 1358 2616 emendare

207 2634 436 2716 compellatur:
451 2633 478 2692 is
490 2641 596 2693 tamen
606 2655 705 2716 quem
713 2635 830 2698 celavit
840 2635 986 2697 debitum
997 2637 1166 2696 teloneum
1176 2639 1354 2718 persolvat

206 2720 389 2793 Caeterum,
398 2716 482 2777 sicut
491 2717 639 2798 superius
647 2717 773 2778 dictum
781 2727 839 2797 est,
849 2717 911 2778 nisi
924 2720 957 2781 in
967 2719 1150 2780 memoratis
1162 2719 1245 2782 locis
1259 2743 1356 2782 nemo

207 2799 387 2882 &quolibet
406 2799 514 2882 exigat
534 2800 673 2862 telonea.
699 2803 743 2862 Et
758 2803 786 2864 si
807 2801 924 2864 fecerit
942 2811 1055 2864 contra
1077 2800 1159 2864 haec
1178 2813 1357 2885 praecept-a

208 2891 327 2960 nocua,
338 2882 419 2944 sciat
432 2903 465 2944 se
483 2903 552 2944 esse
568 2883 787 2946 damnandum
799 2884 965 2966 sexaginta
980 2885 1102 2947 summa
1118 2885 1314 2947 solidorum.

479 2989 533 3052 De
554 2989 702 3074 dispensa
719 2991 876 3076 fidelium
896 3005 1086 3052 nostrorum.

294 3069 339 3134 ll.
382 3071 587 3150 Sive'carris,
605 3073 673 3135 sive
691 3074 866 3158 sagmariis,
892 3075 958 3136 sive
976 3073 1156 3156 friskingis,
1186 3071 1254 3135 sive
1277 3075 1348 3136 aliis

230 3153 408 3215 uibnslibet
422 3153 594 3232 vehiculis,
615 3164 684 3216 tam
699 3179 813 3218 eorum
834 3156 892 3236 qui
911 3155 1003 3218 nobis
1024 3157 1150 3219 assidue
1172 3157 1206 3214 in
1228 3157 1348 3238 palatio

206 3177 408 3314 deserviunt,
419 3257 581 3318 quamque
595 3247 747 3299 eteorum
759 3239 816 3324 qui
825 3239 865 3300 ad
876 3237 1032 3322 palatium
1044 3259 1157 3300 eorum
1169 3238 1350 3319 dispensam

206 3321 341 3396 ducunt,
356 3340 449 3380 nemo
463 3320 496 3378 in
511 3321 675 3402 pontibus,
687 3343 793 3404 neque
810 3321 844 3380 in
859 3321 1008 3399 navibus,
1023 3341 1129 3403 neque
1141 3320 1175 3380 in
1193 3320 1348 3400 quibusli-

201 3402 261 3463 bet
275 3402 345 3462 aliis
363 3401 454 3478 locis,
469 3401 507 3461 ab
520 3402 566 3462 eis
577 3403 743 3464 teloneum
758 3404 886 3486 exigere
903 3413 1092 3486 praesumat.
1107 3403 1206 3480 Quod
1219 3402 1247 3463 si
1265 3405 1348 3465 lece·

205 3487 262 3564 rit,
278 3485 408 3545 noverit
421 3507 454 3545 se
472 3485 622 3545 similiter
634 3487 797 3569 sexaginta
808 3507 948 3548 summae
958 3485 1135 3548 solidorum
1148 3486 1254 3568 poenal
1263 3485 1347 3566 plec-

206 3566 349 3630 tendum.
371 3566 505 3645 Quodsi
524 3567 805 3650 aliquis'repertus
824 3569 925 3628 fuerit
938 3569 995 3648 qni
1018 3590 1055 3629 ea
1076 3589 1160 3649 quae
1179 3568 1345 3650 praemissa

207 3660 293 3727 sunt,
312 3671 377 3709 non
394 3650 434 3710 ad
450 3671 539 3710 suam
562 3649 754 3732 dispensam,
775 3673 836 3713 nec
858 3651 899 3711 ad
914 3651 1062 3733 proprios
1079 3671 1168 3727 usus,
1200 3649 1257 3710 sed
1287 3673 1345 3731 po-

206 3734 271 3794 tius
294 3730 504 3793 venundandi
529 3735 621 3795 causi
645 3755 682 3794 ea
705 3734 847 3808 duxerit,
876 3733 1004 3797 noverit
1032 3755 1065 3796 se
1092 3733 1177 3794 sicut
1202 3734 1343 3815 superius

209 3815 483 3898 comprehensum
498 3825 545 3876 cst
564 3836 631 3876 esse
653 3815 880 3876 damnandum.

316 3921 427 4005 Qualis
444 3943 553 3982 census
575 3923 663 4000 exigi
684 3921 798 3982 debent
822 3919 862 3978 de
884 3923 1033 4003 pontibus
1057 3917 1241 3980 emendatis.

293 4005 323 4068 ll
333 4013 355 4066 l.
380 4005 479 4066 Nemo
498 4027 537 4065 ex
549 4003 599 4063 his
612 4003 668 4084 qui
688 4013 802 4087 pontes
815 4001 949 4080 faciunt,
961 4012 1016 4063 aut
1031 4003 1070 4064 de
1081 4001 1344 4081 immunitatibus,

211 4097 266 4148 aut
285 4087 323 4148 de
341 4081 434 4162 fiscis,
457 4095 513 4148 aut
530 4087 569 4146 de
584 4083 695 4147 liberis
705 4085 904 4163 hominibus,
918 4095 1075 4168 cogantur
1091 4085 1290 4170 pontaticum
1307 4087 1346 4148 de

239 4207 446 4221 ...uuo—n-

246 4267 279 4318 x)
298 4260 331 4312 al.
351 4277 397 4312 ms.
416 4261 506 4314 etuti
524 4261 623 4316 emitur·
638 4257 783 4314 cuiuslibet
798 4270 828 4312 ut
840 4259 901 4330 ‚iter
920 4274 1003 4329 ogeru
1023 4256 1117 4312 herba.
