2920 4972
214 264 261 336 50
470 279 503 332 A.
524 276 611 333 ena.
717 277 972 368 carr-rotante
1071 275 1131 340 tta.

254 426 302 484 De
317 418 483 504 Episcopis
502 439 563 501 per
579 419 725 480 civitates
744 417 904 482 ordinatis
926 423 981 486 sub
994 419 1248 506 Arcisiepiseopis
1262 421 1348 482 Aac·

207 547 211 556 .
294 507 323 564 ie
340 516 372 562 et
392 499 584 570 Ardolrerto.
613 500 662 560 De
683 500 859 564 Monaelais.
901 501 944 562 Et
961 517 994 562 ut
1018 503 1203 566 Abbatesin
1223 505 1347 568 liostem

294 586 357 668 ipsi
377 577 538 654 izoneant,
556 581 616 641 sed
628 584 761 642 mittant.
788 565 837 642 Ei
852 581 966 644 Clerici
989 585 1008 644 ia
1030 583 1262 666 fornicatione,
1287 587 1347 644 lta-

295 669 363 730 bita
382 665 479 736 laico,
498 676 529 724 et
542 666 710 746 venatione
731 661 920 743 absn‘ncant.

296 783 352 843 111.
395 778 521 842 Idcirco
544 779 769 844 constituimus
790 802 850 863 per
879 781 1052 843 eonsilium
1075 782 1288 848 Sacerdotem
1314 791 1347 843 et

213 865 412 950 Optimatuni
433 885 590 940 meorum,
617 869 651 923 et
675 863 895 926 ordinavimus
925 885 985 946 per
1013 862 1158 926 civitates
1183 865 1347 962 legitimos

210 950 239 1012 E
264 951 403 1030 iscop0s;
427 954 458 1005 et
485 945 605 1006 idcireb
632 945 856 1008 constituimus
877 967 974 1027 super
995 967 1049 1008 eos
1076 947 1346 1034 Archieprscopos

211 973 294 1104 aliar
311 1039 342 1089 et
366 1027 592 1103 ardobertum,
612 1037 648 1086 ut
672 1028 713 1088 ad
734 1028 853 1090 iudicia
882 1049 994 1088 eorum
1020 1029 1060 1090 de
1084 1030 1172 1092 omni
1201 1029 1346 1094 necessi-

212 1123 276 1180 tate
296 1109 512 1172 ecclesiastiea
526 1119 695 1170 recurrant
713 1119 777 1172 tam
794 1110 946 1193 Episcopi
967 1113 1063 1192 quim
1093 1113 1175 1176 alius
1195 1111 1345 1196 populus.

212 1199 256 1258 Ut
276 1193 355 1254 ordo
372 1191 603 1253 monachorum
617 1192 671 1254 vel
698 1193 892 1256 ancillarum
914 1193 976 1254 Dei
997 1196 1177 1260 secunddm
1198 1215 1234 1259 rc
1258 1194 1347 1256 ulam

212 1285 355 1346 sanctam
370 1274 491 1334 stabilis
505 1283 707 1357 permaneat;
731 1284 763 1336 et
782 1277 821 1338 de
835 1276 929 1338 rebus
953 1277 1177 1342 ecclesiasticis
1199 1298 1213 1344 t
1259 1287 1345 1344 aso·

212 1361 253 1422 tis
269 1356 432 1420 monachis
449 1357 502 1418 vel
528 1357 659 1418 ancillis·
675 1357 737 1420 Dei
759 1359 968 1420 consolentur
992 1379 1094 1440 usque
1117 1360 1194 1423 dum
1212 1359 1347 1432 illorum

213 1438 394 1503 necessitati
415 1437 629 1510 ¹satisfaciant3
653 1449 685 1500 et
699 1439 725 1500 si
747 1441 827 1522 quid
841 1441 1042 1522 superaverit
1056 1443 1100 1520 a),
1117 1461 1231 1506 census
1252 1443 1347 1506 leve·

214 1535 281 1586 turs¹
318 1523 362 1582 Et
388 1519 526 1584 Abbates
561 1521 696 1604 legitimi
722 1521 846 1586 hostem
883 1544 947 1585 non
980 1523 1111 1600 faciant,
1132 1523 1195 1591 nisi
1219 1521 1346 1588 tantam

213 1605 362 1667 homines
382 1625 495 1664 eorum
509 1604 735 1664 transmittant.
765 1605 807 1668 Et
829 1626 939 1666 omnes
956 1600 1077 1666 Clerici
1095 1601 1346 1670 fornicationem

215 1711 280 1750 non
299 1686 430 1764 faciant,
450 1708 511 1748 nec
528 1686 674 1750 habitum
687 1682 844 1748 laicorum
856 1697 998 1770 portent,
1016 1709 1077 1752 nec
1089 1689 1229 1757 habeant
1249 1707 1345 1752 osnes

215 1781 251 1832 ut
269 1769 459 1832 venationes
474 1769 604 1846 iaciant,
621 1789 681 1830 nee
701 1767 869 1852 accipitres
889 1779 1027 1852 portent.

260 1885 301 1948 Ut
320 1885 395 1944 laici
407 1881 656 1963 fornicationem
671 1905 805 1955 ornnem,
827 1885 982 1967 periuria,
1011 1899 1041 1948 et
1055 1882 1146 1964 falsa
1174 1885 1347 1951 testimoni-

296 1969 352 2040 n'ia
382 1964 535 2035 devitent,
570 1965 804 2047 Ecclesiamque
838 1979 988 2027 testentur.
1031 1969 1074 2030 Et
1103 1981 1137 2030 ut
1162 1967 1347 2044 Presbyteri

294 2048 517 2133 parochiarum
538 2045 697 2131 Episcopo
718 2069 774 2110 suo
795 2050 858 2110 siat
874 2049 1014 2108 sisbiecti.
1091 2063 1094 2074 ’

278 2165 333 2226 IV.
356 2159 512 2222 Similiter
531 2161 733 2224 decrevimus
748 2172 788 2222 ut
806 2163 881 2222 laici
897 2163 1044 2224 homines
1060 2161 1203 2244 legitime
1224 2161 1344 2240 vivant,

217 2261 248 2312 et
263 2249 404 2321 diversas
420 2243 651 2306 fornicationes
666 2266 732 2304 non
752 2245 881 2322 secant,
904 2255 936 2312 et
964 2243 1108 2330 periurio
1138 2245 1172 2308 in
1199 2244 1344 2308 Ecclesia

217 2353 283 2395 non
304 2327 519 2403 consentiant,
542 2335 574 2386 et
590 2327 670 2387 falsa
690 2325 872 2388 testimonia
891 2327 1092 2406 condicant,
1111 2335 1144 2388 et
1167 2324 1344 2392 Ecclesiam

218 2413 279 2474 Dei
300 2409 438 2472 inomni
460 2408 649 2470 necessitate
664 2417 867 2486 conservent.
910 2409 950 2472 Et
968 2409 1126 2490 unusquis
1151 2429 1192 2474 ue
1214 2407 1346 2490 Presby-

217 2492 338 2574 tcrqui
358 2491 390 2550 in
419 2490 569 2572 parochia
599 2499 656 2568 est,
681 2489 841 2574 Episcopo
865 2490 1019 2554 obediens
1046 2499 1080 2554 et
1099 2430 1261 2572 suiriectus
1294 2491 1346 2564 sit,

160 2605 163 2610 ·
219 2587 251 2638 et
266 2595 391 2656 semper
410 2573 443 2634 in
458 2593 560 2632 coena
574 2572 705 2636 Domini
720 2573 878 2634 rationem
893 2581 924 2634 et
941 2574 1092 2640 ordinem
1106 2571 1278 2638 ministerii
1297 2570 1346 2634 sui

218 2659 379 2741 Episcopo
399 2655 523 2730 reddat,
547 2663 578 2714 et
591 2654 728 2718 chrisma
748 2664 780 2714 et
794 2655 902 2718 oleum
922 2665 1017 2739 petat.
1059 2653 1102 2716 Et
1121 2655 1251 2744 quando
1276 2653 1347 2720 iure

211 2735 377 2802 'canonico
403 2737 581 2820 Episcopus
596 2736 745 2802 circumit
765 2737 948 2832 parochiam
965 2738 1005 2802 ad
1023 2737 1279 2810 confirmandum
1294 2755 1348 2818 po-

218 2823 343 2908 pulum,
374 2819 512 2882 Abbates
536 2827 568 2878 et
591 2818 774 2901 Presbyteri
799 2819 900 2900 parati
936 2820 1001 2882 sint
1026 2819 1066 2882 ad
1105 2817 1348 2906 suscipiendum

218 2902 415 2988 Episcopum
429 2902 464 2962 'in
480 2899 675 2972 adiutorium
690 2901 900 2966 necessitatis

267 3019 308 3081 Ut
326 3018 425 3098 ignoti
442 3014 594 3098 Episcopi
608 3027 639 3074 et
661 3015 846 3094 Presbyteri
862 3015 907 3079 ad
921 3017 1129 3081 ministerium
1149 3013 1215 3076 iine
1228 3013 1347 3100 proda-

238 3165 242 3182 ,
304 3103 389 3160 tione
405 3119 468 3158 non
483 3095 699 3156 admittantur.

303 3217 343 3276 V.
384 3213 426 3274 Et
442 3211 609 3272 statuimus
631 3221 667 3272 ut
690 3213 957 3299 supervenientes
973 3211 1126 3298 Episcopi
1145 3211 1198 3278 vel
1212 3209 1349 3294 Presby-

222 3296 282 3356 teri
299 3297 338 3356 de
357 3291 427 3356 aliis
444 3293 632 3376 regionibus
649 3315 715 3356 nou
730 3295 950 3380 suscipiantur
966 3295 999 3357 in
1017 3293 1350 3359 ministeriumEocle-

221 3379 297 3453 siae,
317 3376 379 3436 nisi
394 3375 482 3458 prius
497 3375 620 3440 fuerint
635 3375 759 3458 probati
781 3377 820 3440 ah
833 3378 993 3460 Episcopo
1010 3377 1103 3442 cuius
1118 3373 1272 3462 parochia
1293 3381 1349 3436 est.

231 3499 239 3522 ’
267 3491 309 3556 Ut
321 3489 472 3586 Episcopi
482 3490 676 3574 provideant
694 3512 732 3555 ne
756 3493 891 3578 populus
917 3493 1133 3579 paganismum
1152 3487 1267 3572 faciat.
1309 3485 1352 3552 Ec

304 3585 337 3634 ut
354 3573 510 3650 legitimae
522 3593 583 3667 per
604 3574 750 3636 civitates
773 3595 933 3648 mensurae
955 3577 1028 3638 sint.

303 3687 359 3750 VI.
400 3689 443 3752 Et
457 3687 590 3752 omnint
610 3687 812 3752 decrevimus
829 3699 864 3750 ut
879 3689 1104 3772 unusquisque
1120 3687 1298 3770 Episcopus
1308 3682 1350 3764 [in

223 3793 279 3833 sua
309 3769 460 3854 parochia
487 3769 746 3834 sollicitudinem
771 3771 887 3835 habeat
914 3781 953 3838 ut.
1004 3770 1119 3858 opulus
1148 3768 1352 3850 Christianus

222 3853 442 3936 paganismum
464 3873 529 3914 non
547 3851 652 3914 faciat.
694 3853 735 3918 Et
752 3873 811 3936 per
829 3873 939 3918 omnes
963 3853 1108 3918 civitates
1126 3851 1288 3932 legitimus
1307 3849 1354 3910 lo·

223 3957 279 3996 rus
296 3945 328 3996 et
349 3955 500 3995 mensura
523 3933 587 4012 fiat,
603 3935 784 4002 secundum
799 3929 1028 4006 aliundantia'm
1049 3933 1212 4020 temporis.
1319 3963 1322 3970 ·

193 4221 196 4228 ⁸
265 4212 350 4280 lujat.
371 4227 428 4265 mss.
446 4223 473 4266 ct
499 4199 767 4284 quadruperauerit,
