2928 4986
193 291 267 364 320
450 307 483 362 s.
505 305 593 363 cun.
695 308 954 366 contutans
1059 312 1125 372 stt.

290 449 347 512 De
364 445 496 508 decimis
519 447 635 510 dandis
653 461 717 512 tam
733 451 895 514 Ecclesiae
917 454 1011 535 quim
1033 453 1250 538 pauperibus.

275 554 390 618 XLIX.
433 556 477 616 Ut
495 553 535 616 de
552 554 701 618 omnibus
717 556 751 618 in
770 557 1010 642 eleemosynam
1029 560 1123 638 datis,
1136 569 1206 622 tam
1228 559 1352 622 Eccle-

192 637 258 702 siae
276 639 374 722 qulm
387 637 551 716 iratribus,
569 637 714 702 decimae
733 641 932 724 pauperibus
950 642 1077 704 dentur.

192 749 242 812 De
271 747 459 835 specialibus
480 747 613 832 psalmis
638 769 699 834 pro
723 750 981 891 eleZasosyaariis
1009 763 1040 809 et
1069 747 1239 830 deficnctis
1274 771 1353 809 can-

274 917 311 976 L.
352 915 397 976 Ut
417 913 649 996 praetermissis
665 847 894 999 paiiilisitiibns
912 915 1069 1000 psalterii,
1085 914 1204 1006 psalmi
1224 909 1354 998 specia-

193 1000 242 1064 les
263 1019 323 1097 pro
345 997 610 1082 eleemosynariis
626 1008 659 1060 et
677 997 841 1061 defunctis
861 1009 1044 1061 cantentur.

184 1109 243 1178 ,De
266 1103 466 1180 Pentecoste,
491 1118 524 1168 ut
536 1127 597 1190 per
619 1105 851 1168 hebdomadam
871 1129 935 1168 non
949 1104 1130 1190 flectantur
1144 1123 1275 1182 genua,
1302 1124 1353 1162 nc-

375 1211 434 1275 que
458 1191 638 1262 ieiunetur,
671 1189 735 1250 nisi
755 1187 826 1250 dies
850 1191 963 1250 ieiunii
979 1187 1156 1249 extiterint.

277 1298 329 1360 LI.
372 1299 416 1358 Ut
440 1295 474 1356 in
498 1294 700 1359 hebdomada
719 1295 936 1372 Pentecosten
958 1317 1024 1357 non
1041 1293 1219 1356 flectantur
1238 1317 1352 1379 genua

195 1392 229 1446 et
251 1402 316 1442 non
338 1379 517 1458 ieiunetur,
542 1378 605 1440 nisi
626 1377 739 1441 statuti
763 1379 889 1440 fuerint
906 1379 975 1440 dies
995 1377 1111 1440 ieiunii
1132 1383 1174 1460 q).

195 1491 244 1552 De
262 1490 353 1550 laicis
377 1489 411 1550 iu
425 1485 630 1569 refectorium
650 1486 893 1559 Monacltorum,
910 1484 1126 1547 manducandi
1139 1485 1196 1546 vel
1213 1485 1353 1548 bibendi

571 1567 686 1641 causei,
716 1590 780 1630 uon
802 1568 966 1630 ducendis.
1412 1577 1421 1593 ''

279 1675 352 1742 LII.
395 1679 438 1739 Ut
462 1673 539 1736 laici
560 1673 655 1736 causi
675 1673 895 1736 manducandi
916 1697 953 1738 ac
979 1673 1114 1739 bibendi
1134 1674 1170 1734 in
1199 1676 1349 1736 refecto-

196 1763 283 1827 rium
303 1783 370 1824 non
393 1761 566 1822 ducantur.

196 1873 246 1934 De
265 1867 473 1934 aestimandis
495 1879 526 1928 et
552 1865 767 2010 calciamer‘tltis
776 1909 788 1940 ,
820 1879 856 1929 ut
873 1865 1036 1950 fratribus
1058 1868 1181 1951 quoties
1208 1863 1348 1950 expedit

733 1963 834 2011 entur.

280 2057 374 2124 L111.
415 2060 459 2120 Ut
476 2055 607 2140 quoties
626 2055 773 2140 exposcit
792 2056 981 2134 necessitas,
1002 2056 1197 2119 vestimenta
1221 2063 1254 2118 et
1278 2056 1347 2118 cal-

198 2145 358 2211 ciamenta
376 2149 410 2204 et
426 2141 534 2202 omnia
553 2139 733 2202 necessaria
747 2139 900 2202 fratribus
918 2139 1047 2202 dentur.

352 2251 408 2314 Dc
424 2251 475 2310 tis
491 2249 546 2332 qui
563 2259 822 2332 praeponuntur,
849 2263 884 2310 ut
900 2247 1009 2310 Nonni
1025 2261 1189 2312 vocentur.

280 2355 369 2422 LIV.
412 2358 455 2416 Ut
478 2354 536 2451 qui
556 2356 831 2438 Praeponuntur‚
860 2355 967 2421 Nonni
994 2365 1169 2418 vocentur:
1204 2358 1277 2418 Hoc
1306 2378 1346 2418 ex

202 2452 337 2528 paterna
363 2447 556 2503 reverentia.

590 2519 640 2580 De
662 2518 786 2580 seniore
812 2519 957 2582 Dccaao.

282 2632 350 2695 LV.
392 2631 436 2690 Ut
449 2627 560 2690 senior
578 2630 730 2690 Decanus
748 2626 886 2708 reliquis
906 2627 1045 2690 Decanis
1062 2638 1298 2712 praeponatur,
1316 2601 1354 2692 etl

201 2715 323 2780 Abbate
345 2712 397 2776 vel
417 2712 606 2794 Praeposito
623 2720 793 2794 praesente
808 2709 918 2771 locum
937 2711 1108 2794 proprium
1128 2719 1252 2774 teneat.

412 2821 461 2880 De
481 2820 692 2903 Praeposito,
723 2819 872 2890 Dccauo,
903 2830 934 2878 et
950 2817 1136 2880 Cellarario.

284 2927 375 2994 LVI.
419 2929 462 2988 Ut
480 2925 698 3008 Praepositum,
722 2926 884 3002 Decunus,
906 2925 1102 2987 Cellararins
1116 2929 1143 3004 r)
1170 2925 1210 2987 de
1232 2947 1352 2989 eorum

203 3013 397 3091 ministerio,
417 3009 479 3071 nisi
497 3011 590 3070 causet
607 3007 755 3069 utilitatis
772 3016 827 3067 aut
843 3007 1053 3087 necessitatis,
1071 3029 1137 3070 non
1155 3030 1351 3073 removean-

205 3109 259 3162 tur
280 3103 316 3176 s).

202 3206 251 3264 De
278 3205 362 3264 libra
375 3203 490 3285 panis,
517 3212 551 3260 ut
572 3199 702 3277 triginta
722 3197 843 3259 solidos
859 3211 972 3282 penset
995 3203 1161 3284 antequam
1182 3212 1353 3282 coquntur.

285 3307 392 3370 LVll.
444 3310 488 3368 Ut
506 3303 589 3366 libra
611 3303 704 3386 panis
727 3301 861 3385 triginta
882 3304 994 3366 solidis
1015 3327 1074 3388 per
1096 3305 1269 3369 duodecim
1295 3307 1354 3369 de-

205 3393 312 3454 narios
337 3389 505 3451 metiatur.

240 3555 281 3620 q)
300 3548 334 3600 al.
353 3563 399 3598 ms.
419 3545 512 3597 addit:
544 3547 673 3610 Quatuor
690 3553 755 3594 tem·
839 3549 876 3609 r)
895 3543 929 3595 al.
948 3559 1007 3597 mss.
1038 3545 1195 3607 Cellarius,
1227 3545 1357 3598 callem.

291 3635 389 3690 porum
408 3618 559 3674 ieiunetur,
581 3616 661 3665 utin
681 3614 756 3681 vigi·
892 3615 959 3667 rius,

292 3691 334 3741 lia
353 3689 473 3739 Sanctae
491 3685 616 3744 Mariae,
637 3687 755 3735 Antenn-

292 3760 427 3818 ciatt'onc,
447 3757 648 3824 Assumptione,
674 3754 756 3804 Nati·

291 3831 389 3882 vitate.
443 3827 591 3879 ieiunatur
626 3824 756 3876 similiter

291 3903 324 3952 in
340 3897 440 3951 Natali
466 3898 586 3950 oninium
611 3895 756 3966 Apostolo-

292 3988 373 4029 rum,
407 3985 455 4020 scu
491 3968 584 4018 sancti
619 3963 755 4017 lobannis

293 4041 435 4109 Baptistae
462 4035 495 4091 de
522 4036 681 4103 Martyria,
709 4053 759 4087 seu

295 4113 327 4162 in
344 4109 443 4162 Natali
461 4109 607 4161 cuiuslibet
617 4107 713 4157 Sancti
728 4107 759 4156 in

295 4181 373 4233 cuius
400 4178 532 4232 bonorem
556 4177 700 4230 dedicatus
720 4189 759 4229 est

293 4253 370 4305 locus
392 4249 440 4301 nti
457 4250 580 4302 militant
597 4247 738 4302 Monaclti.

838 3724 872 3784 s)
890 3718 948 3769 Hoc
981 3717 1134 3788 capitulum
1161 3719 1190 3768 in
1217 3717 1251 3768 al.
1285 3718 1356 3769 Cod.

891 3806 938 3840 ms.
956 3787 995 3840 sic
1012 3789 1127 3854 legitur:
1158 3791 1192 3841 Ut
1208 3789 1358 3856 Praeposi-

891 3872 954 3918 tus,
996 3861 1126 3920 Decani,
1165 3859 1356 3919 Callonas-ias,

890 3929 1047 3989 Portarius,
1067 3932 1093 3981 si
1111 3930 1190 3980 utiles
1210 3929 1241 3979 in
1258 3929 1360 3979 minis-

852 4009 869 4040 t
893 4001 972 4052 teriis
995 4018 1086 4052 eorum
1103 3999 1235 4071 suerint,
1264 4017 1360 4070 quan-

894 4083 951 4122 tum
967 4071 1069 4121 Abbati
1093 4082 1119 4122 et
1135 4071 1360 4139 Congregationi

891 4142 1060 4210 placuerint,
1078 4141 1119 4192 ibi
1132 4151 1210 4194 stent.
