2952 4988
213 342 289 420 244
463 359 498 420 s.
523 359 611 417 can.
716 361 973 422 coenoman
1075 365 1138 421 sn.

387 534 742 600 EPISTOLA
786 537 1184 600 GENERalLIS

214 678 271 752 Ad
296 677 595 775 Archiepiscopos
616 680 733 776 Regni
746 681 987 768 Francorum,
1010 682 1108 770 data,
1128 691 1169 750 ut
1189 681 1349 774 videtur,

223 815 227 824 ·
263 783 393 853 eodem
423 801 520 850 anno
546 803 618 876 quo
641 783 835 876 superiora
859 783 932 850 duo
947 780 1174 876 Capitularia
1190 781 1306 851 inter-

687 881 900 980 rogationis.

214 1061 263 1172 In
281 1109 412 1174 nomine
427 1111 544 1192 Patria,
560 1119 593 1174 et
608 1111 697 1190 Filii,
710 1120 743 1175 et
758 1111 899 1196 Spiritus
928 1111 1046 1174 Sancti.
1095 1112 1240 1176 Karolus
1267 1137 1349 1180 sera-

213 1195 364 1258 nissimua
383 1195 547 1278 Augustus
562 1195 581 1256 d
594 1197 665 1258 Deo
679 1205 864 1275 coronatus,
888 1215 1034 1276 magnus,
1060 1195 1214 1278 pacificus
1242 1197 1348 1282 Impe-

212 1287 309 1354 rator,
320 1278 558 1356 (Romanorum)
576 1277 758 1362 gubernans
770 1277 952 1362 imperium,
965 1277 1022 1360 qai
1041 1286 1075 1340 et
1089 1299 1150 1360 per
1165 1278 1348 1343 misericor-

213 1362 299 1424 diam
314 1359 377 1422 Dei
393 1361 464 1421 Rex
484 1361 682 1422 Francorum
703 1369 736 1422 et
757 1361 1058 1446 Longobardornm,
1084 1361 1259 1424 Odilberto
1285 1364 1349 1424 Ar«

212 1440 420 1526 chiepiscopo
447 1443 481 1503 in
507 1443 648 1506 Domino
679 1443 825 1506 salutem.
874 1443 934 1506 Sue
961 1444 1011 1504 ius
1039 1453 1159 1522 tecum,
1191 1445 1289 1507 immo
1316 1456 1348 1507 et

212 1543 287 1588 cuns
302 1524 437 1586 caeteris
466 1525 602 1610 collegis
628 1526 694 1588 tuis
721 1525 878 1588 familiare
902 1466 1106 1610 colloquium
1134 1526 1175 1588 de
1205 1529 1347 1590 utilitate

209 1613 339 1672 sanctae
356 1607 418 1701 liei
440 1609 604 1670 Ecclesiae
625 1608 743 1704 habere
759 1609 980 1688 voluissemus,
1002 1609 1029 1671 si
1058 1607 1179 1706 absque
1202 1611 1346 1672 molestia
1450 1607 1451 1618 ’

210 1687 371 1772 corporali
387 1689 418 1750 sd
435 1689 561 1752 efficere
598 1699 742 1752 otutsses.
784 1691 849 1754 Sed
873 1691 1020 1774 quamvis
1035 1701 1237 1754 sanctitatem
1257 1702 1346 1753 tuam
1450 1707 1451 1712 ’

210 1775 245 1835 in
267 1771 388 1836 divinis
405 1773 502 1834 rebus
519 1781 554 1835 to
604 1771 786 1835 intentione
804 1774 938 1856 vigilare
961 1795 1028 1836 non
1044 1775 1242 1858 ignoremus,
1256 1777 1347 1836 omit·

208 1865 279 1918 tere
300 1861 407 1916 manen
428 1876 493 1916 non
513 1877 679 1940 possumus
701 1855 781 1936 quin
810 1865 897 1916 tuam
919 1855 1137 1934 devotionem,
1159 1866 1270 1920 saneto
1293 1859 1346 1917 in-

208 1939 331 2001 citante
347 1937 481 2022 Spiritu,
498 1939 616 2001 nostris
631 1939 776 2022 apicibus
791 1939 1021 2022 compellamus
1041 1948 1137 2022 atque
1157 1961 1344 2002 commone-

209 2041 298 2082 amus
313 2029 348 2080 ut
361 2021 460 2104 magis
475 2043 512 2082 ae
528 2021 627 2106 magis
641 2020 675 2080 in
699 2029 810 2082 sancta
821 2023 883 2084 Dei
905 2021 1051 2084 Ecclesia
1071 2021 1214 2084 studiose
1238 2045 1274 2084 ac
1295 2021 1344 2084 vi-

208 2103 323 2186 gilanti
340 2105 418 2164 curt
437 2103 582 2166 laborare
597 2103 726 2166 studeas
745 2103 778 2162 in
799 2102 1039 2186 praedicatione
1068 2101 1175 2166 sancia
1203 2114 1237 2166 et
1265 2105 1342 2165 doc-

206 2187 294 2248 trina
308 2183 441 2248 salutari
456 2207 463 2242 =
484 2196 644 2268 quatenus
664 2207 724 2269 per
740 2195 827 2247 tuam
844 2186 1078 2250 devotissimam
1098 2186 1344 2249 solertiamver·

206 2269 285 2330 bum
308 2269 394 2330 vitae
414 2277 564 2330 aeternae
581 2277 703 2330 crescat
725 2278 757 2330 et
778 2277 897 2348 currat,
920 2277 953 2330 et
969 2268 1207 2351 multiplicetur
1223 2290 1342 2330 nnme-

207 2375 263 2413 rus
283 2349 396 2434 populi
413 2350 591 2413 Christiani
616 2352 650 2412 in
666 2351 796 2412 laudem
817 2359 851 2414 et
879 2351 1013 2434 gloriam
1034 2351 1207 2414 salvatoris
1238 2351 1342 2413 nostri

206 2435 279 2495 Dei.
320 2435 419 2496 Nosse
441 2433 547 2517 itaque
563 2455 622 2517 per
641 2443 696 2494 tna
721 2433 837 2516 scripta
858 2442 914 2494 ant
932 2455 992 2516 per
1011 2443 1043 2495 te
1062 2435 1167 2516 ipsum
1189 2434 1342 2496 volumus

208 2516 351 2598 qrsailiter
369 2525 402 2575 tu
420 2524 453 2575 et
475 2515 675 2600 suffraganei
695 2517 744 2576 tui
766 2516 906 2578 doceatis
926 2525 959 2578 et
973 2516 1137 2578 instruatis
1151 2517 1342 2578 Sacerdotes

206 2599 267 2660 Dei
286 2608 319 2660 et
337 2598 467 2682 plebem
493 2599 584 2662 vobis
609 2600 808 2661 commissam
834 2598 875 2661 de
895 2598 1044 2680 baptismi
1064 2609 1276 2678 sacramento,
1307 2599 1343 2660 id

206 2691 264 2757 est,
282 2704 341 2742 cnr
362 2680 467 2762 primo
484 2681 591 2744 infans
613 2681 863 2743 catechumenus
886 2681 1033 2760 efficitur,
1048 2683 1102 2746 vel
1119 2681 1199 2762 quid
1225 2681 1268 2744 sit
1286 2704 1342 2742 ea-

207 2763 430 2839 lechumenns,
444 2762 563 2826 deinde
588 2763 816 2848 perordinem
846 2763 954 2824 omnia
981 2785 1064 2848 qnae
1090 2773 1241 2846 aguntur.
1290 2767 1342 2825 De

205 2847 374 2924 scrutini0,
394 2846 476 2929 qnid
490 2845 533 2907 sit
554 2846 758 2908 scrutinium.
799 2849 849 2908 De
866 2848 1023 2931 symbolo,
1044 2867 1127 2930 quae
1148 2846 1190 2907 sit
1206 2847 1277 2908 eius
1293 2847 1342 2906 in-

205 2930 392 3013 terpretatio
412 2929 591 2990 secundom
613 2929 754 2990 Latinos.
794 2930 843 2990 De
864 2930 1068 3006 credulitate,
1086 2930 1250 3012 quomodo
1272 2951 1344 2990 cre-

204 3014 349 3076 dendum
364 3011 406 3072 sit
430 3010 465 3073 in
481 3012 588 3074 Deum
600 3014 730 3074 Patrem
743 3009 1010 3094 omnipotentem,
1033 3021 1067 3073 et
1081 3010 1114 3071 in
1132 3011 1239 3072 Iesum
1246 3011 1342 3073 chri-

146 3153 150 3163 ,
203 3107 288 3158 stum
308 3095 430 3156 Filium
449 3094 519 3156 eius
539 3103 650 3154 natum
674 3103 706 3156 et
722 3115 858 3178 passum,
880 3103 914 3156 et
940 3095 973 3154 in
992 3093 1148 3178 Spiritum
1173 3095 1342 3172 Sanctum,

202 3189 343 3240 sanctam
361 3177 540 3240 Ecclesiam
558 3176 759 3255 catholicam,
780 3187 812 3240 et
831 3185 957 3238 caetera
982 3199 1065 3260 quae
1085 3187 1272 3260 sequnntur
1305 3179 1341 3237 in

203 3263 317 3323 eodem
332 3262 487 3345 symbolo.
527 3262 577 3324 De
596 3259 878 3321 abrenuntiatione
897 3261 1032 3321 Satanae
1048 3269 1081 3320 et
1095 3259 1245 3320 omnibus
1259 3283 1341 3344 ope-

202 3345 292 3406 ribus
313 3345 383 3406 eius
405 3354 502 3426 atque
522 3341 658 3426 pompis.
700 3341 791 3422 Quid
822 3342 862 3403 sit
888 3341 1139 3420 abrenuntiatio,
1164 3343 1219 3404 vel
1254 3365 1342 3426 quae

203 3447 300 3523 opera
319 3426 439 3490 diaboli
459 3435 493 3488 et
509 3445 643 3510 pompae
664 3425 744 3487 eius.
787 3425 855 3486 Cur
877 3424 1067 3504 insufflatur,
1089 3424 1142 3486 vel
1163 3444 1224 3486 cnr
1238 3446 1341 3486 exor-

203 3518 334 3570 cizatur.
377 3512 443 3571 Cur
463 3509 713 3570 catechumenus
737 3506 856 3590 accipit
879 3505 987 3569 salem.
1029 3511 1137 3587 Quare
1164 3516 1343 3590 tangantur

201 3615 306 3669 nares,
319 3603 431 3674 pectus
451 3601 613 3674 unguatur
627 3593 719 3662 ole0;
742 3611 801 3654 cur
819 3591 967 3732 scapulae
986 3589 1166 3673 signantur,
1183 3597 1217 3650 et
1236 3611 1342 3672 quare

201 3685 315 3759 pectus
338 3684 370 3736 et
392 3675 542 3758 scapulae
557 3672 726 3735 liniantur.
768 3673 932 3734 Curubis
949 3673 1098 3733 induitur
1119 3671 1340 3743 vestimentis;

200 3779 261 3818 cur
275 3779 367 3818 sacro
382 3758 552 3820 chrismate
576 3765 672 3841 caput
689 3756 895 3840 perungitur,
911 3765 942 3816 et
953 3757 1094 3851 'mystico
1116 3755 1239 3837 tegitur
1253 3756 1342 3816 vela-

199 3841 300 3917 mine,
322 3841 373 3901 vel
390 3862 450 3902 cur
464 3859 598 3922 corpore
614 3849 646 3901 et
661 3837 818 3920 sanguine
838 3839 1001 3899 dominico
1016 3838 1233 3900 confirmatur.
1248 3839 1341 3898 Haec
1450 3879 1451 3898 ι

201 3945 273 3982 omn
281 3925 307 3982 ia
325 3923 436 3983 subtili
458 3922 610 4006 indagine
624 3945 684 4006 per
702 3921 821 4004 scripta¹
835 3922 939 4000 nobis,
958 3921 1041 3983 sicut
1063 3920 1216 3998 diximus,
1248 3940 1341 4002 nun-

200 4007 281 4064 tiare
306 4016 427 4088 satage;
450 4005 504 4066 vel
518 4005 545 4066 si
561 4005 605 4064 ita
619 4017 732 4067 teneas
756 4013 789 4064 et
808 4005 987 4086 praedices,
1007 4015 1062 4066 aut
1081 4005 1107 4067 si
1123 4002 1231 4064 inboc
1244 4003 1340 4085 qnod

199 4087 364 4170 praedicas
386 4098 417 4150 to
439 4087 544 4171 ipsum
563 4089 733 4172 custodias·
775 4090 861 4148 Bene
893 4087 976 4165 vale,
1010 4095 1042 4149 et
1066 4109 1120 4149 ora
1143 4107 1202 4171 pro
1230 4085 1341 4148 nobis.
