2952 4988
300 321 442 380 acar.
548 323 958 392 uacuusaaucoauu
1064 319 1128 382 sm
1230 297 1309 394 299

169 463 261 526 illius
280 460 399 524 humili
412 463 615 528 confessione
634 475 667 534 et
684 468 838 548 congrua,
862 472 963 550 prout
976 463 1043 546 ipse
1064 483 1157 548 posse
1177 461 1317 542 dederit,

170 545 395 610 emendatione
410 547 622 628 praevenire;
645 559 683 610 ut
704 549 787 610 sicut
799 549 869 611 eius
889 557 937 610 est
959 547 1106 608 muneris
1130 543 1219 628 quod
1238 567 1316 629 reg-

169 650 295 705 namus,
318 629 388 690 eius
403 629 443 690 sit
457 627 585 712 pietatis
608 631 697 712 quod
720 631 863 692 feliciter
881 650 1069 712 regnemus:
1091 637 1263 710 qnatenus,
1277 649 1316 690 eo

158 713 355 788 miserante,
378 721 411 772 et
424 711 518 792 regni
536 709 757 794 gubernacula
778 713 972 794 aequissimo
994 711 1164 774 libramine
1188 721 1321 788 tenere„

169 803 204 858 et
225 793 266 854 ad
284 815 358 854 eum
375 793 436 876 *qui
451 793 521 854 Rex
540 797 690 878 Regnum
719 804 784 872 est,
802 806 845 857 ·et
869 795 1028 856 Dominus
1058 793 1316 872 Dominuntium‚

170 897 246 940 eum
263 876 438 960 multiplici
458 875 570 938 fructu
586 877 873 940 administrationis
890 887 1028 955 nostrae,
1042 877 1163 941 iustitiai
1177 875 1317 953 scilieet,

171 969 205 1023 et
221 957 353 1040 pietate,
373 969 469 1040 atque
483 956 679 1038 humilitate,
696 961 766 1022 sine
791 961 856 1022 {ine
871 982 945 1022 cum
971 959 1192 1042 coregnatori
1214 977 1318 1021 mere·

169 1062 263 1102 amur
279 1042 464 1124 pervenire.
508 1044 550 1104 Et
567 1043 722 1124 quoniam
736 1064 797 1125 per
814 1039 1008 1126 Apostolum
1026 1064 1122 1102 suum
1143 1063 1202 1104 nos
1222 1041 1316 1105 adiu·

170 1133 257 1187 tores
279 1146 354 1185 suos
367 1125 531 1208 appellare
556 1125 706 1208 dignatus
726 1135 785 1203 est,
801 1134 834 1186 et
860 1135 969 1186 sancta
988 1125 1148 1200 Ecclesia,
1173 1124 1244 1188 eius
1265 1123 1317 1186 ri-

170 1207 293 1270 delicet
307 1229 433 1289 sponsa,
451 1208 485 1268 in
506 1209 683 1288 Scripturis
704 1208 801 1270 sacris
823 1207 937 1271 hortus
968 1217 1016 1270 est
1037 1208 1207 1289 appellata,
1232 1227 1317 1290 quo-

170 1289 305 1353 tidianis
320 1290 485 1352 exercitiis
508 1291 652 1354 adhibito
676 1292 804 1354 sarculo
832 1291 936 1352 bonae
966 1289 1164 1373 operationis
1189 1298 1238 1352 est
1258 1309 1318 1350 ex-

171 1372 334 1444 colenda;
356 1382 393 1432 ut
413 1373 496 1435 sicut
517 1397 645 1457 semper
663 1375 781 1436 nociva
816 1373 849 1433 in
875 1395 914 1434 ea
939 1373 1035 1436 velut
1062 1373 1096 1432 in
1122 1371 1211 1434 bono
1239 1390 1318 1454 agro

173 1463 356 1536 emergunt,
374 1455 418 1516 ita
443 1479 570 1540 semper
592 1458 711 1520 laboris
742 1456 822 1517 boni
851 1457 958 1518 studio
982 1454 1191 1517 eradicentur
1209 1452 1317 1529 noxia,

170 1538 364 1621 plantentur
377 1537 480 1600 utilia.
523 1540 663 1621 Oportet
678 1549 709 1602 et
726 1562 784 1601 nos
805 1540 933 1601 cunctis
967 1538 1037 1600 eius
1060 1533 1317 1612 necessitatibus,

173 1617 296 1680 nisibus
312 1620 430 1699 quihus
447 1644 626 1704 possumus,
643 1623 757 1684 devote
779 1623 970 1694 consulere;
993 1630 1154 1702 quatenus
1181 1620 1216 1680 iu
1245 1618 1317 1680 eius

173 1701 411 1780 emendatione,
434 1713 591 1785 quantum
605 1705 766 1778 Dominus
780 1726 872 1787 posse
896 1704 1034 1778 dederit,
1057 1713 1122 1764 tota
1139 1724 1214 1766 cum
1226 1721 1318 1762 men-

172 1784 215 1846 tis
232 1784 408 1847 devotione
434 1787 647 1864 elaborantes,
666 1788 700 1847 in
725 1787 835 1869 aliqua
850 1796 941 1870 parte
963 1783 1186 1848 aedificiorum
1214 1783 1316 1860 illius,

173 1867 191 1928 a
210 1865 402 1929 fabricatore
417 1868 497 1947 eius,
514 1870 655 1930 Domino
671 1870 797 1931 scilicet
816 1871 889 1930 lesu
906 1868 1047 1947 Christo,
1071 1869 1172 1952 aptari
1191 1887 1318 1928 mereu-

172 1971 255 2008 mur.
268 1948 409 2011 Proinde
419 1961 531 2012 uotum
543 1953 583 2014 sit
596 1953 745 2014 omnibus
759 1951 909 2014 fidelibus
922 1962 1050 2016 sanctae
1066 1949 1316 2023 DeiEcclesiae‚

173 2030 356 2114 nostrisque
373 2034 513 2094 Domino
543 2033 748 2117 dispensante
779 2034 1028 2110 successoribus,
1051 2035 1129 2116 quia
1152 2057 1227 2096 cum
1257 2050 1317 2094 nos
1426 2057 1427 2061 ¹

172 2114 274 2174 nullis
293 2115 507 2180 existentibus
527 2119 651 2180 meritis
669 2118 780 2180 divina
802 2119 914 2200 pietas,
931 2118 1078 2200 genitore
1096 2126 1206 2179 nostro
1228 2119 1245 2180 a
1267 2134 1318 2174 re·

171 2197 232 2260 bus
245 2195 394 2260 humanis
408 2211 568 2284 exempto,
580 2202 620 2262 ad
638 2201 708 2262 eius
727 2201 852 2284 imperii
868 2201 997 2261 culmen
1013 2200 1227 2282 provexisset,
1236 2216 1317 2282 quo·

172 2279 268 2340 modo
290 2289 346 2340 aut
371 2283 513 2362 qualiter
532 2283 730 2346 desiderium
746 2283 985 2360 divinicultus,
1005 2282 1094 2365 quod
1117 2283 1157 2344 ab
1180 2283 1317 2346 ineunte

172 2371 275 2422 aetate
303 2362 432 2425 Christo
457 2366 634 2450 inspirante
663 2376 771 2428 mente
799 2387 1061 2448 conceperamus,
1093 2367 1134 2428 ad
1167 2365 1318 2432 ellectum

171 2445 314 2507 Domino
329 2446 520 2527 suffragante
542 2449 806 2531 perduceremus,
830 2459 862 2510 et
878 2449 959 2530 quid
972 2448 1072 2510 studii
1093 2449 1213 2533 quidve
1230 2447 1318 2510 labo·

172 2527 217 2588 ris
237 2529 460 2609 progenitores
481 2533 582 2594 nostri
598 2533 773 2615 praecipue
794 2541 904 2593 tamen
922 2532 994 2615 piae
1014 2531 1247 2594 recordationis
1263 2550 1316 2613 ge·

173 2609 262 2670 nitor
279 2619 389 2670 noster
409 2612 442 2671 in
467 2615 662 2676 utilitatibus
684 2624 812 2676 sanctae
837 2615 899 2676 Dei
925 2614 1089 2676 Ecclesiae
1115 2613 1314 2690 exhibuerit,

171 2691 423 2772 adverteremus,
448 2705 480 2757 et
499 2696 553 2780 pia
571 2697 704 2758 illorum
724 2699 809 2758 facta
835 2719 901 2758 non
921 2697 1027 2762 solum
1052 2697 1207 2759 inviolata
1235 2717 1315 2759 cou-
1406 2755 1415 2762 ,

170 2793 310 2850 servare,
326 2777 383 2836 sed
403 2777 499 2839 etiam
517 2779 634 2840 imitari
651 2802 711 2862 pro
733 2781 857 2842 viribus
875 2779 999 2842 nohist
1019 2780 1160 2844 Domino
1182 2799 1314 2841 conces·

169 2856 213 2918 sis
226 2865 421 2938 optaremus,
440 2863 567 2924 scilicet
585 2872 621 2923 ut
640 2863 799 2945 quicquid
816 2863 884 2925 sive
906 2863 941 2923 in
964 2863 1190 2926 ecclesiasticis
1211 2883 1314 2945 nego·
1334 2903 1336 2908 -

169 2939 233 3016 tiis,
250 2938 317 3000 sive
342 2941 376 3001 in
392 2952 478 3005 statu
493 2945 705 3028 reipublicae,
729 2945 956 3007 emendatione
980 2946 1115 3030 dignum
1127 2945 1314 3029 prospexis-

169 3043 289 3099 semus,
306 3035 464 3102 quantum
483 3024 643 3090 Dominus
666 3051 759 3112 posse
779 3029 883 3105 dabat,
910 3039 1019 3091 nostro
1033 3028 1142 3092 studio
1159 3029 1313 3090 emenda·

168 3113 269 3166 retur.
312 3106 354 3167 Et
371 3107 528 3172 hactenus
553 3111 632 3172 hinc
652 3112 728 3173 inde
754 3111 993 3172 mundanorum
1010 3111 1178 3189 turbinum
1190 3112 1315 3194 procel·

167 3186 209 3248 lis
226 3191 477 3271 emergentibus,
491 3194 778 3276 diversissimisque
797 3195 1065 3276 occupationibus
1084 3193 1314 3277 ingruentiBus

166 3270 358 3354 praepediti,
383 3283 419 3334 ut
447 3286 681 3359 optaveramus,
708 3277 836 3338 efficere
862 3277 1132 3358 nequivissemus,
1165 3276 1234 3344 eius
1263 3277 1313 3338 rei

167 3353 268 3434 gratial
313 3364 403 3415 carto
429 3379 514 3420 anno
539 3358 667 3442 imperii
694 3360 809 3437 nostri,
837 3359 1002 3422 accersitis
1032 3359 1203 3430 nonnullis
1221 3359 1313 3441 Epis·

166 3435 266 3517 copis,
288 3376 479 3518 ¹lbbatibus,
499 3442 685 3519 Canonicis,
708 3452 742 3504 et
758 3440 937 3518 Monacbis,
958 3452 990 3502 et
1003 3441 1192 3517 Fidentes,
1215 3441 1311 3504 obtu-

166 3518 252 3578 tibus
274 3520 405 3598 nostris,
430 3525 612 3585 studuimus
627 3547 741 3586 eorum
771 3523 919 3600 consulta
947 3523 1146 3606 sagacissimd
1173 3524 1311 3586 investi-

164 3620 241 3693 gare
257 3599 668 3692 'inquisitione'qualiter
695 3607 877 3688 unicuique
912 3607 1030 3684 ordini,
1072 3606 1312 3670 Canonieorum

161 3681 319 3742 videlicet
335 3693 367 3744 et
385 3687 619 3750 Monachorum
643 3699 675 3751 et
699 3690 882 3765 Laicorum,
911 3689 1000 3752 iuxta
1021 3689 1110 3771 quod
1134 3689 1218 3756 ratio
1240 3689 1314 3752 dic..

160 3763 248 3830 tabat
267 3772 300 3822 et
322 3767 457 3832 facultas
475 3773 675 3855 suppetebat,
690 3775 763 3835 Deo
783 3793 878 3857 opem
904 3772 1030 3839 ferente
1053 3771 1312 3841 consuleremus.

159 3844 204 3907 Et
233 3847 390 3941 quoniam
414 3851 494 3922 licet
519 3875 615 3936 saepe
638 3855 679 3916 de
704 3863 791 3916 statu
823 3854 1045 3916 Ecclesiarum
1067 3863 1100 3916 et
1124 3854 1164 3914 de
1190 3853 1312 3922 ritibus

157 3936 334 4074 praeterito
353 3940 496 4016 tempore
516 3936 765 4014 ordinassemus,
783 3947 816 4000 et
832 3937 945 4004 Missos
969 3946 1094 4000 nostros
1118 3957 1178 4018 per
1193 3936 1309 4019 singu-

173 4031 190 4070 a
210 4010 282 4071 loca
297 4012 557 4096 destinassemus,
577 4020 635 4080 sed
664 4019 833 4082 invidente
857 4018 987 4080 diabolo
1021 4041 1082 4103 per
1105 4019 1313 4102 tyrannicam

155 4093 350 4174 pravitatem
366 4099 590 4182 praepeditum
608 4100 733 4178 fuisset,
750 4101 919 4186 oportebat
939 4111 976 4174 ut
994 4102 1057 4172 hoe
1077 4103 1204 4184 tempus
1217 4103 1311 4184 pacis

156 4175 324 4236 indultum
349 4180 388 4240 ad
416 4202 621 4244 communem
650 4193 778 4246 sanctae
803 4183 866 4246 Dei
899 4185 1065 4248 Ecclesiae
1092 4193 1124 4246 et
1160 4185 1305 4252 omnium

156 4267 340 4328 uestrorum
365 4262 539 4332 utilitatem
562 4264 835 4353 impenderemus,
865 4266 967 4336 tribus
999 4265 1156 4336 videlieet
1182 4267 1287 4340 modis
